<?xml version="1.0" encoding="UTF-8"?>
<!DOCTYPE html PUBLIC "-//W3C//DTD XHTML 1.0 Transitional//EN"
    "http://www.w3.org/TR/xhtml1/DTD/xhtml1-transitional.dtd">
<html xmlns="http://www.w3.org/1999/xhtml" xml:lang="en" lang="en">
 <head>
  <title>
</title>
<meta http-equiv="Content-Type" content="text/html;charset=utf-8" />
  <meta name='ocr-system' content='tesseract 3.04.00' />
  <meta name='ocr-capabilities' content='ocr_page ocr_carea ocr_par ocr_line ocrx_word'/>
</head>
<body>
  <div class='ocr_page' id='page_1' title='image "./fontesrerumgerm02hubegoog_0481.png"; bbox 0 0 3028 4878; ppageno 0'>
   <div class='ocr_carea' id='block_1_1' title="bbox 249 201 1047 297">
    <p class='ocr_par' dir='ltr' id='par_1_1' title="bbox 249 201 1047 297">
     <span class='ocr_line' id='line_1_1' title="bbox 249 201 1047 297; baseline 0.013 -27"><span class='ocrx_word' id='word_1_1' title='bbox 249 201 321 272; x_wconf 76' lang='lat' dir='ltr'><strong>utu</strong></span> <span class='ocrx_word' id='word_1_2' title='bbox 573 231 717 278; x_wconf 81' lang='lat' dir='ltr'><strong>ronnmrrs</strong></span> <span class='ocrx_word' id='word_1_3' title='bbox 736 229 946 278; x_wconf 84' lang='lat' dir='ltr'><strong>mcrommms.</strong></span> <span class='ocrx_word' id='word_1_4' title='bbox 981 227 1005 297; x_wconf 83' lang='lat' dir='ltr'><strong>a,</strong></span> <span class='ocrx_word' id='word_1_5' title='bbox 1023 229 1047 282; x_wconf 85' lang='grc'><strong>9.</strong></span> 
     </span>
    </p>
   </div>
   <div class='ocr_carea' id='block_1_2' title="bbox 164 367 1497 4309">
    <p class='ocr_par' dir='ltr' id='par_1_2' title="bbox 164 367 1497 4309">
     <span class='ocr_line' id='line_1_2' title="bbox 167 367 1391 462; baseline 0.002 -27"><span class='ocrx_word' id='word_1_6' title='bbox 167 373 438 460; x_wconf 78' lang='lat' dir='ltr'><strong>recoquebantur</strong></span> <span class='ocrx_word' id='word_1_7' title='bbox 472 367 564 457; x_wconf 92' lang='lat' dir='ltr'><strong>quod</strong></span> <span class='ocrx_word' id='word_1_8' title='bbox 599 387 673 438; x_wconf 88' lang='lat' dir='ltr'><strong>eam</strong></span> <span class='ocrx_word' id='word_1_9' title='bbox 708 369 954 461; x_wconf 81' lang='lat' dir='ltr'><strong>relinquerent,</strong></span> <span class='ocrx_word' id='word_1_10' title='bbox 989 376 1045 462; x_wconf 91' lang='lat' dir='ltr'><strong>ut,</strong></span> <span class='ocrx_word' id='word_1_11' title='bbox 1082 372 1112 439; x_wconf 91' lang='lat' dir='ltr'><strong>si</strong></span> <span class='ocrx_word' id='word_1_12' title='bbox 1136 368 1332 438; x_wconf 82' lang='lat' dir='ltr'><strong>floresceret</strong></span> <span class='ocrx_word' id='word_1_13' title='bbox 1357 376 1391 439; x_wconf 89' lang='lat' dir='ltr'><strong>et</strong></span> 
     </span>
     <span class='ocr_line' id='line_1_3' title="bbox 250 467 1390 559; baseline -0.002 -19"><span class='ocrx_word' id='word_1_14' title='bbox 250 473 391 540; x_wconf 80' lang='lat' dir='ltr'><strong>fructum</strong></span> <span class='ocrx_word' id='word_1_15' title='bbox 418 467 564 559; x_wconf 88' lang='lat' dir='ltr'><strong>iaceret,</strong></span> <span class='ocrx_word' id='word_1_16' title='bbox 591 468 770 538; x_wconf 87' lang='lat' dir='ltr'><strong>videretur.</strong></span> <span class='ocrx_word' id='word_1_17' title='bbox 804 469 885 537; x_wconf 87' lang='lat' dir='ltr'><strong>Erat</strong></span> <span class='ocrx_word' id='word_1_18' title='bbox 909 471 998 538; x_wconf 89' lang='lat' dir='ltr'><strong>enim</strong></span> <span class='ocrx_word' id='word_1_19' title='bbox 1031 469 1271 558; x_wconf 89' lang='lat' dir='ltr'><strong>aliquantulum</strong></span> <span class='ocrx_word' id='word_1_20' title='bbox 1299 469 1390 538; x_wconf 92' lang='lat' dir='ltr'><strong>arida</strong></span> 
     </span>
     <span class='ocr_line' id='line_1_4' title="bbox 250 566 1392 658; baseline -0.001 -20"><span class='ocrx_word' id='word_1_21' title='bbox 250 573 285 638; x_wconf 94' lang='lat' dir='ltr'><strong>in</strong></span> <span class='ocrx_word' id='word_1_22' title='bbox 312 568 509 638; x_wconf 73' lang='lat' dir='ltr'><strong>ramusculis</strong></span> <span class='ocrx_word' id='word_1_23' title='bbox 545 572 579 636; x_wconf 89' lang='lat' dir='ltr'><strong>et</strong></span> <span class='ocrx_word' id='word_1_24' title='bbox 598 566 752 637; x_wconf 86' lang='lat' dir='ltr'><strong>deflexa.</strong></span> <span class='ocrx_word' id='word_1_25' title='bbox 790 567 832 636; x_wconf 89' lang='lat' dir='ltr'><strong>Et</strong></span> <span class='ocrx_word' id='word_1_26' title='bbox 857 568 1021 637; x_wconf 88' lang='lat' dir='ltr'><strong>abeuntes</strong></span> <span class='ocrx_word' id='word_1_27' title='bbox 1052 588 1126 638; x_wconf 91' lang='lat' dir='ltr'><strong>eam</strong></span> <span class='ocrx_word' id='word_1_28' title='bbox 1150 569 1331 658; x_wconf 83' lang='lat' dir='ltr'><strong>persistere</strong></span> <span class='ocrx_word' id='word_1_29' title='bbox 1357 571 1392 637; x_wconf 93' lang='lat' dir='ltr'><strong>iu</strong></span> 
     </span>
     <span class='ocr_line' id='line_1_5' title="bbox 251 665 1390 756; baseline -0.003 -18"><span class='ocrx_word' id='word_1_30' title='bbox 251 688 313 738; x_wconf 90' lang='lat' dir='ltr'><strong>sua</strong></span> <span class='ocrx_word' id='word_1_31' title='bbox 337 666 521 737; x_wconf 90' lang='lat' dir='ltr'><strong>valitudine</strong></span> <span class='ocrx_word' id='word_1_32' title='bbox 547 667 779 756; x_wconf 89' lang='lat' dir='ltr'><strong>permiserunt.</strong></span> <span class='ocrx_word' id='word_1_33' title='bbox 813 665 854 750; x_wconf 87' lang='lat'><strong>0,</strong></span> <span class='ocrx_word' id='word_1_34' title='bbox 879 669 988 754; x_wconf 91' lang='lat' dir='ltr'><strong>inquit</strong></span> <span class='ocrx_word' id='word_1_35' title='bbox 1013 667 1056 737; x_wconf 90' lang='lat' dir='ltr'><strong>ad</strong></span> <span class='ocrx_word' id='word_1_36' title='bbox 1084 670 1196 737; x_wconf 89' lang='lat' dir='ltr'><strong>socios</strong></span> <span class='ocrx_word' id='word_1_37' title='bbox 1224 668 1277 734; x_wconf 90' lang='lat' dir='ltr'><strong>sui</strong></span> <span class='ocrx_word' id='word_1_38' title='bbox 1303 683 1390 735; x_wconf 90' lang='lat' dir='ltr'><strong>con-</strong></span> 
     </span>
     <span class='ocr_line' id='line_1_6' title="bbox 250 765 1391 858; baseline -0.002 -22"><span class='ocrx_word' id='word_1_39' title='bbox 250 768 410 858; x_wconf 90' lang='lat' dir='ltr'><strong>tubernii,</strong></span> <span class='ocrx_word' id='word_1_40' title='bbox 446 768 541 833; x_wconf 81' lang='lat' dir='ltr'><strong>timeo</strong></span> <span class='ocrx_word' id='word_1_41' title='bbox 575 766 736 832; x_wconf 84' lang='lat' dir='ltr'><strong>dominum</strong></span> <span class='ocrx_word' id='word_1_42' title='bbox 770 768 917 833; x_wconf 79' lang='lat' dir='ltr'><strong>nostrum</strong></span> <span class='ocrx_word' id='word_1_43' title='bbox 942 768 1057 834; x_wconf 84' lang='lat' dir='ltr'><strong>ducem</strong></span> <span class='ocrx_word' id='word_1_44' title='bbox 1083 767 1233 836; x_wconf 80' lang='lat' dir='ltr'><strong>ottonem</strong></span> <span class='ocrx_word' id='word_1_45' title='bbox 1259 785 1304 834; x_wconf 77' lang='lat' dir='ltr'><strong>ee</strong></span> <span class='ocrx_word' id='word_1_46' title='bbox 1329 765 1391 834; x_wconf 80' lang='lat' dir='ltr'><strong>boe</strong></span> 
     </span>
     <span class='ocr_line' id='line_1_7' title="bbox 250 862 1390 954; baseline -0.001 -19"><span class='ocrx_word' id='word_1_47' title='bbox 250 865 362 935; x_wconf 82' lang='lat' dir='ltr'><strong>seculo</strong></span> <span class='ocrx_word' id='word_1_48' title='bbox 379 865 516 933; x_wconf 79' lang='lat' dir='ltr'><strong>breuiter</strong></span> <span class='ocrx_word' id='word_1_49' title='bbox 534 865 754 946; x_wconf 79' lang='lat' dir='ltr'><strong>transiturum,</strong></span> <span class='ocrx_word' id='word_1_50' title='bbox 782 862 956 932; x_wconf 89' lang='lat' dir='ltr'><strong>disserens</strong></span> <span class='ocrx_word' id='word_1_51' title='bbox 978 868 1164 954; x_wconf 86' lang='lat' dir='ltr'><strong>sompnium</strong></span> <span class='ocrx_word' id='word_1_52' title='bbox 1180 864 1271 952; x_wconf 92' lang='lat' dir='ltr'><strong>quod</strong></span> <span class='ocrx_word' id='word_1_53' title='bbox 1290 866 1390 935; x_wconf 90' lang='lat' dir='ltr'><strong>vide-</strong></span> 
     </span>
     <span class='ocr_line' id='line_1_8' title="bbox 250 963 1395 1054; baseline -0.002 -20"><span class='ocrx_word' id='word_1_54' title='bbox 250 965 316 1034; x_wconf 89' lang='lat' dir='ltr'><strong>bat.</strong></span> <span class='ocrx_word' id='word_1_55' title='bbox 353 963 552 1050; x_wconf 79' lang='lat' dir='ltr'><strong>Quicunque</strong></span> <span class='ocrx_word' id='word_1_56' title='bbox 572 964 642 1030; x_wconf 91' lang='lat' dir='ltr'><strong>eius</strong></span> <span class='ocrx_word' id='word_1_57' title='bbox 662 964 887 1031; x_wconf 86' lang='lat' dir='ltr'><strong>coniecturam</strong></span> <span class='ocrx_word' id='word_1_58' title='bbox 910 964 1176 1054; x_wconf 89' lang='lat' dir='ltr'><strong>subsannaverit,</strong></span> <span class='ocrx_word' id='word_1_59' title='bbox 1205 964 1395 1032; x_wconf 83' lang='lat' dir='ltr'><strong>subsannet</strong></span> 
     </span>
     <span class='ocr_line' id='line_1_9' title="bbox 250 1061 1389 1152; baseline -0.002 -20"><span class='ocrx_word' id='word_1_60' title='bbox 250 1063 375 1152; x_wconf 91' lang='lat' dir='ltr'><strong>Ioseph</strong></span> <span class='ocrx_word' id='word_1_61' title='bbox 406 1081 478 1131; x_wconf 93' lang='lat' dir='ltr'><strong>cum</strong></span> <span class='ocrx_word' id='word_1_62' title='bbox 506 1061 662 1150; x_wconf 80' lang='lat' dir='ltr'><strong>Daniele,</strong></span> <span class='ocrx_word' id='word_1_63' title='bbox 691 1064 747 1148; x_wconf 94' lang='lat' dir='ltr'><strong>qui</strong></span> <span class='ocrx_word' id='word_1_64' title='bbox 773 1079 887 1147; x_wconf 91' lang='lat' dir='ltr'><strong>regum</strong></span> <span class='ocrx_word' id='word_1_65' title='bbox 916 1081 1017 1131; x_wconf 88' lang='lat' dir='ltr'><strong>casus</strong></span> <span class='ocrx_word' id='word_1_66' title='bbox 1045 1070 1078 1131; x_wconf 91' lang='lat' dir='ltr'><strong>et</strong></span> <span class='ocrx_word' id='word_1_67' title='bbox 1104 1069 1245 1133; x_wconf 86' lang='lat' dir='ltr'><strong>eventus</strong></span> <span class='ocrx_word' id='word_1_68' title='bbox 1273 1066 1389 1131; x_wconf 92' lang='lat' dir='ltr'><strong>iterum</strong></span> 
     </span>
     <span class='ocr_line' id='line_1_10' title="bbox 249 1159 1388 1249; baseline -0.001 -17"><span class='ocrx_word' id='word_1_69' title='bbox 249 1162 361 1232; x_wconf 91' lang='lat' dir='ltr'><strong>lucide</strong></span> <span class='ocrx_word' id='word_1_70' title='bbox 395 1159 585 1229; x_wconf 88' lang='lat' dir='ltr'><strong>huiusmodi</strong></span> <span class='ocrx_word' id='word_1_71' title='bbox 624 1161 812 1228; x_wconf 82' lang='lat' dir='ltr'><strong>visionibus</strong></span> <span class='ocrx_word' id='word_1_72' title='bbox 844 1163 1113 1249; x_wconf 80' lang='lat' dir='ltr'><strong>presagientibus</strong></span> <span class='ocrx_word' id='word_1_73' title='bbox 1149 1162 1388 1232; x_wconf 92' lang='lat' dir='ltr'><strong>dissolverunt.</strong></span> 
     </span>
     <span class='ocr_line' id='line_1_11' title="bbox 249 1258 1391 1348; baseline 0 -19"><span class='ocrx_word' id='word_1_74' title='bbox 249 1261 320 1330; x_wconf 88' lang='lat' dir='ltr'><strong>Rex</strong></span> <span class='ocrx_word' id='word_1_75' title='bbox 345 1258 502 1328; x_wconf 88' lang='lat' dir='ltr'><strong>Albertus</strong></span> <span class='ocrx_word' id='word_1_76' title='bbox 530 1276 591 1327; x_wconf 87' lang='lat' dir='ltr'><strong>sex</strong></span> <span class='ocrx_word' id='word_1_77' title='bbox 618 1259 702 1328; x_wconf 92' lang='lat' dir='ltr'><strong>lilios</strong></span> <span class='ocrx_word' id='word_1_78' title='bbox 729 1259 859 1347; x_wconf 80' lang='lat' dir='ltr'><strong>babuit3</strong></span> <span class='ocrx_word' id='word_1_79' title='bbox 888 1263 1036 1348; x_wconf 91' lang='lat' dir='ltr'><strong>quinque</strong></span> <span class='ocrx_word' id='word_1_80' title='bbox 1062 1263 1095 1329; x_wconf 93' lang='lat' dir='ltr'><strong>in</strong></span> <span class='ocrx_word' id='word_1_81' title='bbox 1123 1260 1242 1329; x_wconf 90' lang='lat' dir='ltr'><strong>llorida</strong></span> <span class='ocrx_word' id='word_1_82' title='bbox 1267 1263 1391 1329; x_wconf 90' lang='lat' dir='ltr'><strong>inven-</strong></span> 
     </span>
     <span class='ocr_line' id='line_1_12' title="bbox 250 1358 1391 1429; baseline 0 -1"><span class='ocrx_word' id='word_1_83' title='bbox 250 1364 321 1429; x_wconf 93' lang='lat' dir='ltr'><strong>tute</strong></span> <span class='ocrx_word' id='word_1_84' title='bbox 348 1359 390 1427; x_wconf 90' lang='lat' dir='ltr'><strong>de</strong></span> <span class='ocrx_word' id='word_1_85' title='bbox 417 1364 503 1426; x_wconf 91' lang='lat' dir='ltr'><strong>terra</strong></span> <span class='ocrx_word' id='word_1_86' title='bbox 530 1359 711 1427; x_wconf 91' lang='lat' dir='ltr'><strong>viventium</strong></span> <span class='ocrx_word' id='word_1_87' title='bbox 738 1365 816 1427; x_wconf 92' lang='lat' dir='ltr'><strong>sunt</strong></span> <span class='ocrx_word' id='word_1_88' title='bbox 843 1358 985 1428; x_wconf 89' lang='lat' dir='ltr'><strong>abscissi</strong></span> <span class='ocrx_word' id='word_1_89' title='bbox 1002 1361 1094 1429; x_wconf 87' lang='lat' dir='ltr'><strong>velut</strong></span> <span class='ocrx_word' id='word_1_90' title='bbox 1115 1360 1251 1428; x_wconf 88' lang='lat' dir='ltr'><strong>arbores</strong></span> <span class='ocrx_word' id='word_1_91' title='bbox 1279 1362 1391 1429; x_wconf 93' lang='lat' dir='ltr'><strong>vires-</strong></span> 
     </span>
     <span class='ocr_line' id='line_1_13' title="bbox 252 1455 1389 1547; baseline -0.001 -20"><span class='ocrx_word' id='word_1_92' title='bbox 252 1465 368 1528; x_wconf 87' lang='lat' dir='ltr'><strong>centes</strong></span> <span class='ocrx_word' id='word_1_93' title='bbox 376 1479 386 1545; x_wconf 84' lang='lat'><em>3</em></span> <span class='ocrx_word' id='word_1_94' title='bbox 412 1455 570 1525; x_wconf 86' lang='lat' dir='ltr'><strong>Albertus</strong></span> <span class='ocrx_word' id='word_1_95' title='bbox 597 1461 713 1525; x_wconf 87' lang='lat' dir='ltr'><strong>sextus</strong></span> <span class='ocrx_word' id='word_1_96' title='bbox 740 1463 923 1547; x_wconf 88' lang='lat' dir='ltr'><strong>superstes,</strong></span> <span class='ocrx_word' id='word_1_97' title='bbox 952 1460 1046 1527; x_wconf 91' lang='lat' dir='ltr'><strong>cuius</strong></span> <span class='ocrx_word' id='word_1_98' title='bbox 1074 1465 1224 1547; x_wconf 91' lang='lat' dir='ltr'><strong>tempora</strong></span> <span class='ocrx_word' id='word_1_99' title='bbox 1248 1459 1389 1546; x_wconf 93' lang='lat' dir='ltr'><strong>prolon-</strong></span> 
     </span>
     <span class='ocr_line' id='line_1_14' title="bbox 251 1557 1392 1645; baseline 0.002 -20"><span class='ocrx_word' id='word_1_100' title='bbox 251 1563 309 1644; x_wconf 87' lang='lat' dir='ltr'><strong>get</strong></span> <span class='ocrx_word' id='word_1_101' title='bbox 324 1558 432 1644; x_wconf 88' lang='lat' dir='ltr'><strong>gratia</strong></span> <span class='ocrx_word' id='word_1_102' title='bbox 454 1557 641 1645; x_wconf 89' lang='lat' dir='ltr'><strong>salvatoris,</strong></span> <span class='ocrx_word' id='word_1_103' title='bbox 667 1557 878 1644; x_wconf 89' lang='lat' dir='ltr'><strong>prestitutum</strong></span> <span class='ocrx_word' id='word_1_104' title='bbox 903 1557 967 1625; x_wconf 90' lang='lat' dir='ltr'><strong>sibi</strong></span> <span class='ocrx_word' id='word_1_105' title='bbox 991 1559 1163 1625; x_wconf 89' lang='lat' dir='ltr'><strong>terminum</strong></span> <span class='ocrx_word' id='word_1_106' title='bbox 1184 1557 1392 1645; x_wconf 89' lang='lat' dir='ltr'><strong>prestolavit.</strong></span> 
     </span>
     <span class='ocr_line' id='line_1_15' title="bbox 251 1654 1390 1746; baseline 0 -22"><span class='ocrx_word' id='word_1_107' title='bbox 251 1655 315 1736; x_wconf 84' lang='lat' dir='ltr'><strong>Qui</strong></span> <span class='ocrx_word' id='word_1_108' title='bbox 350 1659 435 1724; x_wconf 90' lang='lat' dir='ltr'><strong>sicut</strong></span> <span class='ocrx_word' id='word_1_109' title='bbox 468 1655 578 1746; x_wconf 86' lang='lat' dir='ltr'><strong>arbor,</strong></span> <span class='ocrx_word' id='word_1_110' title='bbox 615 1656 708 1722; x_wconf 91' lang='lat' dir='ltr'><strong>cuius</strong></span> <span class='ocrx_word' id='word_1_111' title='bbox 742 1654 864 1723; x_wconf 89' lang='lat' dir='ltr'><strong>radicis</strong></span> <span class='ocrx_word' id='word_1_112' title='bbox 900 1673 1015 1725; x_wconf 90' lang='lat' dir='ltr'><strong>semen</strong></span> <span class='ocrx_word' id='word_1_113' title='bbox 1040 1658 1075 1724; x_wconf 93' lang='lat' dir='ltr'><strong>in</strong></span> <span class='ocrx_word' id='word_1_114' title='bbox 1102 1662 1187 1724; x_wconf 88' lang='lat' dir='ltr'><strong>terra</strong></span> <span class='ocrx_word' id='word_1_115' title='bbox 1214 1656 1324 1724; x_wconf 88' lang='lat' dir='ltr'><strong>luerat</strong></span> <span class='ocrx_word' id='word_1_116' title='bbox 1348 1656 1390 1724; x_wconf 92' lang='lat' dir='ltr'><strong>ab</strong></span> 
     </span>
     <span class='ocr_line' id='line_1_16' title="bbox 251 1753 1390 1846; baseline -0.001 -23"><span class='ocrx_word' id='word_1_117' title='bbox 251 1755 395 1846; x_wconf 83' lang='lat' dir='ltr'><strong>angelis,</strong></span> <span class='ocrx_word' id='word_1_118' title='bbox 425 1756 480 1842; x_wconf 91' lang='lat' dir='ltr'><strong>qui</strong></span> <span class='ocrx_word' id='word_1_119' title='bbox 508 1771 619 1823; x_wconf 89' lang='lat' dir='ltr'><strong>curum</strong></span> <span class='ocrx_word' id='word_1_120' title='bbox 645 1753 813 1835; x_wconf 83' lang='lat' dir='ltr'><strong>bominum</strong></span> <span class='ocrx_word' id='word_1_121' title='bbox 838 1761 981 1846; x_wconf 86' lang='lat' dir='ltr'><strong>gerunt,</strong></span> <span class='ocrx_word' id='word_1_122' title='bbox 1008 1754 1221 1844; x_wconf 89' lang='lat' dir='ltr'><strong>derelictum,</strong></span> <span class='ocrx_word' id='word_1_123' title='bbox 1249 1753 1390 1824; x_wconf 76' lang='lat' dir='ltr'><strong>fructum</strong></span> 
     </span>
     <span class='ocr_line' id='line_1_17' title="bbox 250 1850 1390 1944; baseline -0.002 -22"><span class='ocrx_word' id='word_1_124' title='bbox 250 1855 360 1936; x_wconf 89' lang='lat' dir='ltr'><strong>attulit</strong></span> <span class='ocrx_word' id='word_1_125' title='bbox 385 1859 604 1941; x_wconf 85' lang='lat' dir='ltr'><strong>expectatum.</strong></span> <span class='ocrx_word' id='word_1_126' title='bbox 637 1850 789 1920; x_wconf 79' lang='lat' dir='ltr'><strong>Allectus</strong></span> <span class='ocrx_word' id='word_1_127' title='bbox 808 1854 895 1920; x_wconf 87' lang='lat' dir='ltr'><strong>enim</strong></span> <span class='ocrx_word' id='word_1_128' title='bbox 919 1869 1012 1944; x_wconf 91' lang='lat' dir='ltr'><strong>suus,</strong></span> <span class='ocrx_word' id='word_1_129' title='bbox 1040 1871 1138 1941; x_wconf 93' lang='lat' dir='ltr'><strong>quem</strong></span> <span class='ocrx_word' id='word_1_130' title='bbox 1159 1852 1287 1944; x_wconf 82' lang='lat' dir='ltr'><strong>alludit,</strong></span> <span class='ocrx_word' id='word_1_131' title='bbox 1315 1853 1390 1922; x_wconf 94' lang='lat' dir='ltr'><strong>dum</strong></span> 
     </span>
     <span class='ocr_line' id='line_1_18' title="bbox 252 1951 1390 2043; baseline 0 -23"><span class='ocrx_word' id='word_1_132' title='bbox 252 1958 443 2020; x_wconf 91' lang='lat' dir='ltr'><strong>sanctorum</strong></span> <span class='ocrx_word' id='word_1_133' title='bbox 477 1951 589 2020; x_wconf 90' lang='lat' dir='ltr'><strong>limina</strong></span> <span class='ocrx_word' id='word_1_134' title='bbox 620 1951 789 2041; x_wconf 88' lang='lat' dir='ltr'><strong>visitaret,</strong></span> <span class='ocrx_word' id='word_1_135' title='bbox 821 1969 931 2020; x_wconf 90' lang='lat' dir='ltr'><strong>coram</strong></span> <span class='ocrx_word' id='word_1_136' title='bbox 957 1951 1139 2043; x_wconf 91' lang='lat' dir='ltr'><strong>altissimo,</strong></span> <span class='ocrx_word' id='word_1_137' title='bbox 1174 1953 1390 2021; x_wconf 84' lang='lat' dir='ltr'><strong>ineffectum</strong></span> 
     </span>
     <span class='ocr_line' id='line_1_19' title="bbox 252 2048 1389 2140; baseline -0.002 -20"><span class='ocrx_word' id='word_1_138' title='bbox 252 2050 507 2120; x_wconf 87' lang='lat' dir='ltr'><strong>desiderabilem</strong></span> <span class='ocrx_word' id='word_1_139' title='bbox 541 2055 593 2117; x_wconf 91' lang='lat' dir='ltr'><strong>cst</strong></span> <span class='ocrx_word' id='word_1_140' title='bbox 624 2048 837 2138; x_wconf 90' lang='lat' dir='ltr'><strong>productus.&#39;</strong></span> <span class='ocrx_word' id='word_1_141' title='bbox 857 2050 895 2117; x_wconf 94' lang='lat' dir='ltr'><strong>ln</strong></span> <span class='ocrx_word' id='word_1_142' title='bbox 922 2052 1029 2140; x_wconf 89' lang='lat' dir='ltr'><strong>capite</strong></span> <span class='ocrx_word' id='word_1_143' title='bbox 1061 2053 1146 2120; x_wconf 92' lang='lat' dir='ltr'><strong>enim</strong></span> <span class='ocrx_word' id='word_1_144' title='bbox 1173 2051 1389 2120; x_wconf 86' lang='lat' dir='ltr'><strong>lalandamm</strong></span> 
     </span>
     <span class='ocr_line' id='line_1_20' title="bbox 170 2147 1390 2239; baseline 0.001 -22"><span class='ocrx_word' id='word_1_145' title='bbox 170 2173 234 2217; x_wconf 85' lang='lat' dir='ltr'><strong>nov.</strong></span> <span class='ocrx_word' id='word_1_146' title='bbox 251 2149 479 2219; x_wconf 87' lang='lat' dir='ltr'><strong>novembrium</strong></span> <span class='ocrx_word' id='word_1_147' title='bbox 505 2147 642 2217; x_wconf 90' lang='lat' dir='ltr'><strong>ducissa</strong></span> <span class='ocrx_word' id='word_1_148' title='bbox 665 2147 815 2216; x_wconf 91' lang='lat' dir='ltr'><strong>lobanna</strong></span> <span class='ocrx_word' id='word_1_149' title='bbox 828 2151 957 2237; x_wconf 89' lang='lat' dir='ltr'><strong>peperit</strong></span> <span class='ocrx_word' id='word_1_150' title='bbox 974 2151 1006 2217; x_wconf 88' lang='lat' dir='ltr'><strong>ei</strong></span> <span class='ocrx_word' id='word_1_151' title='bbox 1023 2149 1134 2239; x_wconf 85' lang='lat' dir='ltr'><strong>filium,</strong></span> <span class='ocrx_word' id='word_1_152' title='bbox 1162 2151 1219 2236; x_wconf 93' lang='lat' dir='ltr'><strong>qui</strong></span> <span class='ocrx_word' id='word_1_153' title='bbox 1232 2155 1390 2238; x_wconf 93' lang='lat' dir='ltr'><strong>tanquam</strong></span> 
     </span>
     <span class='ocr_line' id='line_1_21' title="bbox 195 2228 1389 2338; baseline 0 -21"><span class='ocrx_word' id='word_1_154' title='bbox 195 2228 209 2282; x_wconf 80' lang='lat'>¹</span> <span class='ocrx_word' id='word_1_155' title='bbox 251 2249 335 2318; x_wconf 90' lang='lat' dir='ltr'><strong>alter</strong></span> <span class='ocrx_word' id='word_1_156' title='bbox 361 2246 533 2317; x_wconf 82' lang='lat' dir='ltr'><strong>Samuele</strong></span> <span class='ocrx_word' id='word_1_157' title='bbox 554 2246 688 2316; x_wconf 94' lang='lat' dir='ltr'><strong>domino</strong></span> <span class='ocrx_word' id='word_1_158' title='bbox 715 2246 916 2338; x_wconf 91' lang='lat' dir='ltr'><strong>postulatus,</strong></span> <span class='ocrx_word' id='word_1_159' title='bbox 941 2246 1101 2318; x_wconf 89' lang='lat' dir='ltr'><strong>Rudolius</strong></span> <span class='ocrx_word' id='word_1_160' title='bbox 1119 2250 1296 2338; x_wconf 89' lang='lat' dir='ltr'><strong>vocitatus,</strong></span> <span class='ocrx_word' id='word_1_161' title='bbox 1322 2267 1389 2317; x_wconf 93' lang='lat' dir='ltr'><strong>no-</strong></span> 
     </span>
     <span class='ocr_line' id='line_1_22' title="bbox 251 2344 1497 2436; baseline 0.003 -20"><span class='ocrx_word' id='word_1_162' title='bbox 251 2365 328 2416; x_wconf 93' lang='lat' dir='ltr'><strong>men</strong></span> <span class='ocrx_word' id='word_1_163' title='bbox 353 2349 538 2436; x_wconf 92' lang='lat' dir='ltr'><strong>priscorum</strong></span> <span class='ocrx_word' id='word_1_164' title='bbox 572 2364 687 2432; x_wconf 86' lang='lat' dir='ltr'><strong>regum</strong></span> <span class='ocrx_word' id='word_1_165' title='bbox 714 2353 748 2414; x_wconf 92' lang='lat' dir='ltr'><strong>et</strong></span> <span class='ocrx_word' id='word_1_166' title='bbox 773 2344 894 2415; x_wconf 91' lang='lat' dir='ltr'><strong>ducum</strong></span> <span class='ocrx_word' id='word_1_167' title='bbox 919 2347 1018 2416; x_wconf 92' lang='lat' dir='ltr'><strong>buius</strong></span> <span class='ocrx_word' id='word_1_168' title='bbox 1046 2349 1206 2433; x_wconf 83' lang='lat' dir='ltr'><strong>germinis</strong></span> <span class='ocrx_word' id='word_1_169' title='bbox 1234 2354 1289 2433; x_wconf 92' lang='lat' dir='ltr'><strong>est</strong></span> <span class='ocrx_word' id='word_1_170' title='bbox 1314 2365 1390 2416; x_wconf 91' lang='lat' dir='ltr'><strong>sor·</strong></span> <span class='ocrx_word' id='word_1_171' title='bbox 1496 2403 1497 2420; x_wconf 39' lang='lat' dir='ltr'><strong>t</strong></span> 
     </span>
     <span class='ocr_line' id='line_1_23' title="bbox 251 2443 1390 2535; baseline -0.003 -21"><span class='ocrx_word' id='word_1_172' title='bbox 251 2448 341 2515; x_wconf 88' lang='lat' dir='ltr'><strong>titus.</strong></span> <span class='ocrx_word' id='word_1_173' title='bbox 374 2447 461 2514; x_wconf 88' lang='lat' dir='ltr'><strong>Huic</strong></span> <span class='ocrx_word' id='word_1_174' title='bbox 486 2443 574 2514; x_wconf 86' lang='lat' dir='ltr'><strong>sacto</strong></span> <span class='ocrx_word' id='word_1_175' title='bbox 601 2450 767 2513; x_wconf 90' lang='lat' dir='ltr'><strong>consonat</strong></span> <span class='ocrx_word' id='word_1_176' title='bbox 792 2445 967 2533; x_wconf 88' lang='lat' dir='ltr'><strong>prophetia</strong></span> <span class='ocrx_word' id='word_1_177' title='bbox 992 2445 1192 2535; x_wconf 87' lang='lat' dir='ltr'><strong>Ezechielis,</strong></span> <span class='ocrx_word' id='word_1_178' title='bbox 1220 2449 1277 2533; x_wconf 92' lang='lat' dir='ltr'><strong>qui</strong></span> <span class='ocrx_word' id='word_1_179' title='bbox 1298 2446 1390 2516; x_wconf 81' lang='lat' dir='ltr'><strong>dicit:</strong></span> 
     </span>
     <span class='ocr_line' id='line_1_24' title="bbox 252 2542 1386 2636; baseline -0.003 -22"><span class='ocrx_word' id='word_1_180' title='bbox 252 2545 349 2636; x_wconf 85' lang='lat' dir='ltr'><strong>„Ego</strong></span> <span class='ocrx_word' id='word_1_181' title='bbox 384 2543 537 2613; x_wconf 91' lang='lat' dir='ltr'><strong>dominus</strong></span> <span class='ocrx_word' id='word_1_182' title='bbox 572 2544 697 2612; x_wconf 89' lang='lat' dir='ltr'><strong>siccavi</strong></span> <span class='ocrx_word' id='word_1_183' title='bbox 722 2542 848 2628; x_wconf 90' lang='lat' dir='ltr'><strong>lignum</strong></span> <span class='ocrx_word' id='word_1_184' title='bbox 873 2543 994 2634; x_wconf 87' lang='lat' dir='ltr'><strong>viride,</strong></span> <span class='ocrx_word' id='word_1_185' title='bbox 1023 2551 1056 2612; x_wconf 94' lang='lat' dir='ltr'><strong>et</strong></span> <span class='ocrx_word' id='word_1_186' title='bbox 1081 2543 1297 2614; x_wconf 77' lang='lat' dir='ltr'><strong>frondescere</strong></span> <span class='ocrx_word' id='word_1_187' title='bbox 1324 2544 1386 2613; x_wconf 89' lang='lat' dir='ltr'><strong>ieci</strong></span> 
     </span>
     <span class='ocr_line' id='line_1_25' title="bbox 252 2639 1387 2730; baseline -0.002 -19"><span class='ocrx_word' id='word_1_188' title='bbox 252 2643 379 2730; x_wconf 85' lang='lat' dir='ltr'><strong>lignum</strong></span> <span class='ocrx_word' id='word_1_189' title='bbox 413 2639 574 2710; x_wconf 86' lang='lat' dir='ltr'><strong>aridum.“</strong></span> <span class='ocrx_word' id='word_1_190' title='bbox 613 2643 675 2710; x_wconf 94' lang='lat' dir='ltr'><strong>Pro</strong></span> <span class='ocrx_word' id='word_1_191' title='bbox 711 2641 814 2709; x_wconf 93' lang='lat' dir='ltr'><strong>tribus</strong></span> <span class='ocrx_word' id='word_1_192' title='bbox 848 2641 900 2710; x_wconf 91' lang='lat' dir='ltr'><strong>his</strong></span> <span class='ocrx_word' id='word_1_193' title='bbox 933 2643 1111 2712; x_wconf 90' lang='lat' dir='ltr'><strong>iuvenibus</strong></span> <span class='ocrx_word' id='word_1_194' title='bbox 1146 2642 1289 2713; x_wconf 90' lang='lat' dir='ltr'><strong>ducibus</strong></span> <span class='ocrx_word' id='word_1_195' title='bbox 1322 2649 1387 2712; x_wconf 91' lang='lat' dir='ltr'><strong>tota</strong></span> 
     </span>
     <span class='ocr_line' id='line_1_26' title="bbox 253 2738 1387 2830; baseline 0 -21"><span class='ocrx_word' id='word_1_196' title='bbox 253 2740 333 2810; x_wconf 91' lang='lat' dir='ltr'><strong>ditio</strong></span> <span class='ocrx_word' id='word_1_197' title='bbox 361 2741 543 2827; x_wconf 91' lang='lat' dir='ltr'><strong>gratulatur</strong></span> <span class='ocrx_word' id='word_1_198' title='bbox 569 2741 734 2830; x_wconf 76' lang='lat' dir='ltr'><strong>excitano,</strong></span> <span class='ocrx_word' id='word_1_199' title='bbox 762 2738 853 2827; x_wconf 92' lang='lat' dir='ltr'><strong>quod</strong></span> <span class='ocrx_word' id='word_1_200' title='bbox 868 2740 1011 2810; x_wconf 88' lang='lat' dir='ltr'><strong>herodes</strong></span> <span class='ocrx_word' id='word_1_201' title='bbox 1029 2741 1153 2810; x_wconf 87' lang='lat' dir='ltr'><strong>habere</strong></span> <span class='ocrx_word' id='word_1_202' title='bbox 1179 2745 1301 2811; x_wconf 92' lang='lat' dir='ltr'><strong>meruit</strong></span> <span class='ocrx_word' id='word_1_203' title='bbox 1324 2761 1387 2809; x_wconf 92' lang='lat' dir='ltr'><strong>na-</strong></span> 
     </span>
     <span class='ocr_line' id='line_1_27' title="bbox 252 2839 1387 2931; baseline 0.002 -23"><span class='ocrx_word' id='word_1_204' title='bbox 252 2840 397 2929; x_wconf 91' lang='lat' dir='ltr'><strong>turales,</strong></span> <span class='ocrx_word' id='word_1_205' title='bbox 424 2840 458 2906; x_wconf 93' lang='lat' dir='ltr'><strong>in</strong></span> <span class='ocrx_word' id='word_1_206' title='bbox 486 2839 606 2926; x_wconf 91' lang='lat' dir='ltr'><strong>quibus</strong></span> <span class='ocrx_word' id='word_1_207' title='bbox 641 2840 786 2907; x_wconf 93' lang='lat' dir='ltr'><strong>omnium</strong></span> <span class='ocrx_word' id='word_1_208' title='bbox 813 2856 926 2907; x_wconf 92' lang='lat' dir='ltr'><strong>eorum</strong></span> <span class='ocrx_word' id='word_1_209' title='bbox 951 2841 1193 2930; x_wconf 91' lang='lat' dir='ltr'><strong>principatuum</strong></span> <span class='ocrx_word' id='word_1_210' title='bbox 1218 2860 1300 2931; x_wconf 90' lang='lat' dir='ltr'><strong>spes</strong></span> <span class='ocrx_word' id='word_1_211' title='bbox 1326 2840 1387 2910; x_wconf 91' lang='lat' dir='ltr'><strong>de·</strong></span> 
     </span>
     <span class='ocr_line' id='line_1_28' title="bbox 253 2935 1229 3028; baseline 0.002 -22"><span class='ocrx_word' id='word_1_212' title='bbox 253 2937 388 3028; x_wconf 87' lang='lat' dir='ltr'><strong>pendet.</strong></span> <span class='ocrx_word' id='word_1_213' title='bbox 421 2935 475 3005; x_wconf 86' lang='lat' dir='ltr'><strong>Ad</strong></span> <span class='ocrx_word' id='word_1_214' title='bbox 503 2955 588 3024; x_wconf 91' lang='lat' dir='ltr'><strong>quos</strong></span> <span class='ocrx_word' id='word_1_215' title='bbox 615 2936 744 3022; x_wconf 86' lang='lat' dir='ltr'><strong>Virgilii</strong></span> <span class='ocrx_word' id='word_1_216' title='bbox 771 2955 891 3006; x_wconf 89' lang='lat' dir='ltr'><strong>versus</strong></span> <span class='ocrx_word' id='word_1_217' title='bbox 917 2939 1022 3028; x_wconf 91' lang='lat' dir='ltr'><strong>mitto,</strong></span> <span class='ocrx_word' id='word_1_218' title='bbox 1050 2941 1107 3027; x_wconf 93' lang='lat' dir='ltr'><strong>qui</strong></span> <span class='ocrx_word' id='word_1_219' title='bbox 1132 2939 1229 3008; x_wconf 90' lang='lat' dir='ltr'><strong>dicit:</strong></span> 
     </span>
     <span class='ocr_line' id='line_1_29' title="bbox 353 3035 1259 3130; baseline 0.008 -30"><span class='ocrx_word' id='word_1_220' title='bbox 353 3035 486 3126; x_wconf 85' lang='lat' dir='ltr'><strong>„Viuite</strong></span> <span class='ocrx_word' id='word_1_221' title='bbox 514 3035 641 3124; x_wconf 90' lang='lat' dir='ltr'><strong>leliccs,</strong></span> <span class='ocrx_word' id='word_1_222' title='bbox 669 3037 699 3102; x_wconf 91' lang='lat' dir='ltr'><strong>si</strong></span> <span class='ocrx_word' id='word_1_223' title='bbox 725 3035 806 3122; x_wconf 92' lang='lat' dir='ltr'><strong>quid</strong></span> <span class='ocrx_word' id='word_1_224' title='bbox 831 3054 906 3104; x_wconf 88' lang='lat' dir='ltr'><strong>mea</strong></span> <span class='ocrx_word' id='word_1_225' title='bbox 932 3038 1077 3106; x_wconf 89' lang='lat' dir='ltr'><strong>carmina</strong></span> <span class='ocrx_word' id='word_1_226' title='bbox 1102 3044 1259 3130; x_wconf 89' lang='lat' dir='ltr'><strong>possunt,</strong></span> 
     </span>
     <span class='ocr_line' id='line_1_30' title="bbox 378 3132 1273 3220; baseline 0.007 -20"><span class='ocrx_word' id='word_1_227' title='bbox 378 3132 477 3202; x_wconf 86' lang='lat' dir='ltr'><strong>Nulla</strong></span> <span class='ocrx_word' id='word_1_228' title='bbox 502 3133 574 3203; x_wconf 92' lang='lat' dir='ltr'><strong>dies</strong></span> <span class='ocrx_word' id='word_1_229' title='bbox 600 3151 747 3220; x_wconf 91' lang='lat' dir='ltr'><strong>unquam</strong></span> <span class='ocrx_word' id='word_1_230' title='bbox 772 3135 909 3203; x_wconf 88' lang='lat' dir='ltr'><strong>memori</strong></span> <span class='ocrx_word' id='word_1_231' title='bbox 934 3152 998 3204; x_wconf 92' lang='lat' dir='ltr'><strong>vos</strong></span> <span class='ocrx_word' id='word_1_232' title='bbox 1025 3137 1147 3205; x_wconf 84' lang='lat' dir='ltr'><strong>eximet</strong></span> <span class='ocrx_word' id='word_1_233' title='bbox 1172 3134 1273 3206; x_wconf 88' lang='lat' dir='ltr'><strong>evo.“</strong></span> 
     </span>
     <span class='ocr_line' id='line_1_31' title="bbox 164 3231 1493 3328; baseline -0.005 -17"><span class='ocrx_word' id='word_1_234' title='bbox 164 3269 245 3312; x_wconf 69' lang='lat' dir='ltr'><strong>urna.</strong></span> <span class='ocrx_word' id='word_1_235' title='bbox 328 3231 402 3301; x_wconf 90' lang='lat' dir='ltr'><strong>Hoc</strong></span> <span class='ocrx_word' id='word_1_236' title='bbox 419 3250 507 3301; x_wconf 91' lang='lat' dir='ltr'><strong>anno</strong></span> <span class='ocrx_word' id='word_1_237' title='bbox 530 3231 619 3321; x_wconf 93' lang='lat' dir='ltr'><strong>apud</strong></span> <span class='ocrx_word' id='word_1_238' title='bbox 643 3231 871 3321; x_wconf 84' lang='lat' dir='ltr'><strong>Franlreniurt,</strong></span> <span class='ocrx_word' id='word_1_239' title='bbox 898 3236 931 3302; x_wconf 94' lang='lat' dir='ltr'><strong>in</strong></span> <span class='ocrx_word' id='word_1_240' title='bbox 952 3233 1040 3303; x_wconf 85' lang='lat' dir='ltr'><strong>sesto</strong></span> <span class='ocrx_word' id='word_1_241' title='bbox 1059 3235 1253 3328; x_wconf 88' lang='lat' dir='ltr'><strong>Palmarum,</strong></span> <span class='ocrx_word' id='word_1_242' title='bbox 1282 3239 1389 3325; x_wconf 89' lang='lat' dir='ltr'><strong>impe·</strong></span> <span class='ocrx_word' id='word_1_243' title='bbox 1492 3287 1493 3294; x_wconf 16' lang='grc' dir='ltr'><strong>κ</strong></span> 
     </span>
     <span class='ocr_line' id='line_1_32' title="bbox 253 3331 1390 3425; baseline 0.004 -28"><span class='ocrx_word' id='word_1_244' title='bbox 253 3335 342 3399; x_wconf 89' lang='lat' dir='ltr'><strong>rator</strong></span> <span class='ocrx_word' id='word_1_245' title='bbox 367 3332 520 3399; x_wconf 91' lang='lat' dir='ltr'><strong>comitem</strong></span> <span class='ocrx_word' id='word_1_246' title='bbox 547 3331 667 3422; x_wconf 86' lang='lat' dir='ltr'><strong>Gelrie,</strong></span> <span class='ocrx_word' id='word_1_247' title='bbox 692 3332 796 3399; x_wconf 90' lang='lat' dir='ltr'><strong>virum</strong></span> <span class='ocrx_word' id='word_1_248' title='bbox 825 3331 960 3400; x_wconf 90' lang='lat' dir='ltr'><strong>divitem</strong></span> <span class='ocrx_word' id='word_1_249' title='bbox 986 3338 1020 3400; x_wconf 92' lang='lat' dir='ltr'><strong>et</strong></span> <span class='ocrx_word' id='word_1_250' title='bbox 1043 3339 1225 3425; x_wconf 90' lang='lat' dir='ltr'><strong>potentem,</strong></span> <span class='ocrx_word' id='word_1_251' title='bbox 1253 3335 1390 3404; x_wconf 91' lang='lat' dir='ltr'><strong>honoris</strong></span> 
     </span>
     <span class='ocr_line' id='line_1_33' title="bbox 253 3425 1492 3522; baseline 0.003 -24"><span class='ocrx_word' id='word_1_252' title='bbox 253 3428 381 3498; x_wconf 91' lang='lat' dir='ltr'><strong>ducalis</strong></span> <span class='ocrx_word' id='word_1_253' title='bbox 407 3425 502 3498; x_wconf 78' lang='lat' dir='ltr'><strong>titudo</strong></span> <span class='ocrx_word' id='word_1_254' title='bbox 528 3429 708 3498; x_wconf 88' lang='lat' dir='ltr'><strong>decoravit.</strong></span> <span class='ocrx_word' id='word_1_255' title='bbox 742 3429 804 3511; x_wconf 87' lang='lat' dir='ltr'><strong>Qui</strong></span> <span class='ocrx_word' id='word_1_256' title='bbox 828 3432 918 3516; x_wconf 85' lang='lat' dir='ltr'><strong>regis</strong></span> <span class='ocrx_word' id='word_1_257' title='bbox 938 3428 1061 3517; x_wconf 85' lang='lat' dir='ltr'><strong>Anglie</strong></span> <span class='ocrx_word' id='word_1_258' title='bbox 1088 3451 1238 3502; x_wconf 92' lang='lat' dir='ltr'><strong>sororem</strong></span> <span class='ocrx_word' id='word_1_259' title='bbox 1265 3434 1386 3522; x_wconf 90' lang='lat' dir='ltr'><strong>babuit,</strong></span> <span class='ocrx_word' id='word_1_260' title='bbox 1491 3483 1492 3502; x_wconf 59' lang='lat'><em>2</em></span> 
     </span>
     <span class='ocr_line' id='line_1_34' title="bbox 253 3528 1386 3621; baseline 0.001 -24"><span class='ocrx_word' id='word_1_261' title='bbox 253 3533 288 3597; x_wconf 89' lang='lat' dir='ltr'><strong>et</strong></span> <span class='ocrx_word' id='word_1_262' title='bbox 312 3530 346 3596; x_wconf 93' lang='lat' dir='ltr'><strong>in</strong></span> <span class='ocrx_word' id='word_1_263' title='bbox 372 3545 479 3615; x_wconf 85' lang='lat' dir='ltr'><strong>regno</strong></span> <span class='ocrx_word' id='word_1_264' title='bbox 514 3528 624 3596; x_wconf 92' lang='lat' dir='ltr'><strong>clarus</strong></span> <span class='ocrx_word' id='word_1_265' title='bbox 658 3528 779 3597; x_wconf 91' lang='lat' dir='ltr'><strong>clarior</strong></span> <span class='ocrx_word' id='word_1_266' title='bbox 814 3535 866 3596; x_wconf 89' lang='lat' dir='ltr'><strong>est</strong></span> <span class='ocrx_word' id='word_1_267' title='bbox 899 3529 1055 3621; x_wconf 85' lang='lat' dir='ltr'><strong>allectus,</strong></span> <span class='ocrx_word' id='word_1_268' title='bbox 1082 3537 1120 3598; x_wconf 94' lang='lat' dir='ltr'><strong>ut</strong></span> <span class='ocrx_word' id='word_1_269' title='bbox 1144 3531 1288 3601; x_wconf 88' lang='lat' dir='ltr'><strong>heredes</strong></span> <span class='ocrx_word' id='word_1_270' title='bbox 1316 3535 1386 3600; x_wconf 91' lang='lat' dir='ltr'><strong>eius</strong></span> 
     </span>
     <span class='ocr_line' id='line_1_35' title="bbox 251 3627 1388 3716; baseline 0.001 -20"><span class='ocrx_word' id='word_1_271' title='bbox 251 3628 409 3714; x_wconf 86' lang='lat' dir='ltr'><strong>sanguini</strong></span> <span class='ocrx_word' id='word_1_272' title='bbox 430 3629 495 3696; x_wconf 89' lang='lat' dir='ltr'><strong>iam</strong></span> <span class='ocrx_word' id='word_1_273' title='bbox 516 3627 666 3716; x_wconf 91' lang='lat' dir='ltr'><strong>preclaro</strong></span> <span class='ocrx_word' id='word_1_274' title='bbox 681 3629 857 3715; x_wconf 93' lang='lat' dir='ltr'><strong>propinqui</strong></span> <span class='ocrx_word' id='word_1_275' title='bbox 876 3633 910 3696; x_wconf 93' lang='lat' dir='ltr'><strong>et</strong></span> <span class='ocrx_word' id='word_1_276' title='bbox 934 3629 1001 3716; x_wconf 94' lang='lat' dir='ltr'><strong>ipsi</strong></span> <span class='ocrx_word' id='word_1_277' title='bbox 1028 3629 1253 3698; x_wconf 88' lang='lat' dir='ltr'><strong>clarescerent</strong></span> <span class='ocrx_word' id='word_1_278' title='bbox 1279 3633 1314 3698; x_wconf 93' lang='lat' dir='ltr'><strong>in</strong></span> <span class='ocrx_word' id='word_1_279' title='bbox 1330 3647 1388 3699; x_wconf 92' lang='lat' dir='ltr'><strong>se-</strong></span> 
     </span>
     <span class='ocr_line' id='line_1_36' title="bbox 252 3725 1477 3814; baseline 0 -20"><span class='ocrx_word' id='word_1_280' title='bbox 252 3726 317 3795; x_wconf 91' lang='lat' dir='ltr'><strong>culi</strong></span> <span class='ocrx_word' id='word_1_281' title='bbox 344 3725 517 3812; x_wconf 86' lang='lat' dir='ltr'><strong>dignitate.</strong></span> <span class='ocrx_word' id='word_1_282' title='bbox 550 3725 678 3797; x_wconf 86' lang='lat' dir='ltr'><strong>Eodem</strong></span> <span class='ocrx_word' id='word_1_283' title='bbox 703 3730 851 3814; x_wconf 89' lang='lat' dir='ltr'><strong>tempore</strong></span> <span class='ocrx_word' id='word_1_284' title='bbox 874 3726 1044 3796; x_wconf 90' lang='lat' dir='ltr'><strong>lohannes</strong></span> <span class='ocrx_word' id='word_1_285' title='bbox 1063 3746 1121 3797; x_wconf 88' lang='lat' dir='ltr'><strong>rex</strong></span> <span class='ocrx_word' id='word_1_286' title='bbox 1137 3729 1298 3798; x_wconf 88' lang='lat' dir='ltr'><strong>Bobemie</strong></span> <span class='ocrx_word' id='word_1_287' title='bbox 1322 3729 1385 3796; x_wconf 92' lang='lat' dir='ltr'><strong>ibi-</strong></span> <span class='ocrx_word' id='word_1_288' title='bbox 1475 3778 1477 3788; x_wconf 93' lang='lat'><em>.</em></span> 
     </span>
     <span class='ocr_line' id='line_1_37' title="bbox 254 3821 1384 3916; baseline 0 -22"><span class='ocrx_word' id='word_1_289' title='bbox 254 3824 329 3894; x_wconf 91' lang='lat' dir='ltr'><strong>dem</strong></span> <span class='ocrx_word' id='word_1_290' title='bbox 355 3826 397 3894; x_wconf 88' lang='lat' dir='ltr'><strong>ab</strong></span> <span class='ocrx_word' id='word_1_291' title='bbox 423 3826 620 3914; x_wconf 88' lang='lat' dir='ltr'><strong>imperatore</strong></span> <span class='ocrx_word' id='word_1_292' title='bbox 647 3821 747 3892; x_wconf 86' lang='lat' dir='ltr'><strong>leuda</strong></span> <span class='ocrx_word' id='word_1_293' title='bbox 772 3842 834 3893; x_wconf 89' lang='lat' dir='ltr'><strong>sua</strong></span> <span class='ocrx_word' id='word_1_294' title='bbox 854 3827 1012 3916; x_wconf 88' lang='lat' dir='ltr'><strong>suscepit,</strong></span> <span class='ocrx_word' id='word_1_295' title='bbox 1040 3829 1097 3914; x_wconf 92' lang='lat' dir='ltr'><strong>qui</strong></span> <span class='ocrx_word' id='word_1_296' title='bbox 1122 3828 1265 3896; x_wconf 91' lang='lat' dir='ltr'><strong>invicem</strong></span> <span class='ocrx_word' id='word_1_297' title='bbox 1293 3843 1384 3896; x_wconf 88' lang='lat' dir='ltr'><strong>com-</strong></span> 
     </span>
     <span class='ocr_line' id='line_1_38' title="bbox 253 3925 1268 4013; baseline 0.004 -21"><span class='ocrx_word' id='word_1_298' title='bbox 253 3929 383 4013; x_wconf 92' lang='lat' dir='ltr'><strong>pactam</strong></span> <span class='ocrx_word' id='word_1_299' title='bbox 411 3925 583 3993; x_wconf 91' lang='lat' dir='ltr'><strong>amicitiam</strong></span> <span class='ocrx_word' id='word_1_300' title='bbox 609 3925 643 3991; x_wconf 92' lang='lat' dir='ltr'><strong>in</strong></span> <span class='ocrx_word' id='word_1_301' title='bbox 668 3928 840 4010; x_wconf 89' lang='lat' dir='ltr'><strong>postemm</strong></span> <span class='ocrx_word' id='word_1_302' title='bbox 868 3925 981 4013; x_wconf 92' lang='lat' dir='ltr'><strong>sepius</strong></span> <span class='ocrx_word' id='word_1_303' title='bbox 1012 3927 1268 3996; x_wconf 88' lang='lat' dir='ltr'><strong>suscitaverunt.</strong></span> 
     </span>
     <span class='ocr_line' id='line_1_39' title="bbox 184 4019 1383 4110; baseline -0.006 -14"><span class='ocrx_word' id='word_1_304' title='bbox 184 4056 235 4096; x_wconf 81' lang='lat' dir='ltr'><strong>mr</strong></span> <span class='ocrx_word' id='word_1_305' title='bbox 327 4021 454 4091; x_wconf 87' lang='lat' dir='ltr'><strong>Eodem</strong></span> <span class='ocrx_word' id='word_1_306' title='bbox 473 4041 562 4092; x_wconf 89' lang='lat' dir='ltr'><strong>anno</strong></span> <span class='ocrx_word' id='word_1_307' title='bbox 579 4020 737 4091; x_wconf 88' lang='lat' dir='ltr'><strong>Albertus</strong></span> <span class='ocrx_word' id='word_1_308' title='bbox 764 4019 832 4090; x_wconf 87' lang='lat' dir='ltr'><strong>dux</strong></span> <span class='ocrx_word' id='word_1_309' title='bbox 858 4023 1058 4110; x_wconf 85' lang='lat' dir='ltr'><strong>colloquium</strong></span> <span class='ocrx_word' id='word_1_310' title='bbox 1085 4024 1201 4093; x_wconf 90' lang='lat' dir='ltr'><strong>babuit</strong></span> <span class='ocrx_word' id='word_1_311' title='bbox 1226 4043 1298 4093; x_wconf 93' lang='lat' dir='ltr'><strong>cum</strong></span> <span class='ocrx_word' id='word_1_312' title='bbox 1323 4024 1383 4090; x_wconf 93' lang='lat' dir='ltr'><strong>im-</strong></span> 
     </span>
     <span class='ocr_line' id='line_1_40' title="bbox 252 4120 1382 4214; baseline -0.003 -26"><span class='ocrx_word' id='word_1_313' title='bbox 252 4128 406 4210; x_wconf 87' lang='lat' dir='ltr'><strong>peratore</strong></span> <span class='ocrx_word' id='word_1_314' title='bbox 438 4139 541 4210; x_wconf 90' lang='lat' dir='ltr'><strong>prope</strong></span> <span class='ocrx_word' id='word_1_315' title='bbox 572 4120 697 4210; x_wconf 78' lang='lat' dir='ltr'><strong>HalliS,</strong></span> <span class='ocrx_word' id='word_1_316' title='bbox 731 4121 886 4189; x_wconf 90' lang='lat' dir='ltr'><strong>territorii</strong></span> <span class='ocrx_word' id='word_1_317' title='bbox 922 4121 1222 4214; x_wconf 89' lang='lat' dir='ltr'><strong>Salczburgensis,</strong></span> <span class='ocrx_word' id='word_1_318' title='bbox 1255 4125 1289 4191; x_wconf 93' lang='lat' dir='ltr'><strong>in</strong></span> <span class='ocrx_word' id='word_1_319' title='bbox 1322 4133 1382 4208; x_wconf 93' lang='lat' dir='ltr'><strong>quc</strong></span> 
     </span>
     <span class='ocr_line' id='line_1_41' title="bbox 252 4217 1381 4309; baseline 0.001 -25"><span class='ocrx_word' id='word_1_320' title='bbox 252 4220 338 4286; x_wconf 91' lang='lat' dir='ltr'><strong>inter</strong></span> <span class='ocrx_word' id='word_1_321' title='bbox 364 4218 428 4286; x_wconf 86' lang='lat' dir='ltr'><strong>alia</strong></span> <span class='ocrx_word' id='word_1_322' title='bbox 455 4217 522 4288; x_wconf 88' lang='lat' dir='ltr'><strong>dux</strong></span> <span class='ocrx_word' id='word_1_323' title='bbox 547 4219 704 4288; x_wconf 90' lang='lat' dir='ltr'><strong>Heinrioo</strong></span> <span class='ocrx_word' id='word_1_324' title='bbox 731 4219 867 4309; x_wconf 90' lang='lat' dir='ltr'><strong>presuli,</strong></span> <span class='ocrx_word' id='word_1_325' title='bbox 895 4218 936 4288; x_wconf 92' lang='lat' dir='ltr'><strong>de</strong></span> <span class='ocrx_word' id='word_1_326' title='bbox 965 4221 1055 4290; x_wconf 91' lang='lat' dir='ltr'><strong>curia</strong></span> <span class='ocrx_word' id='word_1_327' title='bbox 1083 4224 1216 4293; x_wconf 88' lang='lat' dir='ltr'><strong>noviter</strong></span> <span class='ocrx_word' id='word_1_328' title='bbox 1242 4224 1304 4291; x_wconf 93' lang='lat' dir='ltr'><strong>iam</strong></span> <span class='ocrx_word' id='word_1_329' title='bbox 1329 4234 1381 4286; x_wconf 89' lang='lat' dir='ltr'><strong>re-</strong></span> 
     </span>
    </p>
   </div>
   <div class='ocr_carea' id='block_1_3' title="bbox 0 0 1520 4878">
    <p class='ocr_par' dir='ltr' id='par_1_3' title="bbox 0 0 1520 4878">
     <span class='ocr_line' id='line_1_42' title="bbox 0 0 1520 4878; baseline 0 0"><span class='ocrx_word' id='word_1_330' title='bbox 0 0 1520 4878; x_wconf 95' lang='lat' dir='ltr'><strong> </strong></span> 
     </span>
    </p>
   </div>
  </div>
 </body>
</html>
