3028 4878
257 195 332 264 dli
631 223 759 270 urcunru
780 221 1012 268 uunrrrcusrsrs.

251 363 448 452 bipolenses
476 377 557 428 suos
584 357 702 428 domos
729 360 851 429 ibidem
870 359 1026 428 demone
1052 355 1273 425 incenderunt
1299 362 1398 427 etse

251 463 346 551 ipsos
375 478 415 528 ac
440 458 773 528 suaecmbusserunt
798 461 831 525 in
859 459 920 548 oio,
947 474 1008 545 per
1034 458 1234 524 sententiam
1261 455 1403 543 quidem

251 562 286 628 in
299 560 423 627 iudicio
442 558 588 626 seculari
604 557 727 626 ibidem
744 563 921 646 propterea
938 555 1172 643 condempnati
1189 554 1231 621 ad
1247 561 1398 624 mortem.

170 677 237 733 tera
326 656 425 725 Anno
460 657 585 724 domini
618 655 820 725 m.cco.rl.ix.
852 656 1013 722 vicesima
1047 653 1102 722 die
1128 654 1254 722 mensis
1282 653 1398 741 aprilis

171 763 230 868 *2¹²3
252 757 485 825 nichilominus
504 762 614 824 tamen
631 762 731 822 autea
756 760 789 821 et
806 760 926 841 postea
942 752 1061 821 eodem
1078 770 1166 820 anno
1183 751 1277 819 ludei
1299 753 1401 820 etiam

253 855 296 925 ob
323 855 387 924 boc
412 857 446 921 in
472 854 621 942 partibus
637 852 721 921 lleni
737 850 871 920 Alsacre
887 852 1021 920 Suevie
1041 852 1192 918 Bouario
1215 850 1398 936 'thuringie

251 953 402 1022 Missene
430 945 630 1021 Orientalie¹
656 953 805 1019 Buconie
826 957 858 1017 et
880 951 1066 1034 branconie
1088 954 1121 1016 et
1148 950 1243 1036 quasi
1261 966 1323 1037 per
1341 955 1401 1017 to-

253 1058 318 1121 tam
345 1052 565 1120 'theutoniam
591 1049 725 1120 luerunt
749 1050 947 1138 interempti.

252 1239 306 1308 De
331 1258 451 1326 mcpno
477 1241 510 1304 et
533 1239 630 1324 quusi
654 1239 831 1306 emananti
850 1237 1005 1325 periculo
1031 1237 1219 1304 vinetorum.

327 1368 426 1439 Anno
453 1370 578 1439 domini
604 1371 807 1440 mcccxlix.
834 1371 1055 1440 decimanona
1081 1376 1115 1438 et
1132 1367 1400 1455 vicesimaprima

253 1468 372 1537 diebus
399 1472 527 1538 mensis
554 1472 666 1558 aprilis
695 1477 842 1558 tempore
870 1487 990 1538 aurore
1016 1474 1050 1537 et
1076 1473 1152 1536 ante
1180 1473 1286 1535 ortum
1313 1464 1400 1534 solis

252 1570 363 1636 vineta
382 1570 478 1655 quasi
500 1571 610 1638 omnia
630 1570 664 1637 in
682 1569 867 1640 Franconia
887 1575 920 1638 et
941 1568 1019 1637 alibi
1043 1584 1104 1655 per
1131 1565 1400 1635 combustionem

251 1664 386 1754 trigoris
412 1669 589 1756 perierunt.

253 1851 305 1923 De
328 1858 404 1923 orte
430 1859 465 1924 et
488 1873 614 1924 coccae
636 1855 881 1943 flopcltotormn
906 1855 1067 1922 dictorum
1094 1853 1277 1942 Gepsoeler.

177 2007 230 2047 nn
327 1982 426 2054 Anno
445 1985 571 2056 domini
589 1989 765 2056 millesimo
784 1986 942 2055 coculis.
964 1992 1060 2055 sexto
1079 2003 1187 2054 nouas
1203 1985 1280 2053 maii
1302 2002 1403 2070 quam

196 2061 213 2113 ²
253 2082 367 2172 plures
404 2091 536 2151 centum
569 2086 815 2175 flagellatores,
850 2085 929 2153 dicti
957 2085 1115 2173 Geysler,
1144 2102 1216 2151 cum
1245 2082 1402 2152 crucibus

253 2182 311 2249 mit
330 2200 418 2249 rann
440 2182 482 2250 de
499 2183 637 2252 Polonia
657 2184 810 2253 Missena
831 2190 865 2252 et
890 2183 1073 2270 thuringia
1098 2184 1287 2270 venientes,
1313 2198 1401 2268 pro·
1510 2225 1511 2228 η

147 2301 149 2306 ’
253 2279 486 2350 cessionaliter
510 2280 716 2371 Herbipoiim
742 2283 847 2372 proch
878 2282 975 2352 dolor
1007 2283 1232 2370 intraverunt,
1258 2281 1401 2368 partici-

252 2384 372 2467 pantes
399 2376 517 2447 saltem
545 2380 703 2451 ductores
721 2387 754 2449 et
771 2380 926 2449 doctores
952 2399 1063 2469 ymmo
1090 2381 1202 2448 verius
1232 2377 1416 2446 seducto-¹

253 2495 307 2545 res
335 2496 449 2545 eorum
475 2497 549 2546 cum
576 2488 670 2547 secta
689 2486 723 2548 et
741 2479 908 2548 erroribus
936 2479 1182 2566 beghardorum
1212 2479 1311 2544 etiam
1333 2476 1401 2544 he-

253 2577 472 2667 retizantium,
498 2581 674 2666 presertim
700 2596 883 2667 pauperum
910 2578 952 2647 de
977 2578 1156 2664 Lugduno.
1191 2573 1322 2644 Deinde
1342 2573 1399 2642 die

253 2677 351 2742 tertia
377 2674 581 2763 Herbipoiim
608 2679 790 2745 exiverunt.
830 2676 978 2745 Subinde
1005 2676 1217 2764 quamplures
1252 2674 1308 2742 alii
1334 2691 1399 2740 su-

252 2774 494 2860 perveniebant
518 2774 649 2844 ibidem.
689 2775 827 2863 Propter
852 2774 1093 2843 multitudinem
1121 2773 1254 2860 quidem
1282 2789 1398 2841 eorum

253 2875 334 2938 tunc
360 2878 459 2939 antea
485 2875 518 2938 et
543 2880 664 2960 postea
688 2874 734 2942 ibi
761 2880 794 2940 et
819 2872 899 2940 alibi
925 2875 1053 2963 partiti,
1088 2891 1127 2940 ao
1153 2872 1231 2940 hino
1258 2877 1293 2938 et
1317 2870 1398 2938 inde
1509 2945 1510 2970 p

253 2967 406 3056 dispersi.
450 2969 550 3037 Tales
586 2989 719 3059 quoque
755 2976 789 3040 et
826 2971 939 3059 plures
981 2973 1070 3040 circa
1108 2989 1229 3039 annum
1271 2969 1397 3038 domini

253 3066 438 3136 m.cc.lx.iii.
465 3069 563 3135 etiam
588 3070 622 3136 in
649 3070 799 3158 partibus
827 3069 1014 3140 lbeutonie
1047 3069 1124 3138 binc
1149 3074 1183 3137 et
1207 3067 1287 3137 inde
1314 3068 1394 3137 lue-

252 3170 327 3232 runt
354 3166 441 3235 sicut
459 3168 657 3257 aprincipio
684 3169 909 3258 acceptissimi
936 3171 982 3236 ita
997 3170 1031 3235 in
1046 3167 1111 3236 line
1138 3166 1397 3254 despectissimi.

253 3262 401 3331 Tandem
418 3282 487 3332 non
504 3265 607 3334 multo
625 3274 772 3356 ternpore
794 3266 953 3336 durantes
971 3266 1205 3355 disparuerunt
1218 3267 1253 3332 in
1270 3265 1395 3354 Enoor,

253 3366 287 3428 et
306 3369 509 3429 evanuerunt
527 3364 693 3433 erroribus
716 3370 749 3434 et
769 3365 1020 3434 enormitatibus
1043 3363 1224 3432 eorundem
1244 3364 1396 3433 detectis,

252 3455 460 3545 Quocunque
487 3479 631 3549 namque
659 3470 753 3532 secta
780 3466 852 3532 sive
878 3466 945 3531 vita
973 3469 1087 3532 contro
1114 3481 1176 3531 scu
1201 3469 1313 3550 preter
1336 3481 1395 3532 or·
1508 3487 1509 3500 ¹

253 3556 463 3626 dinocionem
489 3561 689 3629 universalis
717 3563 864 3631 ecclesie
891 3562 1058 3630 katholico
1086 3568 1301 3630 sacrosancte
1322 3559 1395 3629 Ro-

253 3674 350 3724 mane
385 3659 557 3746 inserpere
594 3677 807 3749 erumpereve
833 3661 1011 3749 presumit,
1040 3659 1223 3728 secundum
1257 3659 1395 3728 ordina-

251 3755 379 3823 cionem
398 3757 505 3844 ipsius
521 3757 668 3825 ecclesie
686 3760 803 3826 merito
821 3761 992 3827 evanescit
1008 3757 1120 3826 debite
1139 3756 1393 3848 condempnata.

251 3852 432 3943 Propterea
465 3857 570 3922 eciam
605 3856 699 3943 ipsos
737 3856 963 3942 flagellatores
989 3855 1167 3924 modernos
1193 3857 1227 3922 in
1254 3855 1393 3923 Potonia

249 3951 410 4020 Bobernie
444 3952 593 4038 Ungario
625 3950 760 4022 Austria
792 3954 939 4022 Saxonia
965 3955 1146 4040 thuringia
1171 3952 1336 4041 Myssena
1361 3957 1394 4020 et

250 4049 283 4117 in
311 4050 422 4120 multis
449 4051 524 4118 aliis
550 4050 664 4119 mundi
692 4052 840 4140 portibus
866 4054 1009 4122 inventis
1036 4052 1169 4140 qudem
1189 4069 1302 4121 eorum
1328 4052 1391 4119 he·
1507 4097 1508 4108 t

285 4209 315 4272 l)
334 4209 380 4263 das
399 4209 537 4288 Osterland
556 4210 622 4268 wird
639 4214 755 4283 gemeiot
772 4214 836 4267 sein.
