3044 4882
262 183 335 254 36⁶2
601 216 744 262 rorrnurrrs
766 215 978 261 rrrronrarsrs.
1013 217 1037 280 a,
1057 214 1080 266 3.

179 365 247 420 raro
262 352 372 442 lulium,
400 352 442 421 de
468 354 662 422 investitura
689 360 774 424 terre
793 373 865 444 suc,
893 374 958 443 que
980 353 1237 426 adhncherebal
1256 355 1290 421 in
1306 371 1390 442 pen·

261 451 350 541 dulc,
377 454 543 540 promissa
564 455 731 541 recipiens
749 455 966 545 certitudinis
992 462 1086 544 patre
1107 472 1181 522 eum
1205 461 1390 541 revocante,

260 550 379 619 dolens
407 558 440 619 et
464 554 602 641 anxius,
637 551 726 639 quod
754 555 919 622 avunculo
947 555 1071 624 adesse
1097 571 1165 622 non
1192 551 1324 642 debuit,
1350 553 1391 620 ad

258 651 393 740 propria
420 657 473 718 est
504 669 671 721 reversus,
705 650 769 733 Qui
794 655 924 721 iuvenis
951 654 1102 742 pulcher,
1129 670 1230 721 aurea
1255 653 1391 740 cesarie,
1505 679 1506 702 t

259 757 402 818 venusta
428 748 523 840 lacie,
549 770 617 820 uno
645 750 835 820 claudicans
862 753 967 841 pede,
995 771 1061 823 non
1089 752 1192 838 longe
1219 756 1394 839 postquam

260 848 370 936 rediit,
398 868 503 937 propo
534 851 700 918 civitatem
727 850 962 938 liptzlrcnsom
988 854 1021 920 in
1047 852 1218 941 provincia
1245 868 1394 937 suaque

260 945 430 1016 Osterlant
455 949 591 1039 dicitnr,
619 967 866 1037 superaquam
893 969 958 1038 que
985 952 1099 1020 Alstra
1124 954 1283 1037 vocatur,
1311 950 1396 1016 circa

258 1047 557 1135 longumpontem
584 1047 781 1138 confoditur,
810 1056 843 1117 et
870 1052 1003 1118 moritur
1029 1053 1062 1118 in
1089 1055 1268 1117 momento.
1304 1047 1396 1115 Cou-

260 1163 335 1215 sors
369 1146 515 1214 Heinrioi
550 1147 666 1236 Anna,
701 1165 787 1236 eque
818 1151 910 1235 ragis
936 1151 1158 1219 Bohcmorum
1186 1147 1396 1215 Wenczeslai

260 1245 336 1336 filia,
364 1244 406 1313 ad
423 1244 528 1334 pedes
541 1243 732 1333 Moguntini
748 1249 892 1336 presulis
921 1250 1072 1338 procidit,
1098 1265 1251 1315 securum
1276 1247 1397 1312 exit-um

259 1364 280 1413 a
306 1363 411 1431 regno
446 1362 604 1433 poscens.
645 1345 901 1442 Quamduplex
928 1365 1033 1417 meror
1064 1347 1224 1416 anxiavit.
1262 1344 1398 1433 PrimuS,

260 1443 351 1531 quod
378 1462 397 1512 a
424 1461 552 1535 sorore,
581 1464 645 1534 que
672 1436 735 1514 iam
755 1450 873 1534 regina
888 1447 1081 1535 habebatur,
1110 1445 1293 1514 evectionis
1317 1444 1400 1512 sub-

260 1543 378 1612 sidium
405 1562 516 1632 neque
543 1547 578 1611 in
605 1546 755 1614 curribus
782 1549 905 1615 necin
932 1548 1028 1634 equis
1055 1546 1178 1614 habere
1205 1545 1315 1632 potuit
1340 1561 1399 1630 pro

259 1661 309 1732 se,
337 1660 400 1711 nec
424 1662 484 1731 pro
510 1644 642 1734 puellis,
670 1663 734 1713 nec
751 1663 810 1733 pro
834 1664 946 1715 earum
970 1645 1144 1714 sarcinolis
1172 1641 1399 1730 deportandis

261 1742 447 1832 Secundus,
476 1745 552 1830 quia
580 1742 648 1812 dux
673 1743 835 1813 Rudolius
862 1746 1030 1814 Palatinus
1057 1745 1165 1813 mariti
1191 1743 1401 1828 consangui-

258 1859 343 1908 neus
377 1840 420 1908 ad
447 1841 700 1911 conducendam
728 1862 800 1912 earn
833 1863 926 1912 suam
954 1845 1177 1912 comitantiam
1204 1841 1404 1929 denegavit,
1506 1895 1507 1938 ,

260 1939 375 2008 dicens
403 1941 431 2006 si
459 1943 489 2007 ei
514 1940 569 2009 vel
596 1943 760 2011 avunculo
787 1943 925 2012 adesset
951 1961 988 2012 se
1015 1945 1105 2029 regis
1132 1943 1271 2028 gratiam
1292 1943 1402 2008 amis·
1506 1987 1507 1990 ,

259 2055 382 2106 surum.
416 2038 641 2108 Veruntamen
661 2059 775 2109 oomes
795 2043 836 2110 de
858 2041 1016 2129 Ottingen
1045 2045 1094 2109 vir
1120 2041 1241 2110 nobilis
1270 2046 1305 2106 et
1324 2041 1400 2108 Fri-

258 2136 393 2205 derious
419 2138 660 2225 purchgravius
684 2141 762 2208 huic
780 2141 885 2210 dolori
905 2149 1064 2210 strennue
1085 2140 1324 2210 subvenerunt.
1359 2139 1399 2206 Et

258 2243 398 2324 accepta
430 2236 563 2306 domina
597 2255 669 2306 oum
705 2240 858 2308 omnibus
890 2243 960 2308 suis
987 2240 1207 2327 utensilibuS,
1235 2245 1269 2306 et
1294 2238 1400 2305 Hein-

258 2337 360 2404 ricum
389 2353 461 2403 oum
487 2337 639 2406 omnibus
659 2339 721 2406 sibi
739 2337 988 2429 adherentibus
1014 2337 1278 2408 inestimabiliter
1310 2338 1399 2404 llen-

259 2435 345 2504 tibus
373 2441 406 2503 et
431 2437 699 2530 cumulantibus,
729 2444 822 2507 extra
847 2457 1002 2529 regnum,
1037 2440 1095 2507 ubi
1121 2440 1185 2507 iam
1213 2437 1310 2505 timor
1336 2454 1404 2505 non

258 2535 375 2624 luerat,
404 2534 639 2622 perduxerunt.
720 2573 723 2578 ·

332 2634 370 2701 ln
397 2634 461 2702 lroc
488 2652 570 2703 casu
601 2654 654 2706 res
681 2635 898 2707 admiratione
930 2638 1033 2726 digna
1060 2638 1203 2724 contigit
1227 2638 1262 2705 in
1290 2637 1402 2706 Pilsna

259 2753 319 2823 pro
348 2739 425 2800 tunc
451 2736 618 2822 temporis,
654 2735 774 2804 lllulier
800 2740 888 2806 enim
915 2739 1057 2826 quedam
1083 2738 1117 2804 in
1144 2743 1217 2804 orto
1250 2736 1401 2804 holerum

260 2851 394 2900 aureum
411 2850 576 2900 nummum
596 2837 728 2925 reperit,
755 2837 790 2903 in
809 2855 875 2924 quo
895 2844 965 2906 erat
983 2840 1096 2924 imago
1114 2837 1209 2922 regia
1230 2840 1263 2902 et
1281 2835 1310 2900 V
1313 2837 1405 2902 icto-

260 2933 307 2999 rie
334 2949 456 2999 nomen
482 2931 688 3022 inscriptum,
717 2935 807 3021 quod
834 2939 950 3005 marito
970 2938 1098 3006 obtulit
1133 2933 1290 3014 Quicum
1312 2951 1404 3001 con-

259 3032 340 3116 iuge
376 3032 429 3097 oui
462 3038 556 3098 esset
588 3031 777 3102 ollerendus
810 3036 863 3103 vel
898 3035 977 3124 quid
1003 3032 1217 3125 pretenderat
1243 3034 1403 3100 continue

260 3129 444 3197 meditatur.
479 3128 602 3218 Sicque
625 3130 726 3200 dilato
748 3132 973 3205 meditationis
992 3135 1114 3204 allectu
1141 3149 1293 3200 nummus
1321 3149 1405 3220 per·
1507 3167 1508 3222 j

262 3227 358 3317 ditur,
376 3233 410 3294 et
428 3229 545 3296 iterum
565 3230 738 3299 invenitur.
766 3232 833 3302 Sed
853 3241 885 3302 et
901 3238 1019 3302 iterum
1035 3241 1088 3302 est
1107 3234 1263 3300 amissus.
1289 3230 1407 3298 Vidit·
1507 3251 1508 3298 1

261 3345 326 3414 que
352 3330 488 3395 maritus
514 3329 548 3395 in
575 3332 724 3418 sompnis
750 3331 907 3402 Heinrico
934 3334 1006 3420 regi
1026 3332 1195 3401 denarium
1219 3330 1307 3398 hunc
1335 3329 1404 3398 do-

260 3425 415 3493 nandum.
461 3427 499 3494 lit
524 3428 601 3514 quia
635 3431 763 3498 tociens
796 3433 946 3520 perditur
973 3432 1015 3501 ad
1042 3433 1114 3501 eius
1140 3447 1259 3497 manus
1287 3431 1405 3498 venire

261 3544 329 3593 non
355 3527 473 3614 potuit,
500 3527 635 3594 victoris
662 3547 784 3598 nomen
812 3531 874 3600 sub
900 3532 964 3600 hiis
997 3529 1130 3602 casibus
1157 3548 1175 3596 a
1204 3546 1308 3614 regno
1338 3529 1404 3595 mi-

260 3626 348 3693 nime
376 3624 571 3712 deportavit.
606 3625 672 3694 Sed
699 3630 788 3715 quod
816 3630 859 3698 ad
885 3631 971 3700 hanc
997 3631 1164 3700 materiam
1191 3628 1245 3696 vel
1272 3644 1404 3716 prepo-

262 3725 360 3792 situm
395 3742 545 3792 nummus
579 3725 634 3792 ille
667 3729 841 3816 quicquam
877 3730 1012 3822 lecerit,
1040 3748 1108 3799 non
1135 3732 1189 3796 est
1214 3726 1404 3814 aliqualiter

262 3822 582 3913 estimandum,·sed
609 3825 699 3911 quod
726 3829 865 3897 alicuius
889 3831 1016 3918 antiqui
1042 3828 1250 3916 imperatoris
1277 3826 1405 3911 imagi-

261 3939 336 3990 nem
364 3930 397 3990 et
423 3940 544 3991 nomen
572 3923 732 4016 habuerit,
760 3929 846 3996 sicut
872 3947 954 4017 sepe
979 3931 1088 3998 visum
1116 3932 1182 4016 est,
1209 3927 1321 4014 potius
1353 3928 1407 3994 cst

261 4020 473 4089 credendum.
507 4023 549 4089 Et
584 4024 633 4091 sio
659 4024 836 4094 Heinricus
864 4046 938 4096 oum
966 4032 1122 4097 consorte
1149 4045 1170 4093 a
1198 4043 1302 4111 regno
1329 4024 1405 4092 Bo-

260 4120 388 4188 hemlco
415 4119 629 4208 profugatur,
657 4131 689 4191 et
724 4124 857 4194 rediens
885 4127 926 4196 ad
952 4128 1132 4215 Montana,
1160 4125 1302 4212 amplius
1329 4123 1405 4191 Bo-

260 4219 401 4287 hemiarn
427 4237 495 4288 non
522 4221 664 4290 intravit.
