3044 4882
262 155 334 236 teo
575 182 719 229 roururrs
740 183 952 234 vrerorvrrvsrs.
991 182 1015 250 t,
1034 185 1057 234 5.

262 323 354 393 venit
386 320 588 392 Bobemlam.
628 320 744 410 ibique
778 325 870 410 regis
904 323 972 395 lilia
1004 324 1077 392 luta
1111 320 1244 390 nornine
1278 320 1311 387 in
1336 318 1386 388 dic

264 439 386 511 magna
415 421 617 512 festivitatis,
644 441 741 510 qrram
768 422 958 512 specialiter
986 426 1210 492 consueverat
1236 421 1391 509 venerari,

262 521 461 613 peregrinos
488 519 629 589 clericos
655 521 778 589 divites
805 529 838 589 et
863 540 1030 611 pauperes
1060 519 1252 610 colligebat,
1279 535 1393 606 aquarn

264 621 417 692 manibus
450 619 619 707 bospitum
653 619 871 710 infundebat,
907 621 1034 692 iorcula
1065 618 1292 709 proponebat,
1319 621 1392 706 post

264 739 413 792 mensam
447 737 583 787 munera
620 719 793 790 tribuebat.
840 719 988 808 Contigit
1028 726 1137 788 autern
1170 717 1394 788 bernhardum

266 840 340 890 oum
356 836 418 890 suo
436 820 557 885 comite
579 818 767 888 huiusmodi
785 818 916 906 gaudiia
933 822 1111 908 interesse,
1134 823 1167 885 et
1185 834 1259 885 curn
1279 834 1394 904 uquam

266 920 308 990 da
343 917 494 987 manibus
524 917 635 1005 puella
662 920 833 1008 suscipere
861 916 1053 1008 debuisset,
1081 934 1215 985 aureum
1242 915 1396 984 annulum

265 1021 415 1110 pretioso
448 1015 558 1104 lapide
593 1016 785 1104 insignitum
820 1037 862 1088 ex
896 1017 1003 1104 digito
1037 1019 1110 1086 elus
1146 1016 1261 1105 traxit,
1288 1013 1396 1084 nobile

264 1118 409 1209 spolium
424 1113 563 1184 iaciens.
598 1114 696 1196 Quod
722 1116 799 1186 dum
825 1118 963 1187 ministri
983 1112 1284 1205 deprehenderent,
1304 1131 1398 1182 eum-

268 1236 333 1307 que
366 1212 524 1284 invadere
558 1221 769 1307 conarentur,
795 1218 906 1305 puella
930 1215 1116 1306 probibuit,
1144 1212 1278 1282 dicens:
1317 1211 1397 1279 brac

266 1333 333 1386 nort
357 1331 430 1383 csse
451 1314 657 1400 popularem,
682 1317 744 1383 aed
753 1316 903 1402 preclari
920 1315 1075 1402 pmmlais
1099 1312 1154 1400 pul
1179 1312 1264 1380 teliu
1285 1311 1400 1397 facere
1507 1357 1508 1360 ,

262 1415 525 1504 presumpsisset.
560 1412 682 1502 Sicque
708 1414 827 1483 abiens
853 1415 895 1484 de
921 1413 1026 1504 preda
1049 1419 1141 1482 tauta
1167 1413 1311 1480 animum
1339 1428 1400 1478 cn·

268 1514 342 1584 tulit
367 1529 581 1600 generosum.
611 1509 763 1582 Audiens
781 1532 915 1603 quoquo
941 1520 1067 1603 patrem
1085 1512 1310 1581 Hermannum
1338 1509 1402 1578 du-

269 1631 341 1684 ocrn
369 1619 403 1682 et
427 1611 560 1681 iratrem
588 1629 685 1681 suum
718 1613 862 1682 Ulricum
896 1614 1012 1683 mortis
1042 1611 1188 1680 debitum
1215 1609 1402 1678 exsolvisse

267 1712 469 1782 llarintbiam
503 1713 719 1803 proximavit,
755 1714 923 1802 resipiens
959 1729 997 1782 sc
1023 1712 1058 1780 in
1085 1714 1197 1779 castro
1224 1708 1316 1797 quod
1342 1707 1403 1776 Hl-

266 1810 436 1881 melbercb
470 1809 600 1901 dicitur,
627 1809 840 1900 optimatibus
874 1818 961 1881 terre
988 1828 1027 1879 sc
1052 1811 1190 1878 nunciat
1215 1808 1407 1876 advenisse.

267 1908 331 1992 Qui
367 1910 538 1980 exhilarati
572 1926 674 1999 super
708 1909 832 1980 beredo
864 1911 1038 1998 legittimo,
1066 1927 1139 1976 oum
1165 1909 1200 1974 in
1224 1908 1405 1996 principem

268 2009 495 2096 sollempniter
522 2008 744 2100 sustulerunt,
771 2009 1020 2099 predictumque
1044 2007 1189 2097 puellam
1214 2006 1321 2076 lutam
1347 2023 1402 2073 re·

268 2108 323 2196 gis
348 2107 569 2176 Bobcmorum
595 2106 694 2176 liliam
720 2109 783 2177 sibi
810 2111 954 2178 sortieris
987 2105 1225 2177 contboralam.
1265 2106 1317 2173 Ex
1344 2121 1407 2192 qua

268 2207 387 2294 genuit
411 2211 479 2274 tres
497 2205 601 2274 filios:
627 2206 853 2276 Bernbavdum
873 2207 1016 2276 Ulricum
1035 2213 1068 2274 et
1093 2205 1287 2294 Philippum.
1316 2205 1406 2273 Fun-

269 2305 361 2375 davit
387 2305 484 2373 ctiam
510 2305 746 2374 monasteriam
773 2306 899 2375 ordinis
929 2305 1175 2395 cysterciensis
1201 2305 1235 2372 in
1260 2302 1406 2372 marcbia

270 2403 464 2474 Sclavorum
492 2404 583 2492 quod
609 2404 698 2473 Fons
725 2412 840 2474 sancte
861 2404 968 2474 Marte
989 2404 1108 2474 dicitur
1131 2421 1237 2492 prope
1263 2410 1406 2470 castrum

269 2502 501 2594 Landestrost,
529 2505 562 2572 in
583 2522 650 2591 quo
671 2507 745 2594 ipsa
762 2504 898 2574 ducissa
927 2523 1001 2573 cum
1023 2501 1217 2572 bernbardo
1240 2501 1308 2571 lilio
1332 2509 1406 2571 ante

271 2603 375 2672 altare
409 2602 498 2672 beati
523 2603 681 2674 lobannis
708 2605 916 2691 evangeliste
943 2601 1006 2671 sub
1037 2600 1183 2689 quodam
1208 2599 1321 2689 lapide
1354 2599 1408 2688 qui

272 2719 387 2772 corum
407 2701 574 2791 insculpta
596 2703 697 2773 babet
712 2704 847 2773 nomina
872 2702 1062 2790 requiescit.
1089 2700 1151 2770 Hic
1166 2702 1326 2790 princeps
1343 2717 1406 2787 op·
1506 2707 1507 2790 ζ

271 2800 384 2890 pidum
411 2799 501 2887 quod
527 2798 738 2881 Quorimonie
764 2801 899 2892 Vadus,
927 2801 994 2870 alio
1020 2801 1153 2870 nornine
1180 2797 1409 2886 Cblageniurt,

272 2898 391 2968 dicitur
423 2901 579 2988 initiavit,
614 2903 681 2968 situ
714 2917 777 2969 suo
813 2900 912 2968 rebus
946 2899 1147 2969 victualibus
1174 2905 1208 2966 et
1233 2898 1408 2967 venalibus

272 3003 484 3086 oportunum.
523 2994 576 3066 Ad
612 2998 702 3087 quod
736 3001 900 3067 intrantes
932 2999 1064 3070 nobiles
1091 2998 1132 3067 de
1158 2996 1295 3088 Hallelr,
1325 2998 1409 3066 llai-

270 3095 444 3165 denricum
463 3102 497 3164 et
519 3093 690 3167 Albertum
716 3097 846 3190 iratres,
874 3096 1025 3186 duasque
1047 3104 1162 3187 portas
1178 3098 1317 3166 muratis
1334 3097 1409 3166 edi-

272 3195 357 3264 llcr'is
383 3197 583 3288 munientes,
609 3200 824 3287 prerogativa
850 3196 1011 3266 libertatis
1039 3198 1156 3266 extulit
1185 3196 1339 3286 speciali.
1371 3195 1412 3264 Et

272 3293 350 3364 dum
366 3287 510 3364 vallum¹
527 3313 648 3365 novum
664 3296 841 3366 sedrditate
859 3297 1000 3364 inanima
1012 3296 1185 3386 alluderet,
1199 3302 1236 3364 ut
1253 3301 1411 3383 stagnum
1505 3323 1506 3368 ἢ

272 3399 463 3462 sanctorum
489 3393 586 3464 Primi
618 3402 652 3464 ot
676 3397 833 3466 Feliciani
865 3393 907 3463 ad
934 3402 1097 3464 structure
1129 3413 1190 3465 suc
1216 3395 1412 3466 necessaria

271 3492 440 3583 traheret,
480 3492 586 3562 abbas
611 3493 832 3566 Victoriensis
858 3497 1050 3564 monasterii
1076 3494 1156 3564 baut
1180 3494 1284 3582 louge
1310 3494 1412 3584 positi

271 3593 413 3662 veniens
444 3591 581 3661 indutus
617 3587 743 3664 sacris²
771 3592 919 3666 cohibuit
945 3611 1019 3662 cum
1045 3602 1237 3664 sanctorum
1263 3593 1413 3684 reliquiis

272 3698 306 3760 et
338 3689 460 3760 baculo
495 3692 674 3784 pastorali,
709 3695 793 3763 alter
824 3695 925 3764 losue
960 3695 1016 3781 qui
1041 3693 1105 3764 suli
1129 3699 1302 3763 velaverat
1327 3710 1413 3782 pro·-

271 3807 426 3878 greesum
460 3797 495 3859 et
529 3789 661 3862 lordani
695 3792 797 3862 lluvio
835 3797 1033 3884 preceperat
1064 3810 1127 3884 pro
1161 3791 1270 3861 salute
1294 3791 1414 3882 populi

305 4004 337 4070 l)
356 4004 425 4059 valla
448 4005 495 4058 mit
518 4005 606 4060 einen
624 4003 702 4059 stricb
719 3999 786 4058 iiber
803 4004 861 4060 deva
879 4003 979 4059 latmo
996 4001 1157 4058 buohstaben
1173 4000 1247 4056 stand
1264 4001 1415 4071 urspring-

270 4069 336 4140 iicb,
361 4072 430 4126 dana
455 4073 548 4128 wrvrda
570 4074 660 4128 dieser
683 4072 761 4130 radirt
784 4073 838 4130 und
857 4072 899 4128 die
917 4074 937 4130 ll
954 4075 1073 4146 punctim
1125 4071 1159 4138 2]
1176 4069 1290 4126 vestibus
1307 4072 1415 4131 radmto
1504 4077 1505 4136 l

270 4153 329 4192 man
354 4139 493 4206 erginzeu.
