3028 4878
483 223 609 270 nrcnnnr„
630 223 861 270 naasironnvsrs.
1169 199 1241 268 aad

108 361 207 430 eciam
237 360 415 430 nonnullos
451 361 641 430 Franoones
668 362 710 431 de
740 381 845 452 prope
871 362 1043 449 Roteborg
1068 362 1240 454 oriundos,

110 477 242 545 quorum
266 461 409 527 omnium
430 462 626 548 capitaneus
644 468 715 530 erat
740 464 818 531 olim
844 463 999 551 predives
1025 462 1121 530 miles
1144 462 1242 551 an-

108 558 224 644 poldus
251 557 473 646 Coqninarins
500 558 543 626 de
562 560 784 652 Nortenberg,
813 564 964 649 quicum
992 561 1118 630 eisdem
1145 580 1241 630 com·

105 656 243 743 plicibus
287 660 358 726 sais
399 658 581 746 predictum
623 660 759 748 opidum
801 666 948 751 ternpore
994 677 1136 746 orsorge
1180 677 1241 730 sen

106 759 290 848 bogarum,
324 759 409 825 inter
450 759 559 846 ipsum
593 765 625 826 et
658 761 853 848 episcopum
887 777 927 828 ao
965 760 1142 828 ecclesium
1178 777 1241 827 sn-

107 854 250 940 praiatos
278 863 355 924 tunc
381 865 574 942 gwerantes
593 859 758 949 condicto,
787 858 1006 928 subintrando
1025 859 1113 926 circa
1134 864 1241 927 ortum

106 951 167 1021 diei
192 954 339 1042 predicte
374 974 435 1043 per
467 964 613 1044 apertam
646 959 774 1026 valvam
802 976 864 1026 sen
889 963 1018 1048 portam
1045 957 1123 1026 dicti
1149 957 1240 1045 opidi

104 1052 210 1120 taliter
237 1054 377 1141 qualiter
405 1058 619 1144 expugnavit,
646 1063 755 1145 proter
779 1059 890 1125 turrim
914 1059 1011 1126 castri
1042 1057 1153 1145 pontis
1173 1057 1242 1124 ibi·

106 1148 177 1218 dem
207 1156 558 1241 per·strenuissimum
593 1156 725 1224 militem
751 1157 979 1243 Erkengerum
1006 1155 1048 1224 de
1075 1155 1242 1224 Sawens-

105 1247 201 1337 heym
235 1258 391 1338 agentem
424 1255 560 1322 viriliter
587 1261 664 1323 tnnc
690 1261 870 1342 retentam3
898 1262 931 1324 et
958 1257 1046 1324 circa
1074 1254 1242 1323 meridiem

105 1349 250 1420 eiusdem
272 1351 339 1420 dici
357 1353 624 1440 antiphonando:
651 1354 741 1422 Mota
767 1357 880 1439 querit,
907 1355 994 1422 mule
1014 1347 1167 1439 pordit!1
1186 1352 1202 1419 i
1222 1389 1243 1404 -

104 1449 200 1531 gitive
226 1453 378 1539 protinus
399 1453 524 1541 exiluit,
551 1455 714 1540 ipsosque
732 1456 941 1540 capitaneum
960 1461 993 1521 et
1014 1470 1180 1540 sequaces
1201 1451 1243 1520 ad

104 1556 318 1636 campestrem
345 1557 377 1618 et
404 1551 600 1619 bellicosum
635 1552 823 1620 condictum
848 1552 1088 1620 inevasibiliter
1115 1555 1148 1618 et
1174 1551 1242 1619 ho-

104 1645 215 1716 stiliter
234 1657 488 1738 prorumpentes
507 1651 737 1738 triumphando
763 1650 974 1719 laudabiliter
998 1667 1059 1738 per
1085 1648 1138 1717 dei
1158 1667 1243 1735 gra-

98 1745 181 1815 ciam
207 1747 425 1838 debellarunt,
454 1750 653 1838 captivando
681 1753 784 1818 eciam
818 1751 1072 1838 quamplures,
1101 1765 1242 1834 quorum

102 1846 253 1928 pociores
281 1865 461 1935 coronaque
488 1848 629 1917 heredes
655 1856 692 1916 ut
717 1849 837 1917 vasalli
864 1868 937 1917 cum
965 1851 1034 1918 sais
1061 1848 1181 1916 castris
1208 1851 1242 1914 et

105 1940 199 2013 bonis
216 1963 258 2015 ac
275 1947 447 2034 obsequiis
467 1949 609 2016 ecclesie
633 1948 868 2037 Herbipolensi
885 1953 1046 2036 perpetuo
1065 1951 1243 2035 propterea

105 2049 177 2110 sunt
202 2046 345 2114 astricti.

171 2143 256 2214 Item
278 2162 368 2212 anno
399 2144 522 2213 domini
547 2146 703 2214 meconi.
729 2147 763 2213 in
793 2145 847 2214 die
874 2145 1055 2233 palmarum
1080 2143 1157 2212 dum
1173 2161 1242 2231 po·
1260 2153 1326 2207 lero

102 2240 195 2324 pulns
236 2242 456 2331 opidanomm
498 2247 532 2312 in
573 2244 781 2332 Meyningen
822 2246 966 2313 ecclesie
1012 2249 1046 2311 et
1082 2243 1242 2330 dyocesis
1261 2237 1319 2342 Αἲξ·

102 2334 355 2431 Herbipolensis
374 2361 447 2410 cum
461 2345 578 2430 palmis
606 2343 648 2410 de
673 2345 749 2430 ipso
777 2342 878 2430 opido
906 2345 1034 2410 exirent
1059 2341 1101 2408 ad
1128 2342 1243 2410 eccle-

103 2437 179 2508 siam
207 2443 317 2510 sancti
342 2441 474 2510 Martini
497 2444 645 2530 proxime
673 2441 713 2508 ab
740 2447 832 2509 extra
854 2460 959 2530 prope
986 2440 1108 2509 ibidem
1135 2443 1241 2528 sitam,

101 2533 277 2609 Heinricus
297 2540 339 2608 de
358 2541 459 2609 Slitze
478 2542 582 2631 miles,
593 2541 795 2608 marscalcus
807 2541 951 2608 ecclesie
969 2540 1157 2630 liddensis
1179 2557 1242 2608 sno

103 2641 232 2726 proprio
269 2642 403 2708 nomine
436 2659 509 2708 cnm
538 2640 639 2708 malta
666 2645 768 2725 gente
795 2647 993 2708 armatorum
1018 2641 1103 2706 inter
1127 2657 1242 2726 popu-

104 2731 167 2804 lum
194 2745 228 2807 et
255 2737 391 2828 opidum
416 2739 606 2808 insidiando
632 2741 724 2806 irruit
750 2741 917 2828 capciose,
945 2744 1106 2824 satagans
1123 2754 1243 2824 capere

104 2836 267 2922 opidanos
290 2844 324 2906 ct
345 2838 490 2927 opidum,
520 2838 693 2906 securibus
720 2839 824 2906 eciam
845 2839 917 2905 eius
939 2836 1054 2905 valvas
1082 2832 1244 2904 s'eoando.

104 2929 264 3005 Dominus
298 2943 424 3028 autern7
461 2938 517 3024 qni
552 2938 617 3004 nisi
649 2936 859 3004 onstodnerit
890 2938 1056 3004 civitatem
1088 2941 1152 3004 etc.
1178 2941 1245 3002 tam

103 3033 267 3119 opidanos
302 3055 401 3122 quarn
427 3036 563 3124 opidum
596 3037 685 3104 beati
718 3036 850 3124 llyliani
878 3036 1009 3124 patroni
1034 3036 1142 3122 ipsius
1180 3051 1242 3102 ec-

105 3130 203 3202 clesie
239 3134 497 3223 Herbipolensis
532 3137 656 3203 meritis
683 3127 924 3203 conservavit².
963 3133 1000 3200 ln
1026 3133 1243 3201 recitavero

106 3245 216 3301 eorum
253 3233 295 3302 ad
323 3252 385 3302 sua
411 3235 565 3302 Erwinus
593 3240 626 3302 et
651 3233 792 3302 Karalus
820 3232 862 3300 de
890 3232 1020 3300 Buchcs
1046 3232 1182 3321 milites,
1211 3235 1246 3298 et

107 3334 321 3421 quamplures
349 3333 528 3422 complices
554 3350 668 3402 eorum
695 3331 737 3399 de
764 3332 920 3400 comitiva
945 3329 1094 3419 predicte
1121 3331 1244 3419 gentis,

103 3445 161 3513 per
187 3437 383 3499 strennuum
410 3438 443 3500 et
470 3450 627 3519 sagacem
654 3431 786 3500 militem
805 3431 1022 3517 Tytaclonem
1042 3429 1084 3497 de
1103 3430 1246 3514 langen

104 3543 253 3617 suosque
280 3533 420 3599 comites
448 3532 510 3599 sub
537 3533 631 3599 titulo
657 3533 765 3618 ipsius
788 3529 911 3598 domini
935 3526 1067 3596 Ottonis
1094 3529 1246 3615 episcopi

104 3631 135 3692 et
149 3630 293 3698 ecclesie
303 3629 557 3718 Herbipolensis
567 3630 725 3698 debellati
736 3647 775 3696 ac
786 3630 942 3716 captivati
955 3627 1095 3696 luerunt.
1114 3625 1245 3693 Deinde

107 3741 243 3815 qnoque
261 3747 321 3816 pro
337 3729 542 3797 liberaoione
565 3747 677 3798 corum
697 3726 814 3816 prelati
833 3728 1035 3794 marscalcus
1050 3727 1245 3812 capitaneus

107 3832 139 3891 et
164 3830 289 3915 captivi
315 3829 434 3896 suiset
449 3837 581 3897 suorum
609 3829 742 3896 armatis
769 3827 942 3913 obsequiis
968 3843 1007 3892 ac
1033 3822 1245 3892 iniondacio-

104 3923 202 3993 nibus
235 3926 397 3995 bonorum
434 3945 567 3995 snorum
603 3929 700 3994 otiam
737 3924 964 3994 castrensibus
992 3923 1084 3990 etin
1111 3922 1244 4009 scriptis

103 4022 258 4108 sigillatis
284 4025 427 4094 redactis
456 4025 583 4094 eisdem
611 4027 771 4114 episcopo
800 4031 833 4090 et
859 4023 1003 4091 ecclesie
1027 4020 1139 4088 debite
1167 4027 1247 4087 sant

103 4124 238 4193 astricti.
277 4125 431 4192 Preterea
456 4124 604 4214 prelatus
632 4124 785 4194 dominns
813 4119 891 4190 Otto
919 4122 1098 4210 episcopus
1122 4119 1245 4187 Herbi-

140 4239 169 4304 l]
189 4239 250 4294 Wie
267 4255 416 4305 aemonnen
435 4257 464 4296 so
483 4256 638 4298 zerronnen.
675 4243 705 4309 2)
725 4242 889 4296 consecravit
905 4239 943 4294 bs.
