3044 4882
251 159 322 234 332
580 192 726 240 ronnunns
748 192 949 240 vrcronrnnsrs
992 190 1017 257 3,
1037 191 1058 243 t.

249 349 338 400 mum
366 331 558 420 pontilroem
576 329 696 422 dirigit,
724 333 780 419 qui
796 331 946 402 celeriter
961 330 1237 421 approbationem
1255 335 1290 399 et
1304 347 1387 398 con-

250 430 469 499 firmationem
496 428 670 499 electionis
695 447 759 499 sne
786 448 858 498 cnm
885 430 1009 517 gaudio
1035 430 1226 518 reportavit.

322 528 396 598 Hoc
429 536 580 616 tempore
623 547 762 615 regnum
795 528 967 616 Hungarre
1005 528 1186 598 heredibus
1229 527 1389 598 viduatur.

247 627 440 718 Stephanus
468 645 539 718 rex,
565 627 647 696 Bele
675 628 774 718 lilius,
802 634 868 697 tres
896 628 1011 698 habuit
1045 629 1152 715 lilios;
1187 625 1389 698 Ladezlaum

246 725 513 796 Cholomannum
539 726 756 815 Stephanum.
799 727 992 816 Stephanus
1019 734 1140 816 autem,
1167 725 1276 794 adhuc
1296 732 1389 817 patre

244 825 379 898 Stiriam
400 830 547 914 tenente,
569 843 718 895 sororem
734 827 934 896 marchionis
951 825 1109 895 Astcnsis
1129 825 1280 894 duxerat.
1314 823 1388 907 Quo

174 1007 175 1010 Ἴ
245 924 406 996 delunetu
434 941 508 994 cum
534 924 706 1015 iratribus,
735 943 894 1016 consors,
930 927 1009 1014 quia
1035 925 1138 994 lilium
1163 942 1232 992 nou
1264 924 1390 1014 habuit,

242 1027 336 1094 iuxta
360 1042 484 1094 morem
507 1029 593 1092 terro
616 1023 658 1093 dc
677 1042 785 1111 regno
813 1027 904 1094 exire
931 1025 1148 1114 compellitur.
1182 1023 1297 1092 Frater
1317 1026 1389 1092 eius

243 1123 392 1193 marchio
419 1123 483 1192 lrec
509 1122 670 1214 audiens,
698 1125 855 1213 inportu
882 1120 984 1193 Adrie
1010 1142 1083 1192 eum
1110 1124 1259 1213 excepit,
1287 1129 1322 1191 et
1348 1123 1390 1191 ad

244 1223 376 1291 natales
403 1221 526 1291 limites
554 1239 667 1291 secum
695 1222 796 1292 velrit
832 1221 904 1304 Quo
931 1230 1041 1291 tamen
1067 1228 1247 1310 antequam
1268 1241 1389 1292 navem

244 1321 464 1410 escenderet,
500 1339 537 1390 sc
564 1322 760 1391 monstravit
787 1322 887 1391 claris
913 1322 1044 1392 indiciis
1069 1323 1330 1411 impregnatam3
1358 1329 1391 1390 et

243 1422 375 1511 peperit
401 1419 512 1509 filium,
540 1438 640 1508 quem
664 1418 833 1490 Andrean
858 1423 1002 1490 vocavit.
1038 1421 1209 1490 Successn
1229 1422 1389 1510 temporis

245 1521 321 1608 ipsa
347 1520 462 1609 nupsit
488 1518 652 1588 ditissimo
676 1527 710 1589 et
735 1521 969 1609 potentissimo
986 1519 1201 1610 Venetorum,
1228 1521 1285 1608 (ptri
1300 1537 1391 1608 pue-

245 1638 318 1688 rum
334 1619 492 1706 regaliter
508 1618 676 1689 educavit.
699 1618 843 1706 Cognito
863 1619 954 1708 quod
971 1638 1088 1706 regum
1105 1620 1251 1706 Ungarie
1268 1626 1391 1708 poste·
1414 1669 1417 1674 n

245 1720 326 1787 ritas
349 1720 415 1790 iam
442 1725 626 1808 cessasset,
652 1715 822 1786 Andream
845 1720 938 1805 regis
964 1736 1043 1787 esse
1070 1718 1171 1787 filium
1194 1717 1389 1807 publicavit.

245 1815 308 1899 Qui
335 1817 438 1885 lullus
459 1817 666 1903 Ungarorum
683 1817 890 1904 qrromndam
917 1818 1139 1907 amminiculo,
1165 1835 1305 1904 regnum
1321 1836 1390 1906 po-

245 1915 425 1985 tentialiter
447 1916 605 2008 introivit,
634 1921 667 1984 et
683 1922 719 1985 ut
738 1917 893 1986 thronum
909 1935 1004 1986 suum
1022 1917 1196 2007 stabiliret,
1222 1913 1391 2003 Agnetem

244 2013 341 2083 ducis
358 2011 488 2083 Alberti
512 2015 610 2084 liliam
631 2017 726 2103 petiit
751 2017 1033 2085 matrimonialiter
1061 2016 1125 2084 silri
1151 2017 1255 2102 iungi.
1291 2013 1391 2096 Quod

243 2113 313 2184 dux
339 2113 514 2182 dilliculter
539 2115 665 2184 annuit.
701 2114 834 2197 Sedut
860 2133 1000 2202 regnum
1025 2112 1096 2184 suis
1118 2116 1214 2184 terris
1239 2121 1304 2183 tam
1334 2117 1389 2184 vi-

242 2215 354 2282 cinum
372 2211 590 2303 lucrifaceret,
605 2210 741 2282 Andrea
756 2216 932 2283 maximum
948 2217 1129 2283 exercitum
1140 2214 1392 2284 contraWicn-

194 2342 201 2354 ·
242 2331 319 2381 num
345 2311 538 2402 ordinante,
572 2319 606 2380 et
630 2313 666 2380 in
691 2321 877 2402 conspeetu
903 2316 1048 2382 omnimo
1074 2312 1328 2382 demonstrante
1354 2317 1387 2383 in

241 2417 354 2480 monte
373 2413 430 2500 qui
448 2410 491 2480 ud
510 2411 691 2480 australem
707 2420 835 2503 partem
854 2413 945 2480 urbis
972 2414 1092 2502 uergit,
1120 2414 1289 2500 assensit3
1316 2414 1388 2484 Po-

242 2513 442 2599 soniumque
470 2529 545 2579 cum
570 2510 722 2580 districtu
748 2511 923 2581 adiacente
940 2511 1091 2581 dotalitio
1113 2511 1178 2579 lille
1202 2512 1386 2584 confirma-

241 2617 304 2681 tur.
341 2611 383 2680 Et
409 2613 459 2680 sic
485 2611 615 2679 exactis
648 2611 772 2700 nuptiis
798 2609 915 2698 Agnes
950 2613 1068 2697 regina
1095 2609 1237 2680 ellicitur
1263 2612 1387 2698 Unga-

241 2727 362 2799 rorum,
392 2729 457 2798 quc
483 2710 661 2779 consuevit
680 2712 754 2798 plus
777 2710 819 2783 de
839 2713 958 2779 virtute
985 2711 1094 2801 animi,
1123 2729 1220 2798 quam
1240 2710 1282 2778 dc
1303 2729 1386 2780 cor-

241 2810 333 2898 poris
367 2807 609 2897 pulchritudine
642 2808 788 2894 gloriari.
829 2810 867 2878 ln
900 2810 966 2878 lroc
1000 2808 1068 2878 dux
1094 2805 1251 2878 Albertus
1279 2819 1386 2900 nuptu

241 2907 444 2996 primordiali
469 2907 569 2975 altum
587 2913 620 2975 et
636 2908 750 2976 nobile
776 2909 854 2976 iecit
874 2907 1133 2977 succedentibus
1159 2908 1272 2977 liberis
1300 2909 1384 2978 lun-

242 3005 441 3096 damentum,
469 3013 502 3073 et
528 3006 682 3074 omnibus
710 3007 781 3074 suis
810 3007 916 3097 tactis,
945 3025 1011 3094 quo
1039 3006 1082 3075 ad
1109 3009 1198 3075 curie
1225 3026 1286 3075 sue
1313 3009 1383 3079 hc-

241 3105 412 3174 norilrcam
447 3107 734 3173 conservationem
761 3111 794 3174 et
820 3109 1061 3194 principatuum
1097 3124 1231 3175 suorum
1258 3110 1382 3175 ammi-

241 3205 483 3294 nistrationem,
510 3223 569 3292 per
590 3205 690 3272 animi
712 3206 991 3291 magnificentiam
1016 3205 1226 3276 laudabiliter
1246 3224 1284 3273 se
1312 3226 1380 3294 ge-

241 3303 350 3390 rebat,
385 3322 481 3390 quam
519 3321 711 3390 magnarum
748 3311 781 3371 et
816 3305 1024 3373 excelsarum
1049 3323 1155 3373 rerum
1182 3323 1254 3372 cunr
1282 3308 1383 3375 animi

242 3401 384 3491 quadum
416 3402 525 3489 ampla
558 3409 591 3470 et
624 3402 800 3490 splendida
833 3405 1063 3492 propositione
1097 3405 1313 3490 agitationem
1349 3411 1384 3474 et

243 3503 569 3572 amministrationem
597 3501 724 3570 Tullius
751 3521 829 3572 esse
855 3502 944 3571 dicit.

241 3681 293 3752 De
318 3683 493 3750 traditione
518 3683 659 3750 ciuitatis
683 3684 792 3750 conell
815 3683 883 3764 Viti,
909 3683 949 3750 de
968 3683 1056 3752 odite
1072 3683 1164 3752 ducis
1184 3682 1379 3768 nemun,

340 3783 381 3850 de
405 3782 506 3867 pectis
531 3780 639 3864 Adclst
663 3785 697 3848 et
720 3782 796 3851 ultio
822 3783 968 3850 diversis.
1242 3784 1323 3870 Cup.
1349 3785 1382 3852 e.

160 3907 226 3964 1292
315 3893 414 3965 Anno
440 3897 564 3966 domini
586 3898 826 3966 mcclxxxxii.
843 3915 903 3966 rex
920 3893 1062 3968 Adollus
1082 3913 1102 3964 a
1123 3895 1319 3968 llleinlrardc
1346 3905 1380 3968 ct

241 3991 378 4064 Alberto
405 3994 546 4065 ducibus
572 3998 748 4086 pecuniam
768 4003 928 4083 exegerat
954 3997 1174 4086 arcessitum,
1201 4003 1236 4065 ut
1256 4015 1318 4066 eos
1337 3996 1380 4065 ad

242 4109 368 4162 summa
401 4112 461 4183 per
492 4097 720 4164 investituram
748 4102 781 4165 et
814 4095 1041 4166 laudationem
1066 4101 1228 4165 statueret
1253 4098 1379 4186 princi-

242 4198 349 4280 patus
379 4191 483 4272 Quam
502 4195 579 4282 quria
597 4194 680 4264 lerre
699 4213 767 4264 non
784 4201 945 4288 poterant,
966 4202 1039 4264 ortu
1051 4201 1103 4264 cst
1116 4194 1229 4282 gravis
1248 4197 1379 4268 aversio
