3002 4880
440 237 584 284 canonica
605 238 642 282 ne
663 239 761 284 ausus
781 239 947 285 rurxorruu.
1213 212 1258 278 57

124 375 243 460 [ninom
267 374 491 460 desperationi
522 376 637 460 dediti,
662 375 759 444 todia
783 370 987 445 emittentes1
1008 379 1099 464 quood
1121 394 1259 464 sonore
1277 395 1344 449 lano

125 491 189 542 non
200 475 377 559 potamos,
403 475 553 541 certatim
577 474 816 561 confluentibus,
840 475 997 544 ammos
1020 493 1173 563 mmmm
1195 495 1257 544 ee-

126 574 261 640 eroitnm
275 570 479 657 bellatorem,
504 577 572 640 tom
588 575 730 660 eopiosa,
756 575 846 660 qood
865 573 1010 642 metron
1026 576 1148 642 nostris
1162 579 1260 643 emite

121 672 289 757 noemmin
314 669 456 738 otoiore.

185 769 308 837 Verum
322 765 497 838 Australes
511 770 695 839 existentes
712 772 745 838 in
763 771 989 860 superioribus
1004 772 1151 861 partibus
1169 772 1259 861 apud

124 866 252 936 Renum
270 885 338 937 non
352 870 459 937 minus
477 887 515 937 se
530 871 719 937 munierunt
737 871 859 940 auxilio
874 878 1106 959 pugnatorum.
1131 871 1258 942 Dentes

122 968 219 1053 larga
252 985 407 1057 munera,
440 967 599 1036 donativa
631 968 770 1056 plurima
803 969 1016 1060 pollicentes,
1050 971 1258 1057 collegerunt

123 1084 282 1152 magnum
299 1068 477 1134 exereitum
501 1068 657 1156 equitum,
675 1067 737 1135 sed
755 1069 858 1137 multo
874 1071 1051 1157 pauoiores
1069 1087 1167 1157 quam
1186 1085 1257 1160 rex,

124 1164 188 1233 sed
204 1164 366 1233 habentes
385 1182 596 1234 numerosam
613 1166 856 1235 multitudinem
880 1168 1028 1256 peditum
1049 1172 1257 1258 armatorum,

125 1262 169 1332 de
196 1280 334 1350 quorum
359 1265 479 1332 virtute
506 1263 624 1332 aomisi
650 1271 767 1334 ooutra
785 1283 899 1352 regem
919 1266 1114 1335 Ludwieum
1132 1266 1174 1335 nd
1190 1285 1259 1355 pu-

123 1360 295 1448 gnandum
321 1361 461 1431 eelerius
486 1369 715 1451 perrexerunt.
741 1361 816 1444 Quo
842 1382 915 1433 oum
941 1368 1118 1434 venissent
1143 1371 1177 1434 et
1202 1367 1259 1433 vi-

125 1460 246 1529 derent
269 1479 384 1548 regem
410 1461 575 1530 fortiorem
604 1464 638 1529 iu
664 1461 872 1531 multitudine
901 1467 1064 1554 equitum,
1092 1463 1259 1532 maudun-

125 1566 180 1628 tes
207 1561 255 1627 ei:
281 1577 318 1627 so
340 1560 423 1627 oette
436 1577 589 1647 pamma
612 1579 686 1628 eam
702 1579 741 1628 eo
757 1562 933 1645 solotemn,
959 1567 992 1630 et
1005 1564 1147 1630 dionesie
1168 1563 1260 1647 eonio

124 1676 200 1726 oum
221 1676 259 1726 eo
280 1660 433 1744 pedestre
458 1658 576 1728 bellam
603 1660 700 1743 imre,
725 1666 762 1728 ut
786 1663 936 1729 seourius
960 1660 1161 1729 dimicarent.
1187 1659 1258 1728 Re-

125 1755 334 1847 spondentes
361 1777 443 1828 vero
468 1757 510 1826 de
540 1760 687 1826 exereitu
711 1761 819 1845 regis:
845 1777 881 1827 se
903 1759 990 1838 nolle
1008 1774 1160 1845 pagane
1186 1776 1259 1826 enm

123 1857 266 1940 matteis,
283 1857 443 1926 sedantes
457 1860 575 1926 eontra
587 1857 772 1943 mititem,at
786 1859 888 1926 mons
902 1863 960 1944 est,
973 1863 1007 1927 et
1018 1857 1134 1945 otique
1142 1856 1258 1926 oma-

123 1971 189 2021 nus
205 1959 255 2022 est
270 1960 467 2026 eonsuemm

200 2054 332 2122 interim
356 2057 448 2124 aives
473 2053 656 2142 Argentine
678 2055 798 2126 dolose
824 2057 976 2148 partibus
1000 2055 1176 2124 adulantes
1195 2072 1260 2123 ex·-

120 2151 301 2222 hibuerunt
326 2172 363 2222 se
390 2155 462 2240 regi
483 2153 645 2224 Ludwieo
667 2155 845 2227 familiares
867 2161 900 2224 et
921 2155 1101 2246 officiosos,
1127 2160 1253 2244 peteu-

122 2259 177 2319 tes
211 2255 248 2319 ut
279 2254 443 2322 civitatem
477 2270 590 2322 eorum
619 2272 688 2322 non
720 2254 957 2341 dedignaretur
982 2256 1113 2323 intrare.
1150 2252 1257 2335 Quam
1278 2278 1339 2321 aaa.

123 2368 200 2419 eum
225 2353 381 2442 intraret,
408 2357 588 2442 susceptus
621 2358 673 2421 est
699 2354 740 2421 ab
767 2357 815 2423 eis
843 2355 1101 2444 gloriosissime,
1129 2357 1162 2421 et
1189 2355 1260 2420 tota

122 2451 244 2518 eivitas
271 2449 314 2518 ad
338 2453 410 2519 eius
435 2452 604 2520 introitum
628 2452 752 2538 gaudio
779 2459 821 2542 et·
839 2452 981 2541 tripudio
1008 2457 1061 2520 est
1086 2457 1260 2520 commota.

123 2546 351 2618 communitas
372 2554 405 2618 et
425 2551 528 2618 maior
553 2568 631 2638 pars
653 2552 795 2620 civitatis
815 2551 950 2620 invehat
965 2552 1005 2641 ei,
1033 2549 1094 2620 sed
1116 2551 1259 2617 maiores

124 2653 160 2714 et
185 2649 405 2739 potentiores
433 2650 489 2735 qui
514 2647 711 2718 videbantur
735 2667 854 2737 regere
879 2649 1048 2739 populum,
1076 2650 1159 2716 olam
1184 2645 1259 2715 Au-

124 2746 283 2814 stralibus
319 2746 533 2816 adherebant.
568 2746 674 2829 Quam
705 2750 871 2817 eivitatem
906 2765 980 2816 oum
1011 2765 1071 2816 rex
1103 2749 1260 2816 intrasset

123 2845 303 2913 eonsilium
327 2846 489 2937 inierunt,
516 2851 554 2914 ut
577 2848 684 2935 ipsum
715 2847 794 2917 dolo
820 2852 974 2916 tenerent
999 2852 1034 2916 et
1058 2845 1260 2914 oraiderent.

122 2943 291 3013 Dicebant
311 2950 421 3012 autem
441 2962 510 3014 non
534 2947 569 3012 in
595 2945 649 3013 die
671 2945 733 3014 sed
759 2949 793 3015 in
820 2952 930 3035 noete,
956 2963 1000 3014 ne
1028 2943 1113 3013 torte
1139 2944 1259 3014 seditio

124 3047 159 3109 et
183 3043 343 3111 tumultus
377 3043 435 3111 liat
459 3045 494 3111 in
518 3045 661 3134 populo,
688 3046 882 3114 simulantes
908 3045 1175 3135 ierosolimam,
1204 3044 1260 3131 qui

121 3158 198 3208 oum
232 3141 433 3211 salvatorem
460 3141 572 3210 mundi
597 3143 748 3229 gloriose
775 3149 809 3212 et
834 3163 907 3212 eum
934 3142 1058 3229 gaudio
1085 3144 1260 3231 sussepis-

126 3245 213 3331 sent,
241 3257 312 3308 non
336 3241 439 3309 mirlto
470 3246 549 3329 post
574 3242 681 3330 ipsum
713 3245 828 3311 mortis
855 3242 1018 3330 supplicio
1043 3241 1260 3310 tradiderunt.

125 3337 183 3406 Sia
216 3341 316 3407 etiam
350 3341 406 3408 isti
440 3338 482 3407 de
515 3345 621 3408 morte
655 3343 747 3427 regis
782 3347 979 3430 tractantes,
1014 3343 1175 3410 miserunt
1199 3357 1260 3428 pro

123 3437 260 3526 hospite
286 3454 349 3506 suo
376 3437 466 3527 apud
486 3455 584 3524 quem
602 3456 640 3507 se
660 3441 795 3531 recepit,
824 3442 880 3528 qui
906 3444 977 3507 erat
1000 3439 1042 3508 de
1068 3438 1260 3510 melioribus

124 3553 233 3626 uuus,
260 3543 420 3624 rogantes
448 3553 540 3627 eum,
566 3543 603 3606 ut
628 3536 728 3606 terret
753 3541 802 3607 eis
828 3539 985 3608 auxflium
1011 3542 1045 3606 ot
1069 3557 1183 3626 regem
1211 3539 1260 3604 eis

124 3634 274 3704 truderet
300 3641 501 3726 opportuna
525 3633 590 3716 Qui
613 3643 651 3704 ut
676 3636 783 3705 tidelis
810 3655 850 3706 aa
875 3637 1023 3726 prudens
1048 3637 1261 3726 dispensator

124 3731 247 3802 domus
275 3751 346 3825 sue,
374 3734 457 3802 dixit
482 3735 551 3802 eis:
578 3753 615 3802 se
633 3738 745 3820 poten
768 3737 851 3804 oette
872 3737 956 3804 mori
979 3753 1077 3821 quom
1104 3736 1175 3822 regi
1195 3733 1261 3800 oti-

122 3833 352 3916 quodmotam
369 3833 487 3917 faeere
502 3835 537 3901 ia
559 3835 654 3902 domo
672 3852 743 3902 aro.
770 3835 812 3903 Et
828 3834 991 3903 resedens
1018 3834 1059 3903 ab
1085 3835 1133 3901 eis
1162 3831 1260 3900 iesti-

123 3947 196 3996 nus
219 3933 387 4019 persuasit
411 3934 498 4023 regi,
526 3937 562 3999 ut
595 3936 794 4020 quantocius
821 3940 855 4002 et
879 3935 952 4002 sine
979 3933 1136 4001 dilatione
1163 3935 1262 3999 exeat

123 4028 314 4120 civitatem,
343 4029 433 4117 quod
460 4032 488 4099 si
515 4032 702 4118 neglexerit
734 4032 820 4100 diem
852 4033 1029 4100 erastinum
1063 4032 1160 4098 vivus
1191 4048 1261 4098 non

125 4132 225 4195 esset
247 4131 391 4200 visurus.
427 4128 490 4211 Qui
516 4147 594 4199 mox
620 4131 785 4200 civitatem
813 4132 929 4200 exiens
956 4146 1112 4200 reversus
1139 4135 1192 4198 est
1218 4127 1260 4198 ad

172 4245 200 4312 i]
216 4251 339 4308 exaltatas
355 4252 394 4306 hs.
