3096 4882
285 175 355 245 202
643 203 746 248 nnrrrn
767 202 901 248 nunwrcs
922 201 976 246 uus
997 200 1109 246 nxrunu.

283 341 506 412 intelleximus
526 338 616 428 qrrod
633 340 663 408 is
688 340 743 426 qui
758 357 878 428 papam
902 356 940 407 se
965 341 1122 429 nominat,
1150 345 1266 408 noster
1281 345 1316 408 et
1330 341 1415 409 sacri

284 443 411 531 imperii
426 439 565 509 Romani
581 439 731 506 notorius
748 439 911 532 inimicus,
940 437 982 506 de
1009 439 1099 506 clero
1125 444 1275 506 morante
1295 441 1331 507 in
1348 439 1415 508 do-

284 543 385 612 minio
412 546 469 608 tuo
496 544 530 607 et
554 537 692 606 aliorum
717 539 892 605 multorum
919 540 1096 606 amicorum
1122 544 1309 608 nostrorum
1335 557 1417 627 par-

285 642 365 709 tium
388 638 578 707 interiorum
604 635 771 724 quoddam
795 654 903 723 genus
926 638 1111 705 exactionis
1131 639 1324 726 pecuniane
1342 638 1418 706 exi·
1533 687 1534 692 ,

285 747 344 828 gat
360 745 393 807 et
412 740 482 806 suis
506 734 794 805 commoditatibus
812 740 845 804 et
860 737 1030 804 iniuriosis
1049 737 1276 827 processibus,
1298 736 1417 822 quibus

285 857 329 908 ex
352 840 467 907 innata
492 853 553 904 sua
579 835 703 903 malitia
729 841 763 902 ot
789 840 904 903 contra
926 835 1032 902 Deum
1054 852 1093 901 ac
1110 837 1270 903 rationem
1296 836 1417 903 buma-

284 957 361 1005 nam
386 943 488 1004 totum
511 933 666 1004 mundum
688 934 800 1023 inficit,
828 939 949 1001 nitatur
970 935 1102 1022 penitus
1128 940 1336 1021 extorquere.
1378 935 1421 1002 Et

287 1055 361 1106 cum
386 1037 496 1124 ipsum
521 1034 587 1102 hoc
612 1033 820 1101 solummodo
846 1035 881 1100 in
906 1034 1114 1120 perniciosas
1142 1039 1274 1120 strages
1298 1033 1419 1101 Christi

286 1135 432 1204 fidelium
453 1140 486 1202 et
508 1135 543 1201 in
565 1138 716 1200 nostrum
737 1137 771 1200 ct
793 1138 880 1200 sacri
901 1133 1028 1220 imperii
1046 1130 1184 1200 Romani
1206 1131 1420 1220 dispendium

287 1239 321 1304 et
352 1236 509 1302 iacturam
543 1237 738 1302 convertere
770 1229 980 1320 dinoscatur,
1013 1230 1205 1299 fidelitatem
1240 1238 1329 1300 tuam
1356 1232 1419 1300 sub

288 1331 352 1402 fide
379 1351 445 1420 qua
470 1330 567 1400 nobis
595 1337 629 1399 et
654 1331 744 1399 dicto
769 1331 907 1418 imperio
934 1331 1059 1398 teucris
1078 1331 1272 1416 requirimus
1299 1337 1333 1398 et
1359 1348 1420 1401 ro-

287 1448 418 1521 gamus,
435 1431 589 1499 volentes
608 1436 773 1518 quatenus
788 1446 918 1497 omnem
929 1428 1053 1498 clerum
1064 1430 1248 1498 secularem
1266 1430 1422 1499 seureli-
1533 1449 1534 1510 3

287 1533 420 1618 giosum
436 1536 564 1598 tuorum
581 1528 785 1598 districtuum
799 1545 873 1596 cum
888 1527 1010 1596 affectu
1026 1528 1189 1617 inhibeam,
1207 1547 1250 1597 ne
1267 1528 1420 1616 predicto

286 1631 418 1699 inimico
444 1635 560 1698 nostro
588 1634 621 1696 et
647 1628 805 1696 turbatori
832 1628 918 1696 sacri
943 1627 1080 1718 imperil,
1110 1633 1225 1696 contra
1242 1646 1341 1715 quern
1361 1645 1422 1716 pro
1533 1673 1534 1678 =

287 1731 411 1798 nostris
446 1734 479 1796 et
512 1729 589 1797 dicti
624 1729 749 1815 imperii
781 1725 907 1794 iuribus
941 1725 1164 1795 delerrdendis
1198 1728 1262 1794 iam
1298 1726 1423 1796 dudum

285 1829 434 1914 legitime
466 1827 618 1896 duximus
645 1823 896 1915 appellandum,
925 1824 1068 1911 aliquam
1094 1827 1318 1913 impositionis
1345 1826 1423 1894 col-

286 1927 405 1995 lectam
440 1926 601 2015 subeant,
634 1925 689 1992 vel
724 1924 822 1992 alicui
856 1941 918 1992 suo
953 1925 1087 1992 nomine
1113 1925 1256 1994 tribuant
1283 1942 1422 2013 quoquo

288 2025 399 2094 modo.
442 2022 539 2104 Quod
567 2025 597 2091 si
623 2022 708 2092 torte
734 2023 1008 2112 presumpserint,
1036 2041 1078 2091 ex
1105 2029 1182 2093 tuuc
1209 2023 1362 2112 deipsis
1390 2030 1425 2093 et

285 2125 449 2192 universis
484 2141 598 2191 eorum
632 2123 729 2190 bonis
763 2121 897 2210 duplum
928 2123 999 2190 eius
1034 2125 1219 2191 exactionis
1256 2123 1353 2192 tollas
1389 2127 1424 2191 et

287 2222 504 2291 effectualiter
530 2223 670 2309 recipias
697 2223 892 2290 auctoritate
918 2227 1035 2290 nostra
1061 2227 1095 2288 et
1112 2222 1191 2290 dicti
1212 2224 1339 2311 imperii
1361 2222 1422 2290 tibi

284 2339 345 2410 per
370 2327 546 2410 presentes
574 2337 742 2408 supereo
769 2319 889 2390 tradita
916 2326 949 2388 ct
975 2337 1149 2391 concessa.
1192 2321 1313 2390 Datum
1338 2320 1420 2389 Me-

288 2420 423 2512 diolani,
449 2422 495 2491 xii
521 2420 586 2490 kal.
612 2421 692 2512 iulii,
721 2421 819 2508 regni
843 2421 949 2488 nostri
973 2419 1041 2489 xiii.

360 2637 388 2696 9.
409 2634 577 2708 margareta
611 2632 762 2694 ro'miscbe
796 2630 930 2692 kaiserln
964 2629 1148 2706 rcrktindigt
1181 2630 1249 2692 dem
1280 2629 1333 2691 abt
1363 2645 1425 2692 ron

413 2715 559 2793 Egmond,
582 2714 653 2776 dass
675 2716 788 2774 sicam
812 2715 850 2774 17
871 2715 977 2774 ianuar
998 2716 1029 2775 in
1057 2713 1111 2774 der
1132 2714 1237 2775 lrircbc
1260 2712 1313 2774 des
1336 2712 1425 2774 beili·
1533 2757 1534 2792 ,

413 2813 472 2872 gen
492 2797 602 2858 Petrus
623 2799 677 2857 mit
699 2794 767 2856 dem
787 2795 993 2858 kaiserlicben
1010 2795 1130 2858 diadem
1145 2795 1275 2872 gekrtint
1297 2795 1426 2856 worden
1533 2795 1534 2810 ¹

413 2881 469 2940 sei.
510 2879 594 2956 Rom,
618 2879 696 2940 1328
718 2880 799 2938 miirz
823 2878 870 2938 15.

362 3013 553 3100 Margareta
584 3012 638 3080 dei
670 3014 781 3098 gracia
805 3011 1028 3084 Romanorum
1056 3015 1261 3105 imperatrix,
1290 3032 1427 3102 semper

289 3119 444 3200 augusta.
489 3111 681 3180 Venerabili
696 3113 766 3180 viro
783 3112 942 3181 ..abbati
959 3113 1198 3204 Egmondcusi,
1226 3131 1289 3182 suo
1309 3119 1343 3182 et
1357 3115 1427 3180 im-
1533 3175 1534 3206 ,

287 3214 372 3304 perii
397 3211 487 3280 fideli
514 3211 647 3302 dilecto,
674 3213 822 3297 graciam
850 3229 943 3280 suam
971 3220 1004 3283 et
1030 3231 1127 3282 omne
1153 3213 1288 3282 bonum.
1342 3211 1427 3280 Cum

288 3311 332 3380 ad
357 3313 463 3401 ipsius
489 3310 621 3379 laudem
641 3315 675 3378 ct
696 3310 834 3396 gloriam
861 3312 1023 3380 immensa
1049 3330 1110 3380 sue
1136 3311 1320 3380 divinitatis
1347 3311 1427 3380 cle-
1533 3361 1534 3364 ,

288 3412 411 3480 mentia
436 3410 539 3501 Deus,
567 3411 702 3498 quiesi
727 3410 890 3479 bonorum
909 3413 1053 3480 omnium
1080 3410 1242 3500 conditor,
1269 3409 1427 3478 dividens

290 3511 431 3597 singulis
447 3516 544 3598 prout
563 3509 642 3599 vult,
670 3509 722 3577 bis
741 3509 860 3578 diebus
878 3527 941 3578 nos
960 3517 993 3578 et
1010 3516 1132 3579 statum
1151 3514 1302 3578 nostrum
1321 3527 1428 3596 gran·
1533 3507 1534 3586 Q

289 3610 411 3679 devum
444 3609 487 3677 ad
519 3609 650 3676 culmen
683 3610 789 3695 gratie
822 3610 1001 3693 singularis
1026 3611 1240 3697 prerogativc
1266 3627 1329 3678 nec
1355 3626 1428 3677 non

289 3709 450 3779 honorem
477 3715 511 3777 et
531 3725 658 3776 nomen
683 3710 784 3776 totius
811 3709 1016 3796 posteritatis
1043 3714 1077 3776 et
1100 3709 1276 3796 progenici
1301 3709 1430 3796 pariter

291 3813 323 3877 et
339 3809 398 3877 alti
414 3809 589 3894 sanguinis
606 3808 713 3874 nostri
736 3806 893 3892 dignatus
918 3806 1017 3876 luerit
1035 3808 1223 3897 sublimare,
1251 3805 1343 3894 quod
1360 3825 1430 3875 au-

290 3907 380 3976 ribus
398 3909 521 3976 vestris
539 3906 669 3975 devotis
684 3911 719 3974 et
732 3905 877 3973 tidelium
892 3913 1082 3976 nostrorum
1100 3905 1257 3975 cordibus
1272 3907 1428 3994 cupimus
1533 3957 1534 3992 ,

289 4007 457 4076 insonare.
502 4004 589 4074 Hinc
621 4010 690 4095 est,
725 4004 816 4092 quod
851 4003 1062 4076 dilectionem
1097 4012 1258 4094 uestrum,
1286 4005 1329 4074 de
1358 4025 1430 4093 qua
1533 4029 1534 4068 r

207 4087 274 4140 ¹3²⁸
291 4105 389 4177 tidem
423 4105 570 4193 gerimus
604 4104 806 4195 specialem,
844 4106 929 4174 seire
954 4105 1130 4189 volumus,
1163 4103 1254 4193 quod
1279 4105 1313 4172 in
1340 4105 1430 4174 urbe
1533 4141 1534 4160 r

217 4170 272 4276 Ἣ
290 4206 357 4273 xvii
384 4205 437 4274 dic
463 4205 600 4274 ianuarii
627 4205 770 4294 mensiS,
798 4204 953 4274 uidelicet
985 4205 1152 4275 dominica
1179 4223 1245 4293 qua
1272 4209 1432 4273 cantatur
1533 4199 1534 4234 l
