3096 4882
437 217 500 262 nnn
522 218 645 263 nussum
667 218 829 266 uuuorrous
850 221 916 266 aar.
1171 193 1242 262 lta

101 355 253 444 pitolium
269 355 343 442 ipse
361 357 545 444 reginaque
572 358 695 444 pariter
712 357 909 450 consedere,
937 376 1100 428 concessa
1115 363 1241 450 populo
1261 375 1328 431 lata

101 455 261 543 plebique
279 453 502 524 Romanorum
519 454 561 523 de
579 456 677 524 robus
698 458 823 545 imperii
841 464 1008 546 potestate
1030 459 1240 552 consulendi,

103 553 339 641 efficiendique
357 553 515 642 quicquid
531 553 574 622 ad
591 560 713 622 statum
732 557 912 646 reipublice
927 559 1117 646 pertineret.

178 652 277 720 Plebs
295 671 375 722 vero
392 671 433 721 ao
446 654 603 743 populus,
618 660 654 722 ut
668 672 781 723 eorum
798 658 899 724 moris
917 673 1049 745 semper
1066 662 1128 746 cst,
1150 676 1241 744 gau-

103 751 184 820 dere
222 754 320 820 novis
354 752 474 842 rebus,
500 771 569 820 non
607 753 706 822 modo
732 753 895 822 Ludovici
921 772 1042 823 nomen
1070 757 1240 848 extollere,

102 849 348 939 sedctpapam
374 851 534 920 loannem
561 851 720 920 detestari
746 854 912 923 criminari
938 856 972 923 in
993 855 1162 943 publicum
1179 873 1239 925 oe-

100 968 194 1039 pere‚
221 969 402 1038 verumque
430 969 549 1040 papam
576 969 712 1038 negare.
755 952 852 1021 Nova
872 954 1009 1021 crimina
1027 957 1060 1022 in
1080 973 1154 1022 eum
1175 955 1241 1024 ad-

101 1049 228 1117 dicere.
273 1047 357 1117 Dum
382 1068 402 1117 a
426 1051 524 1138 plebe
548 1052 686 1138 primurn
713 1053 880 1120 succrevit
903 1069 981 1143 vox,
1007 1055 1040 1121 in
1066 1054 1241 1142 ipsumque

104 1148 230 1234 vulgus
245 1149 399 1217 invaluit:
425 1149 608 1234 Reprobari
630 1149 789 1218 loannem
807 1169 944 1237 papam,
961 1157 1070 1238 atque
1089 1169 1155 1220 non
1172 1171 1241 1239 pa-

97 1265 185 1332 parn
208 1245 330 1315 baden.
372 1248 498 1316 Naoura
522 1250 701 1316 creandam
717 1268 874 1317 mnarum
886 1251 1083 1336 pontificem,
1109 1254 1164 1338 qni
1181 1251 1242 1320 sibi

98 1346 246 1430 fratrum
264 1347 483 1414 cardinalium
503 1363 660 1415 nouorum
674 1355 864 1416 contractam
879 1355 1032 1417 eoncreet
1046 1355 1144 1437 atque
1160 1369 1241 1419 con-

100 1446 240 1524 abach·
273 1450 526 1513 sacrosanctam
559 1447 735 1515 ecclesiam
768 1447 952 1514 Romanam
981 1450 1015 1516 in
1045 1467 1108 1516 ana
1136 1449 1243 1518 Roma

101 1543 283 1612 ordinariis
317 1544 462 1612 bandus
494 1550 606 1630 repat,
639 1550 826 1612 reverenter
854 1547 1037 1629 officiorum
1062 1548 1243 1616 dioinomrn

102 1640 295 1710 celebritate
319 1645 474 1723 decoret·
500 1644 590 1712 illurn
609 1643 778 1727 Ioannem,
804 1646 858 1730 qni
878 1649 972 1711 trans
999 1649 1124 1713 meotes
1144 1663 1243 1714 sacre

102 1741 245 1808 ecclesie
262 1742 388 1826 alludit,
414 1742 689 1823 anathematizet·
713 1743 766 1810 bic
782 1743 920 1826 calcor,
944 1747 979 1812 ia
995 1748 1243 1830 reverentiaque

101 1839 326 1908 Ronmncrnm
352 1847 386 1909 et
411 1845 507 1909 totins
533 1841 622 1910 orbis
655 1847 742 1910 terre
765 1841 952 1922 aureolam·
976 1845 1029 1910 cni
1054 1849 1087 1910 et
1109 1845 1244 1931 specia-

102 1938 182 2006 liter
208 1945 394 2024 pareatum·
426 1946 595 2027 trinamque
626 1941 786 2024 tubuncl,
811 1945 845 2009 et
877 1942 1057 2027 temporale
1087 1947 1120 2009 et
1142 1944 1242 2030 spiri-

101 2037 205 2120 tuale,
231 2038 332 2106 Rome
357 2042 525 2107 consistat.
570 2039 647 2108 Vox
672 2040 735 2108 hec
762 2058 1002 2128 communeque
1027 2041 1136 2129 plebis
1162 2042 1244 2110 vul-

102 2155 189 2222 gare
216 2137 258 2206 ad
284 2140 442 2227 populum
470 2145 502 2206 et
527 2145 640 2228 patres
669 2139 876 2229 conscendit,
903 2140 1059 2228 adeoquo
1084 2139 1242 2228 irequens

102 2237 295 2327 increbruit,
321 2242 359 2305 ut
382 2240 454 2326 pari
480 2240 626 2307 omniurn
649 2257 818 2306 consensu
840 2237 882 2307 ad
900 2237 1107 2308 Ludovioum
1129 2257 1244 2326 regem

101 2352 202 2404 suum
227 2336 291 2404 heo
308 2337 490 2426 retulerint,
518 2337 656 2425 fierique
677 2338 799 2405 obnixe
816 2339 1069 2426 postulaverint.

180 2435 381 2526 Ludovious,
408 2435 539 2505 lortune
566 2438 638 2505 eius
663 2454 859 2505 successum
880 2454 949 2505 non
969 2437 1131 2527 abnuens,
1158 2439 1245 2506 inter

103 2537 265 2625 primates
299 2538 351 2603 sui
385 2535 611 2626 contubernii,
645 2553 732 2622 quos
764 2554 879 2604 secum
911 2554 953 2604 ex
976 2533 1151 2603 Alemania
1178 2535 1243 2603 ab·-

103 2635 256 2723 duxerat,
284 2635 348 2702 hec
371 2634 579 2721 exquirenda
607 2640 640 2703 et
660 2634 808 2704 consiliis
833 2633 1048 2703 cruminanda
1067 2634 1245 2719 diligenter

103 2735 293 2824 proposuit.
333 2733 371 2801 In
391 2735 431 2802 iis
448 2733 554 2802 Italici
572 2733 638 2802 duo
660 2739 764 2823 erant,
783 2736 839 2821 qui
852 2731 1016 2802 Ludovici
1033 2732 1245 2821 productioni

104 2849 227 2922 operas
257 2832 380 2901 multas
412 2831 592 2923 dederant,
621 2833 762 2920 eiusque
787 2832 882 2901 lateri
908 2849 986 2901 sesa
1013 2832 1244 2922 adiunxerant,

104 2949 248 3019 quorum
275 2932 423 3000 consiliis
450 2933 658 3019 potissimum
684 2931 871 3000 fruebatur:
898 2931 1069 3000 Marsilius
1091 2930 1132 3000 de
1154 2930 1246 3020 Ray-

103 3029 285 3119 nundinis,
314 3033 396 3099 civis
423 3030 599 3099 Paduanus
624 3030 793 3121 plebeiuS,
820 3031 1032 3120 philosophie
1058 3049 1185 3118 gnarus
1212 3033 1247 3098 el

103 3147 167 3198 ore
194 3129 351 3214 disertus,
377 3135 411 3198 et
428 3129 606 3198 Ubertinus
634 3129 677 3198 de
701 3128 813 3198 Casuli
834 3131 1020 3220 leucensis,
1048 3129 1245 3220 monachus,

102 3231 158 3297 vir
186 3229 334 3296 sindliter
366 3234 494 3297 astutus
522 3236 556 3297 et
591 3230 803 3315 ingeniosus.
851 3229 931 3296 Cum
963 3228 1015 3297 his
1049 3234 1082 3297 et
1108 3229 1246 3316 reliquis

105 3345 173 3396 sue
199 3329 452 3418 commurdonis,
479 3333 517 3396 ut
543 3326 665 3396 dictum
692 3335 759 3418 est,
788 3329 927 3396 consilio
955 3327 1100 3418 firmato,
1127 3327 1247 3396 decre-

102 3435 178 3496 tum
193 3432 255 3516 est,
276 3428 391 3516 populi
409 3425 548 3496 Romani
566 3427 816 3496 inductionibus
839 3426 1056 3514 consiliisque
1074 3427 1246 3517 adherere,

103 3543 173 3594 nec
199 3526 240 3594 ab
268 3543 383 3594 eorum
410 3527 559 3595 consiliis
586 3545 625 3594 ao
651 3527 848 3596 assensibus
875 3525 1059 3595 discedere.
1094 3525 1163 3615 Ipsi
1182 3525 1247 3593 de-

104 3631 265 3714 cernant,
302 3643 363 3694 suo
391 3631 526 3694 senatus
562 3625 816 3713 tribunatusque
850 3626 1006 3695 consulto
1032 3625 1067 3694 iu
1094 3624 1247 3694 omnibus

102 3722 303 3813 parendum.

185 3823 340 3892 Protinus
356 3823 658 3894 vehementissimis
672 3822 788 3912 populi
803 3821 942 3891 Romani
960 3820 1137 3911 caloribus,
1154 3821 1247 3908 igni-

106 3923 223 4008 tisque
250 3921 293 3990 ad
320 3922 382 3989 has
408 3940 462 3990 res
481 3939 587 3991 notras
614 3924 742 4012 animia,
769 3922 914 3991 Ioannes
934 3920 1023 3989 XXII
1048 3914 1159 4010 papa¹
1183 3937 1248 3988 ex-

105 4021 693 4110 communicationibuspropinatis,
719 4023 753 4088 iu
777 4039 956 4109 personam
983 4025 1017 4088 et
1041 4025 1136 4088 actus
1163 4021 1247 4110 eiua,

104 4126 210 4208 prout
236 4121 301 4187 iam
330 4117 408 4188 dicti
426 4119 594 4188 Marsilius
619 4128 651 4189 et
665 4120 843 4188 Ubertinus
859 4119 1069 4189 consultores
1091 4135 1132 4188 ao
1149 4121 1248 4187 etiam

144 4243 178 4309 1]
197 4247 225 4298 in
244 4243 387 4300 Iohannem
404 4245 473 4304 xllll
489 4261 581 4316 papam
597 4247 631 4301 ist
648 4245 778 4302 vielleicht
794 4259 826 4298 zu
844 4245 927 4300 lesen.
