3096 4882
289 203 361 273 268
652 232 718 278 urm
741 232 848 279 cauom
870 231 978 288 cunum
1000 233 1059 276 mr.

205 372 376 442 rantibus
404 369 552 460 CuthniS,
578 367 729 438 abitalia
747 370 849 439 verba
866 388 938 439 cum
965 368 1148 438 baronibus
1175 369 1270 455 regni
1297 368 1418 458 babuit,

289 471 447 560 recessit,
475 475 509 537 et
535 468 576 536 ad
611 468 729 537 ducem
754 469 926 538 Nicolaum
959 468 1001 537 de
1028 466 1157 558 Opavia
1183 468 1236 537 die
1264 472 1297 535 at
1323 474 1420 536 nocte

287 570 485 638 festinanter
509 571 708 656 properavit.
742 568 784 636 lit
810 570 918 636 statim
945 570 1052 636 secuti
1080 574 1158 636 sunt
1184 586 1258 635 eum
1279 565 1421 634 barones

288 675 322 738 et
346 670 442 754 regni
469 666 599 736 nobiles
625 669 791 758 universi,
824 673 858 735 et
884 673 1062 754 antequam
1089 665 1132 735 ad
1157 666 1280 735 dictum
1307 663 1423 732 ducem

286 769 456 855 venirent,
492 765 678 833 habuerunt
712 766 779 834 duo
814 766 916 834 millia
941 766 1159 856 galeatorum,
1188 764 1339 852 exceptis
1365 781 1424 833 sa-

286 867 429 955 gittariis
465 870 498 932 et
523 864 596 933 aliis
623 865 783 933 decenter
817 865 963 933 armatis.
1012 862 1105 944 Quos
1131 865 1254 933 nobilis
1285 862 1424 932 Zdenko

286 966 329 1035 de
355 965 450 1054 Lypa
477 981 549 1030 cum
577 966 734 1032 trecentis
770 967 901 1032 armatis
936 965 1032 1032 citius
1068 963 1232 1032 currendo
1262 963 1424 1052 prevenit,

287 1072 320 1134 et
347 1083 420 1133 oum
455 1063 601 1148 Ungaris
628 1068 661 1131 et
687 1064 759 1132 aliis
767 1116 777 1154 ,
805 1065 862 1150 qui
895 1062 936 1131 de
973 1062 1125 1131 Cazimiri
1151 1063 1242 1150 regis
1268 1060 1424 1130 mandato

287 1165 383 1234 ducis
421 1163 586 1230 civitatem
621 1162 843 1253 obsederant,
877 1163 999 1230 bellum
1035 1161 1196 1231 icrvidum
1221 1163 1425 1229 instauravit.

286 1261 381 1344 Quos
417 1261 530 1346 lugam
557 1262 730 1349 capientes
757 1279 864 1349 usque
896 1264 931 1330 in
957 1263 1122 1330 civitatem
1149 1260 1343 1329 Cracoviam
1369 1261 1425 1326 in-

286 1367 424 1431 secutus
451 1367 513 1428 est.
567 1359 609 1428 ot
633 1362 667 1428 in
694 1360 811 1429 eadem
838 1359 918 1447 iuga
944 1362 1083 1428 trecenti
1109 1361 1235 1446 Ungari
1262 1358 1426 1426 interlecti

288 1468 384 1552 sunt,
421 1467 455 1528 et
489 1460 666 1545 sexaginta
696 1461 759 1528 viri
793 1460 925 1528 nobiles
952 1459 1119 1548 captivati.
1160 1457 1319 1545 Reliquos
1346 1475 1427 1527 verc

288 1563 337 1628 sic
371 1558 611 1646 insequebatur
645 1559 760 1649 avide,
794 1565 831 1626 ut
863 1561 936 1646 ipse
973 1566 1007 1627 et
1039 1577 1161 1645 magna
1186 1576 1263 1646 pars
1290 1575 1425 1626 sucrum

287 1661 451 1730 civitatem
485 1659 646 1726 intrarent
679 1659 789 1726 animo
825 1657 1021 1746 furibund03
1057 1659 1114 1745 qui
1148 1655 1299 1725 cancello
1327 1658 1426 1726 turris

288 1758 454 1848 demisso,
491 1757 622 1824 luerunt
652 1758 685 1824 in
717 1759 790 1846 ipsa
826 1758 959 1826 civitate
986 1759 1116 1826 retenti.
1159 1753 1230 1825 lieu
1256 1773 1337 1824 vero
1364 1756 1425 1824 lo-

286 1858 416 1926 hannes
450 1855 548 1924 valde
581 1855 708 1923 serebat
741 1874 853 1925 amaro
883 1858 1013 1945 animo,
1043 1855 1132 1944 qucd
1158 1857 1233 1943 ipse
1259 1854 1424 1924 disturbio

288 1957 345 2024 tali
379 1973 447 2024 non
481 1953 647 2044 interfuit,
688 1956 765 2042 quia
800 1957 963 2024 civitatem
998 1956 1072 2024 sinc
1108 1956 1197 2024 omni
1235 1955 1428 2022 resistentia

289 2055 525 2142 acquisivisset
587 2053 703 2121 Statim
737 2061 846 2122 tamen
881 2054 1000 2122 eodem
1034 2054 1087 2123 die
1123 2052 1317 2122 Cracoviam
1353 2071 1429 2121 cum

287 2171 412 2240 magno
439 2151 571 2221 obsedit
598 2154 755 2242 exercitu,
784 2158 818 2220 et
842 2153 984 2222 iacendo
1010 2153 1143 2242 ibidem,
1171 2159 1273 2221 totam
1298 2159 1427 2241 terram,

288 2251 501 2341 depopulatis
520 2251 696 2340 suburbiis,
723 2257 817 2339 parte
839 2254 981 2320 maxima
999 2252 1199 2321 devastavit.
1245 2252 1339 2320 Tunc
1358 2249 1428 2318 Ca·

285 2353 418 2420 zimirus
458 2367 517 2418 rex
544 2349 704 2418 Cracovie
732 2352 901 2420 nunciavit
927 2352 999 2438 regi
1025 2351 1188 2440 iohanni,
1215 2355 1252 2417 ut
1277 2350 1321 2420 ad
1349 2351 1426 2418 evi-

286 2450 387 2519 tanda
420 2450 591 2519 multarum
626 2467 846 2538 personarum
879 2451 1043 2539 pericula,
1080 2467 1193 2519 secum
1228 2450 1303 2518 solo
1330 2449 1426 2518 solus

285 2551 320 2618 in
347 2551 446 2619 stuba
473 2549 692 2640 clauderetur,
720 2555 754 2617 et
776 2551 833 2638 qui
854 2550 900 2618 ibi
921 2551 1019 2618 alium
1038 2551 1198 2637 vinceret,
1226 2567 1323 2617 suum
1342 2566 1429 2637 prc-

285 2651 430 2739 positum
457 2648 500 2716 de
528 2667 568 2718 eo
596 2649 769 2720 obtineret.
813 2648 881 2718 Sed
908 2650 985 2736 quia
1010 2666 1069 2716 rex
1094 2648 1262 2716 lohannes
1291 2649 1428 2716 omnino

288 2754 366 2816 tunc
392 2753 570 2817 excecatus
598 2752 676 2837 emt,
704 2749 875 2816 nunciavit
901 2748 984 2816 sibi:
1011 2746 1101 2834 quod
1129 2765 1167 2815 se
1194 2748 1348 2816 excecari
1374 2745 1430 2814 ia·
1463 2769 1467 2775 ·

288 2854 388 2938 aeret,
417 2853 494 2915 tunc
520 2846 739 2914 libentissime
766 2847 900 2934 paribus
929 2849 1025 2915 armis
1052 2846 1154 2915 vellet
1178 2847 1299 2914 intrare
1328 2845 1429 2914 duel-

287 2947 364 3014 lum.
397 2947 477 3014 Post
503 2945 567 3012 boo
592 2950 728 3032 petente
757 2944 929 3034 Cazimiro,
958 2948 1066 3013 statim
1085 2945 1218 3014 luerunt
1238 2951 1428 3032 treugarum

289 3047 384 3112 trium
415 3045 669 3132 septimanarum
703 3045 789 3110 inter
815 3061 875 3113 eos
901 3044 1034 3113 inducie
1060 3049 1245 3133 procurate.
1297 3043 1425 3125 Quibus

287 3143 491 3233 petentibus,
518 3147 588 3210 tota
614 3143 851 3211 inimicitiarum
878 3146 1015 3212 materia
1042 3143 1103 3212 luit
1130 3144 1353 3235 complanata,
1380 3146 1425 3212 ita

289 3249 325 3310 ut
351 3241 491 3310 Karalus
518 3241 663 3311 marchio
692 3241 843 3311 Moravic
870 3243 912 3311 de
941 3243 1057 3312 decem
1079 3261 1261 3311 marcarum
1280 3243 1426 3312 millibus

290 3343 430 3429 argenti,
458 3359 523 3427 quc
551 3341 613 3408 sibi
640 3340 762 3409 dudum
778 3341 969 3410 ‘Cazimirus
997 3344 1030 3410 in
1056 3349 1169 3411 mutuo
1198 3347 1425 3429 concesserat,

291 3442 421 3527 quietus
457 3439 673 3508 dimitteretur
707 3443 842 3510 omnino
877 3449 908 3510 et
942 3442 1084 3512 solutus.
1135 3442 1176 3509 Et
1202 3443 1252 3511 sic
1279 3444 1427 3510 extincta

291 3540 514 3609 dissensionis
541 3542 687 3629 materia,
715 3539 775 3608 luit
800 3543 886 3609 inter
910 3559 971 3610 eos
995 3542 1089 3629 pacis
1118 3541 1340 3628 tranquillitas
1364 3558 1426 3629 po-

291 3641 355 3708 sita
390 3643 423 3706 et
458 3639 592 3707 sumata.
638 3639 675 3706 ln
708 3658 775 3727 qua
810 3639 944 3728 quidem
976 3641 1069 3729 pacis
1097 3640 1281 3710 firmatione
1310 3655 1424 3709 omnes

289 3740 343 3808 isti
369 3739 549 3828 principes,
578 3739 633 3826 qui
659 3740 751 3826 prius
778 3741 885 3827 ipsum
913 3758 1026 3826 regem
1053 3739 1234 3808 iohannem
1262 3746 1295 3808 et
1316 3740 1425 3808 Karo-

288 3839 353 3908 lum
380 3838 603 3906 marchionem
624 3837 773 3906 Moravic
800 3837 1040 3929 diffidaverant,
1068 3837 1200 3908 luerunt
1224 3839 1420 3909 unanimiter

294 3936 541 4026 comprehensi.

365 4029 463 4104 Post¹
490 4035 555 4103 hoc
587 4035 780 4104 Ludovicus
806 4038 956 4106 Bararus
983 4039 1201 4128 sollempnem
1228 4055 1322 4108 suam
1347 4052 1417 4104 am·

326 4188 356 4254 1)
374 4187 422 4242 bie
445 4188 501 4241 bier
525 4188 564 4242 bis
592 4203 648 4241 zum
675 4189 791 4243 scblussc
816 4189 862 4244 des
886 4189 1004 4246 absatzes
1031 4190 1184 4246 erwinuten
1212 4191 1421 4254 verbandlungen

293 4257 369 4312 fallen
388 4256 523 4312 uniabibar
540 4271 599 4310 vor
618 4257 667 4311 den
685 4257 840 4326 polniscbeo
859 4259 932 4326 krieg
957 4262 1015 4316 dem
1032 4263 1072 4316 sie
1090 4260 1147 4316 bier
1163 4260 1295 4328 unricbtig
1313 4257 1421 4325 nacbge-
