3028 4878
452 201 593 249 ronnrurs
613 199 820 249 rrcroruunsrs.
856 204 880 268 5,
898 200 922 253 9
1188 173 1259 242 tos

120 339 163 406 de
178 339 288 408 verbis
306 340 467 428 apostoli:
493 342 639 431 „Fuistis
663 340 843 428 aliquando
864 341 1013 429 tenebre,
1040 357 1129 408 nuno
1150 347 1259 409 autem
1278 353 1345 408 reso

120 437 214 505 lux'
204 457 239 505 rn
265 438 410 530 domino,
415 435 471 474 “
461 458 570 528 rpsum
597 438 638 506 ad
665 441 883 528 episeopatus
910 441 1038 528 apioem
1065 438 1303 508 decreverat

121 537 288 624 exaltare,
322 540 386 605 nisi
413 537 503 626 quod
530 537 715 607 cardinales
741 546 983 626 persuaserunt
1006 547 1044 606 ut
1070 536 1188 627 fertur,
1216 557 1259 606 ne

120 641 187 703 tum
212 636 331 704 leviter
358 643 448 704 tanta
474 655 563 704 noxa
589 637 792 727 solveretur,
828 637 1063 726 etamplius
1054 653 1088 703 rn
1115 637 1260 705 eoelesia

120 751 190 802 non
217 741 396 822 exurgeret
422 741 547 804 tantum
576 733 681 824 nesae,
709 738 812 804 artius
840 736 1081 826 castigandum,
1108 753 1177 804 non
1200 754 1260 824 pro

119 832 186 901 hoo
211 835 342 920 piaoulo
371 834 622 902 sublimandum.
655 835 697 902 Et
722 837 772 902 sio
797 835 949 902 sublatus
971 853 1039 903 non
1059 836 1260 922 comparuit,

120 931 352 1001 niohilominus
381 935 455 1002 sine
481 933 661 1002 allietione
680 952 754 1001 oum
773 935 977 1002 neeessariis
1005 931 1210 1002 sullroienter
1228 940 1262 1002 ot

124 1030 308 1100 honorilice
336 1038 563 1102 conservatur.

198 1128 303 1216 Igitur
321 1128 443 1200 Ottone
466 1131 551 1199 duee
568 1147 692 1199 morarn
715 1130 748 1197 in
767 1129 996 1218 superioribus
1021 1130 1182 1219 trahente,
1210 1132 1262 1198 oi-

122 1229 209 1297 vitas
238 1227 446 1298 Columbaria
471 1230 616 1298 nobilem
644 1229 685 1297 de
702 1225 813 1296 distat
834 1231 979 1314 graviter
1002 1247 1112 1297 rerum
1130 1245 1262 1296 suarum

124 1327 368 1415 direptionibus
395 1329 603 1416 molestabat,
632 1329 786 1395 inanius
813 1325 960 1396 levorem
988 1327 1056 1396 dux
1082 1329 1262 1396 exereitum

123 1425 249 1494 oonllat
274 1427 429 1518 validum,
457 1434 491 1496 et
517 1429 683 1496 eivitatem
710 1425 887 1494 obsidione
914 1426 1101 1494 firmissima
1123 1429 1262 1494 eiroum-
1286 1449 1341 1488 rur.

121 1524 287 1616 vallabat,
321 1533 354 1595 et
380 1527 466 1595 adeo
494 1527 686 1613 angustavit
711 1531 747 1590 ut
771 1523 945 1592 Ludewioi
977 1525 1169 1611 suffragium
1196 1527 1263 1592 im-

121 1623 279 1712 ploraret.
313 1623 376 1706 Qui
403 1625 555 1694 oolleotis
583 1626 688 1714 copiis
714 1625 749 1690 in
775 1620 909 1691 Ottouis
936 1625 1127 1711 oppositum
1153 1630 1264 1692 eastra

120 1723 220 1791 loeat
255 1722 314 1791 Cui
334 1742 407 1793 uum
427 1744 470 1793 ex
496 1743 583 1812 equo
611 1725 645 1791 in
670 1722 808 1812 prelium
835 1738 904 1789 non
929 1727 1049 1810 posset
1072 1739 1262 1812 uoourrere,

121 1823 241 1910 pausis
268 1822 309 1892 de
336 1826 475 1910 negotiu
502 1831 554 1892 est
579 1828 763 1910 truotatum,
791 1820 1069 1908 quemadmodum
1083 1818 1162 1889 Otto
1177 1838 1263 1909 pro·

121 1937 249 2009 pensus
282 1921 433 2010 adesset3
466 1923 532 1990 nisi
566 1921 657 2009 quud
690 1919 823 2008 quidam
851 1919 892 1988 de
920 1920 1121 1989 oonsiliariis
1149 1921 1180 1988 ei
1206 1921 1262 1987 in-

122 2021 244 2110 gessit,
270 2027 307 2088 ut
333 2020 449 2090 durum
476 2014 534 2089 se¹
562 2020 743 2110 exhiberet,
770 2037 814 2086 ne
839 2018 1043 2087 Ludewious
1070 2019 1170 2089 robur
1186 2016 1263 2088 Au-

121 2119 272 2188 stralium
299 2119 418 2188 dueum
445 2122 479 2188 in
505 2125 608 2187 morte
635 2117 842 2207 quorundum
869 2117 1002 2187 iratrum
1021 2118 1171 2187 erederet
1197 2119 1263 2186 mi-

120 2210 306 2310 noratum2,
333 2237 397 2287 neo
423 2221 534 2305 magni
556 2220 710 2288 estimare
730 2219 865 2303 triginta
880 2217 982 2285 millia
998 2235 1176 2285 maroamm
1198 2234 1263 2305 que

119 2316 326 2385 Ludewious
355 2317 601 2408 spoponderat,
629 2335 702 2384 oum
731 2333 768 2384 se
794 2333 855 2403 per
882 2315 998 2384 eudem
1025 2315 1067 2383 de
1094 2317 1262 2405 pressuris

119 2417 192 2484 suis
221 2416 367 2485 nondum
394 2436 436 2485 ex
462 2419 595 2502 integro
622 2415 796 2503 relevaret,
823 2414 960 2503 insuper
983 2419 1016 2482 et
1035 2415 1136 2482 robur
1160 2432 1264 2482 vere-

119 2514 266 2584 oundius
285 2517 348 2584 sibi
366 2521 603 2606 sucoresoeret,
618 2515 647 2584 si
663 2533 724 2603 pro
742 2514 822 2581 tanti
838 2512 976 2581 honoris
994 2513 1129 2599 lastigio
1145 2531 1263 2581 manus

120 2621 156 2682 et
184 2632 243 2682 eor
275 2615 331 2683 vili
356 2616 498 2704 pecunia
532 2614 722 2682 maoularet.
760 2611 907 2696 Contigit
934 2612 995 2678 sub
1031 2611 1082 2678 bis
1110 2611 1263 2680 lluotibus

118 2731 239 2799 regern
272 2714 431 2783 Bobemie
466 2712 643 2801 advenire,
672 2713 728 2799 qui
757 2713 806 2778 ire
833 2709 1000 2798 disposuit
1025 2710 1068 2778 ad
1095 2717 1263 2800 montana,

119 2820 155 2880 et
184 2812 309 2899 alloqui
343 2813 534 2881 Heinrioum
568 2811 687 2880 duoem
722 2809 893 2877 Karintbie
919 2827 979 2898 pro
1005 2811 1112 2896 puetis
1139 2811 1263 2898 nuptiis

119 2912 180 2979 irlii
215 2913 267 2978 sui
292 2911 451 2979 lobannis
479 2918 513 2979 et
546 2910 611 2978 blie
637 2910 726 2978 illius
753 2908 986 2997 Margaretlre,
1013 2926 1079 2994 pue
1105 2910 1170 2977 iarn
1195 2927 1263 2996 pu-

117 3011 288 3100 bosseret,
317 3010 563 3078 confirmandis
593 3011 635 3078 Et
650 3009 853 3092 investigata
871 3009 1000 3093 origine
1018 3005 1161 3097 discidii,
1188 3025 1263 3075 am-

116 3111 184 3178 bos
212 3109 358 3177 breuiter
383 3109 577 3199 alloquens,
608 3110 693 3175 inter
724 3123 785 3175 eos
812 3107 987 3174 amicitiam
1014 3105 1189 3193 stabilivit3
1217 3111 1263 3173 na
1281 3138 1343 3179 irre.

116 3215 156 3277 ut
183 3207 389 3277 Ludewious
417 3225 586 3298 expensus
613 3204 745 3275 Ottonis
772 3203 902 3272 habitas
921 3206 986 3271 et
976 3223 1011 3272 rn
1034 3206 1171 3274 servitio
1197 3207 1262 3271 im·
1306 3192 1323 3247 ⁶

115 3309 205 3398 perii
232 3309 266 3376 in
292 3308 454 3394 reliquum
480 3305 653 3375 habendas
679 3304 798 3390 viginti
824 3319 1007 3370 marearum
1034 3303 1177 3372 millibus
1204 3321 1263 3372 re·

115 3407 272 3495 sarciret,
298 3423 360 3494 pro
379 3407 499 3494 quibus
526 3406 589 3474 sibi
617 3409 759 3492 quatuor
784 3400 909 3469 eleotas
937 3401 1089 3470 oivitates
1109 3420 1182 3470 eum
1205 3404 1264 3470 in-

116 3506 313 3574 strumentis
340 3506 584 3594 impignoravit.
615 3504 656 3571 Et
678 3503 727 3570 sio
749 3500 791 3567 ab
816 3501 958 3568 invioem
986 3505 1040 3568 est
1064 3499 1264 3570 disoessum.

168 3657 170 3660 .
199 3602 295 3671 Cirou
311 3604 376 3674 boe
389 3611 520 3693 tempus
538 3602 670 3692 quidam
693 3599 815 3667 nobilis
832 3598 1038 3666 Thentoniee
1058 3598 1201 3667 nationis
1221 3617 1264 3667 ex

115 3703 306 3791 Karintbiu,
334 3703 376 3771 de
404 3703 551 3791 partibus
580 3700 805 3770 transmarinis
833 3696 889 3764 ubi
917 3696 973 3764 diu
990 3697 1184 3764 exulaverat
1204 3715 1263 3765 re-
1317 3757 1323 3763 .

116 3804 235 3891 diens,
263 3801 345 3869 dixit
371 3819 409 3870 se
435 3804 469 3869 in
496 3801 651 3869 ulteriore
672 3795 807 3866 Oriente
832 3796 957 3865 vidisse
981 3795 1118 3864 arbores
1146 3796 1263 3864 exrel-

113 3902 225 3972 lentis
252 3900 434 3969 altitudinis
461 3916 551 3968 anno
577 3899 743 3967 trioesimu
770 3901 896 3964 tantum
922 3894 1170 3984 lruotiiioantes,
1198 3913 1262 3982 que

114 3999 334 4092 protulerunt
366 4016 466 4088 pornu
494 3997 711 4088 puloberrima
739 4001 772 4063 et
797 4011 918 4080 grossa
943 3992 1175 4062 iooondr'ssimi
1203 4011 1264 4061 sa-

151 4154 187 4215 1)
208 4164 239 4205 se
256 4153 291 4206 ist
308 4150 417 4218 ergiuzt
435 4149 499 4204 naeb
516 4147 616 4203 Peneus
634 4146 780 4214 rorsebiag.
815 4148 846 4214 2)
865 4159 895 4199 so
915 4144 1071 4200 rerbessere
1089 4143 1129 4198 iclr
1149 4143 1195 4198 das
1213 4149 1263 4196 irn-

113 4223 249 4277 moratum
268 4219 315 4273 des
331 4217 437 4273 iriibern
455 4216 591 4272 abdruelrs.
