<?xml version="1.0" encoding="UTF-8"?>
<!DOCTYPE html PUBLIC "-//W3C//DTD XHTML 1.0 Transitional//EN"
    "http://www.w3.org/TR/xhtml1/DTD/xhtml1-transitional.dtd">
<html xmlns="http://www.w3.org/1999/xhtml" xml:lang="en" lang="en">
 <head>
  <title>
</title>
<meta http-equiv="Content-Type" content="text/html;charset=utf-8" />
  <meta name='ocr-system' content='tesseract 3.04.00' />
  <meta name='ocr-capabilities' content='ocr_page ocr_carea ocr_par ocr_line ocrx_word'/>
</head>
<body>
  <div class='ocr_page' id='page_1' title='image "./fontesrerumgerm02hubegoog_0402.png"; bbox 0 0 3044 4882; ppageno 0'>
   <div class='ocr_carea' id='block_1_1' title="bbox 459 221 1276 314">
    <p class='ocr_par' dir='ltr' id='par_1_1' title="bbox 459 221 1276 314">
     <span class='ocr_line' id='line_1_1' title="bbox 459 221 1276 314; baseline -0.002 -22"><span class='ocrx_word' id='word_1_1' title='bbox 459 246 602 294; x_wconf 80' lang='lat' dir='ltr'><strong>ronnnnes</strong></span> <span class='ocrx_word' id='word_1_2' title='bbox 622 249 830 294; x_wconf 83' lang='lat' dir='ltr'><strong>vrorournrvsrs.</strong></span> <span class='ocrx_word' id='word_1_3' title='bbox 869 249 892 314; x_wconf 87' lang='lat'><strong>3,</strong></span> <span class='ocrx_word' id='word_1_4' title='bbox 913 249 950 302; x_wconf 71' lang='grc' dir='ltr'><strong>ιο,</strong></span> <span class='ocrx_word' id='word_1_5' title='bbox 1207 221 1276 292; x_wconf 84' lang='grc'><strong>357</strong></span> 
     </span>
    </p>
   </div>
   <div class='ocr_carea' id='block_1_2' title="bbox 132 384 1279 4152">
    <p class='ocr_par' dir='ltr' id='par_1_2' title="bbox 135 384 1277 1171">
     <span class='ocr_line' id='line_1_2' title="bbox 138 384 1277 460; baseline 0.003 -5"><span class='ocrx_word' id='word_1_6' title='bbox 138 384 316 455; x_wconf 80' lang='lat' dir='ltr'><strong>miserabili</strong></span> <span class='ocrx_word' id='word_1_7' title='bbox 344 393 447 456; x_wconf 90' lang='lat' dir='ltr'><strong>morte</strong></span> <span class='ocrx_word' id='word_1_8' title='bbox 474 393 615 456; x_wconf 87' lang='lat' dir='ltr'><strong>rotarum</strong></span> <span class='ocrx_word' id='word_1_9' title='bbox 645 387 881 458; x_wconf 81' lang='lat' dir='ltr'><strong>inflexionibus</strong></span> <span class='ocrx_word' id='word_1_10' title='bbox 915 391 957 460; x_wconf 89' lang='lat' dir='ltr'><strong>do</strong></span> <span class='ocrx_word' id='word_1_11' title='bbox 984 397 1069 460; x_wconf 89' lang='lat' dir='ltr'><strong>terra</strong></span> <span class='ocrx_word' id='word_1_12' title='bbox 1096 392 1277 458; x_wconf 89' lang='lat' dir='ltr'><strong>viventium</strong></span> 
     </span>
     <span class='ocr_line' id='line_1_3' title="bbox 138 487 1276 582; baseline 0.003 -30"><span class='ocrx_word' id='word_1_13' title='bbox 138 487 378 576; x_wconf 85' lang='lat' dir='ltr'><strong>exterminavit,</strong></span> <span class='ocrx_word' id='word_1_14' title='bbox 408 487 564 575; x_wconf 84' lang='lat' dir='ltr'><strong>bonaque</strong></span> <span class='ocrx_word' id='word_1_15' title='bbox 582 504 708 574; x_wconf 91' lang='lat' dir='ltr'><strong>eorum,</strong></span> <span class='ocrx_word' id='word_1_16' title='bbox 723 505 846 557; x_wconf 85' lang='lat' dir='ltr'><strong>uxores</strong></span> <span class='ocrx_word' id='word_1_17' title='bbox 862 496 895 558; x_wconf 84' lang='lat' dir='ltr'><strong>ot</strong></span> <span class='ocrx_word' id='word_1_18' title='bbox 910 509 1045 582; x_wconf 92' lang='lat' dir='ltr'><strong>pueros,</strong></span> <span class='ocrx_word' id='word_1_19' title='bbox 1063 491 1159 579; x_wconf 82' lang='lat' dir='ltr'><strong>quasi</strong></span> <span class='ocrx_word' id='word_1_20' title='bbox 1179 490 1276 557; x_wconf 90' lang='lat' dir='ltr'><strong>avul-</strong></span> 
     </span>
     <span class='ocr_line' id='line_1_4' title="bbox 135 585 1277 678; baseline 0.004 -26"><span class='ocrx_word' id='word_1_21' title='bbox 135 601 247 653; x_wconf 88' lang='lat' dir='ltr'><strong>sarum</strong></span> <span class='ocrx_word' id='word_1_22' title='bbox 276 585 428 654; x_wconf 91' lang='lat' dir='ltr'><strong>arborum</strong></span> <span class='ocrx_word' id='word_1_23' title='bbox 456 587 618 673; x_wconf 89' lang='lat' dir='ltr'><strong>suroulos,</strong></span> <span class='ocrx_word' id='word_1_24' title='bbox 653 585 811 655; x_wconf 88' lang='lat' dir='ltr'><strong>radioitus</strong></span> <span class='ocrx_word' id='word_1_25' title='bbox 839 591 1022 678; x_wconf 76' lang='lat' dir='ltr'><strong>extirpavit.</strong></span> <span class='ocrx_word' id='word_1_26' title='bbox 1057 590 1161 676; x_wconf 80' lang='lat' dir='ltr'><strong>igitur</strong></span> <span class='ocrx_word' id='word_1_27' title='bbox 1185 588 1277 656; x_wconf 91' lang='lat' dir='ltr'><strong>luotu</strong></span> 
     </span>
     <span class='ocr_line' id='line_1_5' title="bbox 136 686 1275 776; baseline 0.004 -26"><span class='ocrx_word' id='word_1_28' title='bbox 136 701 196 771; x_wconf 91' lang='lat' dir='ltr'><strong>per</strong></span> <span class='ocrx_word' id='word_1_29' title='bbox 216 690 319 752; x_wconf 92' lang='lat' dir='ltr'><strong>toturn</strong></span> <span class='ocrx_word' id='word_1_30' title='bbox 338 686 516 754; x_wconf 82' lang='lat' dir='ltr'><strong>ronliuium</strong></span> <span class='ocrx_word' id='word_1_31' title='bbox 542 687 696 774; x_wconf 88' lang='lat' dir='ltr'><strong>enoitato,</strong></span> <span class='ocrx_word' id='word_1_32' title='bbox 726 705 849 774; x_wconf 87' lang='lat' dir='ltr'><strong>eorpus</strong></span> <span class='ocrx_word' id='word_1_33' title='bbox 870 692 960 776; x_wconf 81' lang='lat' dir='ltr'><strong>regis</strong></span> <span class='ocrx_word' id='word_1_34' title='bbox 981 689 1023 757; x_wconf 91' lang='lat' dir='ltr'><strong>ud</strong></span> <span class='ocrx_word' id='word_1_35' title='bbox 1041 690 1275 757; x_wconf 88' lang='lat' dir='ltr'><strong>monasterium</strong></span> 
     </span>
     <span class='ocr_line' id='line_1_6' title="bbox 137 781 1277 878; baseline 0.004 -28"><span class='ocrx_word' id='word_1_36' title='bbox 137 781 375 853; x_wconf 87' lang='lat' dir='ltr'><strong>Cistereiensis</strong></span> <span class='ocrx_word' id='word_1_37' title='bbox 392 785 516 852; x_wconf 75' lang='lat' dir='ltr'><strong>ordinis</strong></span> <span class='ocrx_word' id='word_1_38' title='bbox 533 785 622 852; x_wconf 91' lang='lat' dir='ltr'><strong>haud</strong></span> <span class='ocrx_word' id='word_1_39' title='bbox 644 786 746 872; x_wconf 73' lang='lat' dir='ltr'><strong>longe</strong></span> <span class='ocrx_word' id='word_1_40' title='bbox 762 789 917 878; x_wconf 88' lang='lat' dir='ltr'><strong>positum,</strong></span> <span class='ocrx_word' id='word_1_41' title='bbox 939 789 1030 877; x_wconf 81' lang='lat' dir='ltr'><strong>quod</strong></span> <span class='ocrx_word' id='word_1_42' title='bbox 1043 787 1277 856; x_wconf 81' lang='lat' dir='ltr'><strong>ilaris-Stella</strong></span> 
     </span>
     <span class='ocr_line' id='line_1_7' title="bbox 137 881 1276 978; baseline 0.005 -30"><span class='ocrx_word' id='word_1_43' title='bbox 137 881 203 949; x_wconf 90' lang='lat' dir='ltr'><strong>alio</strong></span> <span class='ocrx_word' id='word_1_44' title='bbox 240 885 372 952; x_wconf 90' lang='lat' dir='ltr'><strong>nomine</strong></span> <span class='ocrx_word' id='word_1_45' title='bbox 399 885 594 970; x_wconf 79' lang='lat' dir='ltr'><strong>Wettingen</strong></span> <span class='ocrx_word' id='word_1_46' title='bbox 624 883 762 974; x_wconf 88' lang='lat' dir='ltr'><strong>dicitur,</strong></span> <span class='ocrx_word' id='word_1_47' title='bbox 792 893 1050 978; x_wconf 72' lang='lat' dir='ltr'><strong>transportatur,</strong></span> <span class='ocrx_word' id='word_1_48' title='bbox 1077 887 1190 974; x_wconf 82' lang='lat' dir='ltr'><strong>ibique</strong></span> <span class='ocrx_word' id='word_1_49' title='bbox 1216 905 1276 974; x_wconf 95' lang='lat' dir='ltr'><strong>pro</strong></span> 
     </span>
     <span class='ocr_line' id='line_1_8' title="bbox 137 983 1277 1074; baseline 0.004 -26"><span class='ocrx_word' id='word_1_50' title='bbox 137 989 286 1070; x_wconf 91' lang='lat' dir='ltr'><strong>tempore</strong></span> <span class='ocrx_word' id='word_1_51' title='bbox 314 984 517 1073; x_wconf 80' lang='lat' dir='ltr'><strong>collocatur,</strong></span> <span class='ocrx_word' id='word_1_52' title='bbox 546 983 608 1051; x_wconf 90' lang='lat' dir='ltr'><strong>sed</strong></span> <span class='ocrx_word' id='word_1_53' title='bbox 636 984 784 1071; x_wconf 84' lang='lat' dir='ltr'><strong>posted</strong></span> <span class='ocrx_word' id='word_1_54' title='bbox 812 987 999 1074; x_wconf 88' lang='lat' dir='ltr'><strong>sepulerum</strong></span> <span class='ocrx_word' id='word_1_55' title='bbox 1026 1005 1141 1072; x_wconf 78' lang='lat' dir='ltr'><strong>regum</strong></span> <span class='ocrx_word' id='word_1_56' title='bbox 1167 989 1200 1054; x_wconf 95' lang='lat' dir='ltr'><strong>in</strong></span> <span class='ocrx_word' id='word_1_57' title='bbox 1227 988 1277 1053; x_wconf 90' lang='lat' dir='ltr'><strong>oi-</strong></span> 
     </span>
     <span class='ocr_line' id='line_1_9' title="bbox 136 1082 1151 1171; baseline 0.003 -24"><span class='ocrx_word' id='word_1_58' title='bbox 136 1082 271 1148; x_wconf 87' lang='lat' dir='ltr'><strong>vitatem</strong></span> <span class='ocrx_word' id='word_1_59' title='bbox 298 1082 506 1171; x_wconf 90' lang='lat' dir='ltr'><strong>Spirensinrn</strong></span> <span class='ocrx_word' id='word_1_60' title='bbox 533 1088 586 1150; x_wconf 92' lang='lat' dir='ltr'><strong>est</strong></span> <span class='ocrx_word' id='word_1_61' title='bbox 612 1084 816 1151; x_wconf 91' lang='lat' dir='ltr'><strong>translatum.</strong></span> <span class='ocrx_word' id='word_1_62' title='bbox 1146 1107 1151 1115; x_wconf 92' lang='lat'>·</span> 
     </span>
    </p>

    <p class='ocr_par' dir='ltr' id='par_1_3' title="bbox 132 1179 1279 4152">
     <span class='ocr_line' id='line_1_10' title="bbox 210 1179 1274 1273; baseline 0.002 -25"><span class='ocrx_word' id='word_1_63' title='bbox 210 1179 273 1249; x_wconf 87' lang='lat' dir='ltr'><strong>llio</strong></span> <span class='ocrx_word' id='word_1_64' title='bbox 298 1200 356 1250; x_wconf 86' lang='lat' dir='ltr'><strong>rex</strong></span> <span class='ocrx_word' id='word_1_65' title='bbox 383 1201 404 1251; x_wconf 91' lang='lat' dir='ltr'><strong>a</strong></span> <span class='ocrx_word' id='word_1_66' title='bbox 429 1183 585 1250; x_wconf 85' lang='lat' dir='ltr'><strong>militibus</strong></span> <span class='ocrx_word' id='word_1_67' title='bbox 620 1185 810 1270; x_wconf 80' lang='lat' dir='ltr'><strong>specialiter</strong></span> <span class='ocrx_word' id='word_1_68' title='bbox 841 1184 1041 1273; x_wconf 82' lang='lat' dir='ltr'><strong>plorabatur,</strong></span> <span class='ocrx_word' id='word_1_69' title='bbox 1069 1183 1274 1268; x_wconf 75' lang='lat' dir='ltr'><strong>dicentibus:</strong></span> 
     </span>
     <span class='ocr_line' id='line_1_11' title="bbox 133 1277 1275 1370; baseline 0.003 -25"><span class='ocrx_word' id='word_1_70' title='bbox 133 1277 234 1347; x_wconf 81' lang='lat' dir='ltr'><strong>rinna</strong></span> <span class='ocrx_word' id='word_1_71' title='bbox 260 1281 379 1350; x_wconf 90' lang='lat' dir='ltr'><strong>bellioa</strong></span> <span class='ocrx_word' id='word_1_72' title='bbox 405 1283 587 1369; x_wconf 88' lang='lat' dir='ltr'><strong>perierunt,</strong></span> <span class='ocrx_word' id='word_1_73' title='bbox 623 1282 788 1369; x_wconf 90' lang='lat' dir='ltr'><strong>stipendia</strong></span> <span class='ocrx_word' id='word_1_74' title='bbox 824 1285 1031 1352; x_wconf 83' lang='lat' dir='ltr'><strong>militantium</strong></span> <span class='ocrx_word' id='word_1_75' title='bbox 1064 1285 1275 1370; x_wconf 78' lang='lat' dir='ltr'><strong>languerunt,</strong></span> 
     </span>
     <span class='ocr_line' id='line_1_12' title="bbox 134 1380 1276 1473; baseline 0.002 -28"><span class='ocrx_word' id='word_1_76' title='bbox 134 1381 214 1466; x_wconf 84' lang='lat' dir='ltr'><strong>quia</strong></span> <span class='ocrx_word' id='word_1_77' title='bbox 241 1380 424 1449; x_wconf 80' lang='lat' dir='ltr'><strong>subductus</strong></span> <span class='ocrx_word' id='word_1_78' title='bbox 453 1383 587 1468; x_wconf 84' lang='lat' dir='ltr'><strong>estqui</strong></span> <span class='ocrx_word' id='word_1_79' title='bbox 620 1380 759 1450; x_wconf 88' lang='lat' dir='ltr'><strong>bellieas</strong></span> <span class='ocrx_word' id='word_1_80' title='bbox 784 1399 837 1450; x_wconf 89' lang='lat' dir='ltr'><strong>res</strong></span> <span class='ocrx_word' id='word_1_81' title='bbox 865 1385 1003 1473; x_wconf 88' lang='lat' dir='ltr'><strong>amavit,</strong></span> <span class='ocrx_word' id='word_1_82' title='bbox 1030 1383 1276 1471; x_wconf 89' lang='lat' dir='ltr'><strong>pauperesmi-</strong></span> 
     </span>
     <span class='ocr_line' id='line_1_13' title="bbox 132 1477 1276 1570; baseline 0.001 -24"><span class='ocrx_word' id='word_1_83' title='bbox 132 1477 210 1547; x_wconf 90' lang='lat' dir='ltr'><strong>lites</strong></span> <span class='ocrx_word' id='word_1_84' title='bbox 247 1480 455 1570; x_wconf 90' lang='lat' dir='ltr'><strong>sublevavit,</strong></span> <span class='ocrx_word' id='word_1_85' title='bbox 482 1482 596 1548; x_wconf 83' lang='lat' dir='ltr'><strong>anriois</strong></span> <span class='ocrx_word' id='word_1_86' title='bbox 623 1481 728 1570; x_wconf 80' lang='lat' dir='ltr'><strong>lenia,</strong></span> <span class='ocrx_word' id='word_1_87' title='bbox 762 1481 963 1550; x_wconf 91' lang='lat' dir='ltr'><strong>adversariis</strong></span> <span class='ocrx_word' id='word_1_88' title='bbox 990 1484 1122 1569; x_wconf 83' lang='lat' dir='ltr'><strong>gravis,</strong></span> <span class='ocrx_word' id='word_1_89' title='bbox 1148 1481 1276 1570; x_wconf 92' lang='lat' dir='ltr'><strong>probos</strong></span> 
     </span>
     <span class='ocr_line' id='line_1_14' title="bbox 133 1576 1276 1668; baseline 0.003 -22"><span class='ocrx_word' id='word_1_90' title='bbox 133 1576 300 1668; x_wconf 79' lang='lat' dir='ltr'><strong>diligens,</strong></span> <span class='ocrx_word' id='word_1_91' title='bbox 328 1580 498 1667; x_wconf 89' lang='lat' dir='ltr'><strong>improbos</strong></span> <span class='ocrx_word' id='word_1_92' title='bbox 527 1580 723 1668; x_wconf 76' lang='lat' dir='ltr'><strong>ooberoenS,</strong></span> <span class='ocrx_word' id='word_1_93' title='bbox 752 1581 995 1649; x_wconf 81' lang='lat' dir='ltr'><strong>inrrrraoutaurn</strong></span> <span class='ocrx_word' id='word_1_94' title='bbox 1023 1581 1153 1649; x_wconf 91' lang='lat' dir='ltr'><strong>thorum</strong></span> <span class='ocrx_word' id='word_1_95' title='bbox 1180 1598 1276 1650; x_wconf 89' lang='lat' dir='ltr'><strong>suum</strong></span> 
     </span>
     <span class='ocr_line' id='line_1_15' title="bbox 134 1679 1276 1767; baseline 0.001 -23"><span class='ocrx_word' id='word_1_96' title='bbox 134 1679 297 1767; x_wconf 76' lang='lat' dir='ltr'><strong>retinenS,</strong></span> <span class='ocrx_word' id='word_1_97' title='bbox 325 1680 449 1746; x_wconf 90' lang='lat' dir='ltr'><strong>nullum</strong></span> <span class='ocrx_word' id='word_1_98' title='bbox 477 1697 684 1766; x_wconf 82' lang='lat' dir='ltr'><strong>quacumque</strong></span> <span class='ocrx_word' id='word_1_99' title='bbox 711 1697 801 1746; x_wconf 85' lang='lat' dir='ltr'><strong>noxa</strong></span> <span class='ocrx_word' id='word_1_100' title='bbox 826 1698 916 1747; x_wconf 91' lang='lat' dir='ltr'><strong>reum</strong></span> <span class='ocrx_word' id='word_1_101' title='bbox 943 1680 985 1748; x_wconf 86' lang='lat' dir='ltr'><strong>ed</strong></span> <span class='ocrx_word' id='word_1_102' title='bbox 1012 1698 1105 1748; x_wconf 91' lang='lat' dir='ltr'><strong>suam</strong></span> <span class='ocrx_word' id='word_1_103' title='bbox 1131 1681 1276 1747; x_wconf 90' lang='lat' dir='ltr'><strong>venien-</strong></span> 
     </span>
     <span class='ocr_line' id='line_1_16' title="bbox 134 1771 1276 1868; baseline 0.002 -26"><span class='ocrx_word' id='word_1_104' title='bbox 134 1783 201 1844; x_wconf 88' lang='lat' dir='ltr'><strong>tem</strong></span> <span class='ocrx_word' id='word_1_105' title='bbox 226 1779 350 1846; x_wconf 90' lang='lat' dir='ltr'><strong>ouriam</strong></span> <span class='ocrx_word' id='word_1_106' title='bbox 368 1777 556 1866; x_wconf 82' lang='lat' dir='ltr'><strong>odendons,</strong></span> <span class='ocrx_word' id='word_1_107' title='bbox 584 1778 670 1846; x_wconf 89' lang='lat' dir='ltr'><strong>hane</strong></span> <span class='ocrx_word' id='word_1_108' title='bbox 688 1780 842 1846; x_wconf 88' lang='lat' dir='ltr'><strong>virtutem</strong></span> <span class='ocrx_word' id='word_1_109' title='bbox 864 1779 936 1847; x_wconf 88' lang='lat' dir='ltr'><strong>bliis</strong></span> <span class='ocrx_word' id='word_1_110' title='bbox 961 1781 1150 1866; x_wconf 88' lang='lat' dir='ltr'><strong>relinquens</strong></span> <span class='ocrx_word' id='word_1_111' title='bbox 1161 1771 1183 1868; x_wconf 72' lang='lat'><strong>1,</strong></span> <span class='ocrx_word' id='word_1_112' title='bbox 1210 1779 1276 1844; x_wconf 89' lang='lat' dir='ltr'><strong>im-</strong></span> 
     </span>
     <span class='ocr_line' id='line_1_17' title="bbox 133 1871 1276 1966; baseline 0 -24"><span class='ocrx_word' id='word_1_113' title='bbox 133 1879 292 1964; x_wconf 93' lang='lat' dir='ltr'><strong>properia</strong></span> <span class='ocrx_word' id='word_1_114' title='bbox 316 1871 482 1965; x_wconf 85' lang='lat' dir='ltr'><strong>patienter</strong></span> <span class='ocrx_word' id='word_1_115' title='bbox 503 1877 681 1966; x_wconf 87' lang='lat' dir='ltr'><strong>sullerens,</strong></span> <span class='ocrx_word' id='word_1_116' title='bbox 707 1879 844 1946; x_wconf 90' lang='lat' dir='ltr'><strong>iniurias</strong></span> <span class='ocrx_word' id='word_1_117' title='bbox 871 1879 975 1946; x_wconf 90' lang='lat' dir='ltr'><strong>semel</strong></span> <span class='ocrx_word' id='word_1_118' title='bbox 1002 1879 1157 1947; x_wconf 91' lang='lat' dir='ltr'><strong>dimissas</strong></span> <span class='ocrx_word' id='word_1_119' title='bbox 1185 1895 1276 1944; x_wconf 90' lang='lat' dir='ltr'><strong>nun-</strong></span> 
     </span>
     <span class='ocr_line' id='line_1_18' title="bbox 133 1975 1277 2068; baseline 0.001 -26"><span class='ocrx_word' id='word_1_120' title='bbox 133 1993 234 2061; x_wconf 85' lang='lat' dir='ltr'><strong>quarn</strong></span> <span class='ocrx_word' id='word_1_121' title='bbox 262 1977 459 2066; x_wconf 79' lang='lat' dir='ltr'><strong>revolvenS,</strong></span> <span class='ocrx_word' id='word_1_122' title='bbox 493 1977 636 2046; x_wconf 83' lang='lat' dir='ltr'><strong>furorem</strong></span> <span class='ocrx_word' id='word_1_123' title='bbox 662 1979 809 2066; x_wconf 89' lang='lat' dir='ltr'><strong>peotoris</strong></span> <span class='ocrx_word' id='word_1_124' title='bbox 836 1985 1042 2068; x_wconf 76' lang='lat' dir='ltr'><strong>oontegeuS,</strong></span> <span class='ocrx_word' id='word_1_125' title='bbox 1070 1980 1160 2045; x_wconf 81' lang='lat' dir='ltr'><strong>iuxta</strong></span> <span class='ocrx_word' id='word_1_126' title='bbox 1187 1975 1277 2064; x_wconf 89' lang='lat' dir='ltr'><strong>qnod</strong></span> 
     </span>
     <span class='ocr_line' id='line_1_19' title="bbox 135 2073 1279 2166; baseline 0.002 -26"><span class='ocrx_word' id='word_1_127' title='bbox 135 2073 362 2144; x_wconf 78' lang='lat' dir='ltr'><strong>Cassiodorus</strong></span> <span class='ocrx_word' id='word_1_128' title='bbox 397 2076 492 2144; x_wconf 90' lang='lat' dir='ltr'><strong>dioit:</strong></span> <span class='ocrx_word' id='word_1_129' title='bbox 528 2077 657 2166; x_wconf 87' lang='lat' dir='ltr'><strong>„Decet</strong></span> <span class='ocrx_word' id='word_1_130' title='bbox 687 2095 852 2164; x_wconf 83' lang='lat' dir='ltr'><strong>quemque</strong></span> <span class='ocrx_word' id='word_1_131' title='bbox 879 2077 1039 2146; x_wconf 91' lang='lat' dir='ltr'><strong>honorem</strong></span> <span class='ocrx_word' id='word_1_132' title='bbox 1066 2095 1165 2164; x_wconf 84' lang='lat' dir='ltr'><strong>quem</strong></span> <span class='ocrx_word' id='word_1_133' title='bbox 1191 2076 1279 2162; x_wconf 77' lang='lat' dir='ltr'><strong>gerit</strong></span> 
     </span>
     <span class='ocr_line' id='line_1_20' title="bbox 134 2172 1277 2270; baseline 0 -30"><span class='ocrx_word' id='word_1_134' title='bbox 134 2176 271 2242; x_wconf 90' lang='lat' dir='ltr'><strong>nornine</strong></span> <span class='ocrx_word' id='word_1_135' title='bbox 288 2193 327 2244; x_wconf 89' lang='lat' dir='ltr'><strong>ao</strong></span> <span class='ocrx_word' id='word_1_136' title='bbox 344 2177 490 2244; x_wconf 92' lang='lat' dir='ltr'><strong>moribus</strong></span> <span class='ocrx_word' id='word_1_137' title='bbox 506 2172 676 2262; x_wconf 80' lang='lat' dir='ltr'><strong>exigere.“</strong></span> <span class='ocrx_word' id='word_1_138' title='bbox 702 2175 942 2270; x_wconf 87' lang='lat' dir='ltr'><strong>blonasterium</strong></span> <span class='ocrx_word' id='word_1_139' title='bbox 964 2176 1197 2244; x_wconf 84' lang='lat' dir='ltr'><strong>Cisteroiensis</strong></span> <span class='ocrx_word' id='word_1_140' title='bbox 1217 2192 1277 2242; x_wconf 93' lang='lat' dir='ltr'><strong>or-</strong></span> 
     </span>
     <span class='ocr_line' id='line_1_21' title="bbox 138 2273 1277 2364; baseline 0 -23"><span class='ocrx_word' id='word_1_141' title='bbox 138 2273 227 2341; x_wconf 89' lang='lat' dir='ltr'><strong>dinis</strong></span> <span class='ocrx_word' id='word_1_142' title='bbox 254 2276 286 2340; x_wconf 92' lang='lat' dir='ltr'><strong>in</strong></span> <span class='ocrx_word' id='word_1_143' title='bbox 302 2275 497 2343; x_wconf 81' lang='lat' dir='ltr'><strong>Suanorum</strong></span> <span class='ocrx_word' id='word_1_144' title='bbox 524 2274 672 2364; x_wconf 90' lang='lat' dir='ltr'><strong>partibus</strong></span> <span class='ocrx_word' id='word_1_145' title='bbox 691 2275 910 2364; x_wconf 88' lang='lat' dir='ltr'><strong>Erbrotstain,</strong></span> <span class='ocrx_word' id='word_1_146' title='bbox 927 2276 993 2344; x_wconf 93' lang='lat' dir='ltr'><strong>alio</strong></span> <span class='ocrx_word' id='word_1_147' title='bbox 1013 2277 1146 2342; x_wconf 91' lang='lat' dir='ltr'><strong>nomine</strong></span> <span class='ocrx_word' id='word_1_148' title='bbox 1164 2275 1277 2342; x_wconf 86' lang='lat' dir='ltr'><strong>Fons-</strong></span> 
     </span>
     <span class='ocr_line' id='line_1_22' title="bbox 136 2371 1278 2466; baseline 0 -26"><span class='ocrx_word' id='word_1_149' title='bbox 136 2371 238 2458; x_wconf 80' lang='lat' dir='ltr'><strong>Rogis</strong></span> <span class='ocrx_word' id='word_1_150' title='bbox 273 2373 411 2464; x_wconf 87' lang='lat' dir='ltr'><strong>dietum,</strong></span> <span class='ocrx_word' id='word_1_151' title='bbox 439 2374 606 2466; x_wconf 81' lang='lat' dir='ltr'><strong>fundavit,</strong></span> <span class='ocrx_word' id='word_1_152' title='bbox 635 2381 668 2442; x_wconf 88' lang='lat' dir='ltr'><strong>et</strong></span> <span class='ocrx_word' id='word_1_153' title='bbox 699 2379 735 2441; x_wconf 90' lang='lat' dir='ltr'><strong>ut</strong></span> <span class='ocrx_word' id='word_1_154' title='bbox 769 2375 878 2442; x_wconf 90' lang='lat' dir='ltr'><strong>abbati</strong></span> <span class='ocrx_word' id='word_1_155' title='bbox 913 2375 954 2442; x_wconf 91' lang='lat' dir='ltr'><strong>de</strong></span> <span class='ocrx_word' id='word_1_156' title='bbox 983 2375 1092 2442; x_wconf 90' lang='lat' dir='ltr'><strong>Salem</strong></span> <span class='ocrx_word' id='word_1_157' title='bbox 1120 2373 1278 2441; x_wconf 87' lang='lat' dir='ltr'><strong>subesset</strong></span> 
     </span>
     <span class='ocr_line' id='line_1_23' title="bbox 137 2473 1277 2560; baseline 0 -21"><span class='ocrx_word' id='word_1_158' title='bbox 137 2475 368 2560; x_wconf 79' lang='lat' dir='ltr'><strong>procuratione</strong></span> <span class='ocrx_word' id='word_1_159' title='bbox 404 2482 437 2542; x_wconf 91' lang='lat' dir='ltr'><strong>et</strong></span> <span class='ocrx_word' id='word_1_160' title='bbox 472 2473 698 2542; x_wconf 85' lang='lat' dir='ltr'><strong>sollieitudine</strong></span> <span class='ocrx_word' id='word_1_161' title='bbox 734 2473 908 2542; x_wconf 88' lang='lat' dir='ltr'><strong>ordinavit.</strong></span> <span class='ocrx_word' id='word_1_162' title='bbox 952 2473 1026 2540; x_wconf 89' lang='lat' dir='ltr'><strong>lliis</strong></span> <span class='ocrx_word' id='word_1_163' title='bbox 1062 2475 1215 2539; x_wconf 90' lang='lat' dir='ltr'><strong>virtutum</strong></span> <span class='ocrx_word' id='word_1_164' title='bbox 1244 2480 1277 2539; x_wconf 90' lang='lat' dir='ltr'><strong>et</strong></span> 
     </span>
     <span class='ocr_line' id='line_1_24' title="bbox 135 2571 1275 2658; baseline -0.002 -20"><span class='ocrx_word' id='word_1_165' title='bbox 135 2573 275 2657; x_wconf 84' lang='lat' dir='ltr'><strong>gemmis</strong></span> <span class='ocrx_word' id='word_1_166' title='bbox 303 2573 496 2642; x_wconf 89' lang='lat' dir='ltr'><strong>olarissimis</strong></span> <span class='ocrx_word' id='word_1_167' title='bbox 524 2580 718 2642; x_wconf 86' lang='lat' dir='ltr'><strong>exornatum</strong></span> <span class='ocrx_word' id='word_1_168' title='bbox 746 2591 813 2640; x_wconf 89' lang='lat' dir='ltr'><strong>non</strong></span> <span class='ocrx_word' id='word_1_169' title='bbox 839 2571 1055 2640; x_wconf 85' lang='lat' dir='ltr'><strong>diffidendum</strong></span> <span class='ocrx_word' id='word_1_170' title='bbox 1080 2574 1158 2658; x_wconf 89' lang='lat' dir='ltr'><strong>quin</strong></span> <span class='ocrx_word' id='word_1_171' title='bbox 1186 2588 1275 2638; x_wconf 90' lang='lat' dir='ltr'><strong>mor-</strong></span> 
     </span>
     <span class='ocr_line' id='line_1_25' title="bbox 137 2671 1275 2761; baseline -0.002 -24"><span class='ocrx_word' id='word_1_172' title='bbox 137 2673 177 2738; x_wconf 87' lang='lat' dir='ltr'><strong>tis</strong></span> <span class='ocrx_word' id='word_1_173' title='bbox 201 2673 272 2740; x_wconf 91' lang='lat' dir='ltr'><strong>eius</strong></span> <span class='ocrx_word' id='word_1_174' title='bbox 294 2690 396 2741; x_wconf 88' lang='lat' dir='ltr'><strong>aasus</strong></span> <span class='ocrx_word' id='word_1_175' title='bbox 418 2674 592 2761; x_wconf 88' lang='lat' dir='ltr'><strong>preoiosus</strong></span> <span class='ocrx_word' id='word_1_176' title='bbox 612 2675 655 2741; x_wconf 92' lang='lat' dir='ltr'><strong>sit</strong></span> <span class='ocrx_word' id='word_1_177' title='bbox 678 2674 711 2738; x_wconf 96' lang='lat' dir='ltr'><strong>in</strong></span> <span class='ocrx_word' id='word_1_178' title='bbox 728 2679 912 2760; x_wconf 78' lang='lat' dir='ltr'><strong>conspeetu</strong></span> <span class='ocrx_word' id='word_1_179' title='bbox 940 2671 1063 2740; x_wconf 92' lang='lat' dir='ltr'><strong>domini</strong></span> <span class='ocrx_word' id='word_1_180' title='bbox 1090 2672 1275 2759; x_wconf 82' lang='lat' dir='ltr'><strong>estimatus,</strong></span> 
     </span>
     <span class='ocr_line' id='line_1_26' title="bbox 138 2767 1274 2859; baseline 0 -22"><span class='ocrx_word' id='word_1_181' title='bbox 138 2778 171 2838; x_wconf 90' lang='lat' dir='ltr'><strong>et</strong></span> <span class='ocrx_word' id='word_1_182' title='bbox 197 2775 271 2859; x_wconf 87' lang='lat' dir='ltr'><strong>ipse</strong></span> <span class='ocrx_word' id='word_1_183' title='bbox 297 2773 383 2840; x_wconf 89' lang='lat' dir='ltr'><strong>inter</strong></span> <span class='ocrx_word' id='word_1_184' title='bbox 409 2774 543 2858; x_wconf 81' lang='lat' dir='ltr'><strong>agmina</strong></span> <span class='ocrx_word' id='word_1_185' title='bbox 569 2773 672 2840; x_wconf 89' lang='lat' dir='ltr'><strong>oelioa</strong></span> <span class='ocrx_word' id='word_1_186' title='bbox 691 2789 815 2839; x_wconf 89' lang='lat' dir='ltr'><strong>aorona</strong></span> <span class='ocrx_word' id='word_1_187' title='bbox 842 2771 883 2838; x_wconf 92' lang='lat' dir='ltr'><strong>de</strong></span> <span class='ocrx_word' id='word_1_188' title='bbox 902 2773 1057 2859; x_wconf 81' lang='lat' dir='ltr'><strong>precioso</strong></span> <span class='ocrx_word' id='word_1_189' title='bbox 1084 2767 1193 2857; x_wconf 88' lang='lat' dir='ltr'><strong>lapide</strong></span> <span class='ocrx_word' id='word_1_190' title='bbox 1212 2786 1274 2837; x_wconf 89' lang='lat' dir='ltr'><strong>oo-</strong></span> 
     </span>
     <span class='ocr_line' id='line_1_27' title="bbox 136 2871 1276 2959; baseline -0.003 -22"><span class='ocrx_word' id='word_1_191' title='bbox 136 2876 284 2938; x_wconf 90' lang='lat' dir='ltr'><strong>rouatus.</strong></span> <span class='ocrx_word' id='word_1_192' title='bbox 318 2871 442 2938; x_wconf 91' lang='lat' dir='ltr'><strong>Deoern</strong></span> <span class='ocrx_word' id='word_1_193' title='bbox 468 2872 593 2941; x_wconf 92' lang='lat' dir='ltr'><strong>liberos</strong></span> <span class='ocrx_word' id='word_1_194' title='bbox 621 2873 718 2939; x_wconf 89' lang='lat' dir='ltr'><strong>vivos</strong></span> <span class='ocrx_word' id='word_1_195' title='bbox 740 2873 938 2959; x_wconf 90' lang='lat' dir='ltr'><strong>superstites</strong></span> <span class='ocrx_word' id='word_1_196' title='bbox 966 2871 1107 2958; x_wconf 89' lang='lat' dir='ltr'><strong>reliquit,</strong></span> <span class='ocrx_word' id='word_1_197' title='bbox 1136 2885 1276 2955; x_wconf 88' lang='lat' dir='ltr'><strong>quorum</strong></span> 
     </span>
     <span class='ocr_line' id='line_1_28' title="bbox 135 2968 1276 3060; baseline -0.002 -24"><span class='ocrx_word' id='word_1_198' title='bbox 135 2971 271 3038; x_wconf 91' lang='lat' dir='ltr'><strong>nomina</strong></span> <span class='ocrx_word' id='word_1_199' title='bbox 288 2972 440 3060; x_wconf 88' lang='lat' dir='ltr'><strong>superius</strong></span> <span class='ocrx_word' id='word_1_200' title='bbox 453 2977 531 3040; x_wconf 90' lang='lat' dir='ltr'><strong>sunt</strong></span> <span class='ocrx_word' id='word_1_201' title='bbox 548 2989 722 3059; x_wconf 89' lang='lat' dir='ltr'><strong>expressa.</strong></span> <span class='ocrx_word' id='word_1_202' title='bbox 747 2968 877 3055; x_wconf 86' lang='lat' dir='ltr'><strong>Regina</strong></span> <span class='ocrx_word' id='word_1_203' title='bbox 897 2969 1132 3059; x_wconf 88' lang='lat' dir='ltr'><strong>astipulatione</strong></span> <span class='ocrx_word' id='word_1_204' title='bbox 1147 2985 1276 3056; x_wconf 91' lang='lat' dir='ltr'><strong>puero-</strong></span> 
     </span>
     <span class='ocr_line' id='line_1_29' title="bbox 137 3068 1276 3138; baseline -0.003 -2"><span class='ocrx_word' id='word_1_205' title='bbox 137 3089 207 3138; x_wconf 93' lang='lat' dir='ltr'><strong>rum</strong></span> <span class='ocrx_word' id='word_1_206' title='bbox 235 3071 269 3135; x_wconf 95' lang='lat' dir='ltr'><strong>in</strong></span> <span class='ocrx_word' id='word_1_207' title='bbox 295 3069 371 3137; x_wconf 89' lang='lat' dir='ltr'><strong>looo</strong></span> <span class='ocrx_word' id='word_1_208' title='bbox 399 3073 515 3138; x_wconf 91' lang='lat' dir='ltr'><strong>mortis</strong></span> <span class='ocrx_word' id='word_1_209' title='bbox 543 3088 604 3138; x_wconf 89' lang='lat' dir='ltr'><strong>sue</strong></span> <span class='ocrx_word' id='word_1_210' title='bbox 631 3071 865 3138; x_wconf 90' lang='lat' dir='ltr'><strong>monasterium</strong></span> <span class='ocrx_word' id='word_1_211' title='bbox 888 3068 1014 3137; x_wconf 90' lang='lat' dir='ltr'><strong>ordinis</strong></span> <span class='ocrx_word' id='word_1_212' title='bbox 1042 3069 1150 3136; x_wconf 85' lang='lat' dir='ltr'><strong>saneti</strong></span> <span class='ocrx_word' id='word_1_213' title='bbox 1168 3068 1276 3136; x_wconf 89' lang='lat' dir='ltr'><strong>Fran-</strong></span> 
     </span>
     <span class='ocr_line' id='line_1_30' title="bbox 136 3166 1276 3258; baseline -0.004 -22"><span class='ocrx_word' id='word_1_214' title='bbox 136 3171 214 3238; x_wconf 86' lang='lat' dir='ltr'><strong>eisoi</strong></span> <span class='ocrx_word' id='word_1_215' title='bbox 233 3167 386 3237; x_wconf 89' lang='lat' dir='ltr'><strong>iratribus</strong></span> <span class='ocrx_word' id='word_1_216' title='bbox 408 3177 441 3237; x_wconf 90' lang='lat' dir='ltr'><strong>et</strong></span> <span class='ocrx_word' id='word_1_217' title='bbox 461 3169 632 3238; x_wconf 91' lang='lat' dir='ltr'><strong>sororibus</strong></span> <span class='ocrx_word' id='word_1_218' title='bbox 649 3169 799 3236; x_wconf 89' lang='lat' dir='ltr'><strong>eiusdem</strong></span> <span class='ocrx_word' id='word_1_219' title='bbox 817 3168 1049 3258; x_wconf 78' lang='lat' dir='ltr'><strong>prolessioniS,</strong></span> <span class='ocrx_word' id='word_1_220' title='bbox 1073 3166 1276 3254; x_wconf 76' lang='lat' dir='ltr'><strong>quoddam-</strong></span> 
     </span>
     <span class='ocr_line' id='line_1_31' title="bbox 136 3265 1277 3358; baseline -0.004 -22"><span class='ocrx_word' id='word_1_221' title='bbox 136 3287 199 3357; x_wconf 91' lang='lat' dir='ltr'><strong>pus</strong></span> <span class='ocrx_word' id='word_1_222' title='bbox 219 3266 320 3354; x_wconf 83' lang='lat' dir='ltr'><strong>Regis</strong></span> <span class='ocrx_word' id='word_1_223' title='bbox 341 3268 469 3358; x_wconf 88' lang='lat' dir='ltr'><strong>dieitur,</strong></span> <span class='ocrx_word' id='word_1_224' title='bbox 499 3268 676 3356; x_wconf 88' lang='lat' dir='ltr'><strong>edilreavit,</strong></span> <span class='ocrx_word' id='word_1_225' title='bbox 704 3274 737 3335; x_wconf 89' lang='lat' dir='ltr'><strong>et</strong></span> <span class='ocrx_word' id='word_1_226' title='bbox 764 3285 925 3334; x_wconf 90' lang='lat' dir='ltr'><strong>summum</strong></span> <span class='ocrx_word' id='word_1_227' title='bbox 946 3268 1048 3334; x_wconf 88' lang='lat' dir='ltr'><strong>altare</strong></span> <span class='ocrx_word' id='word_1_228' title='bbox 1066 3268 1099 3334; x_wconf 91' lang='lat' dir='ltr'><strong>in</strong></span> <span class='ocrx_word' id='word_1_229' title='bbox 1123 3266 1200 3334; x_wconf 84' lang='lat' dir='ltr'><strong>loeo</strong></span> <span class='ocrx_word' id='word_1_230' title='bbox 1222 3265 1277 3332; x_wconf 90' lang='lat' dir='ltr'><strong>ubi</strong></span> 
     </span>
     <span class='ocr_line' id='line_1_32' title="bbox 137 3365 1277 3457; baseline -0.002 -24"><span class='ocrx_word' id='word_1_231' title='bbox 137 3386 195 3436; x_wconf 88' lang='lat' dir='ltr'><strong>rex</strong></span> <span class='ocrx_word' id='word_1_232' title='bbox 213 3369 395 3457; x_wconf 81' lang='lat' dir='ltr'><strong>exspiravit</strong></span> <span class='ocrx_word' id='word_1_233' title='bbox 420 3370 454 3436; x_wconf 93' lang='lat' dir='ltr'><strong>in</strong></span> <span class='ocrx_word' id='word_1_234' title='bbox 472 3370 619 3436; x_wconf 81' lang='lat' dir='ltr'><strong>eternam</strong></span> <span class='ocrx_word' id='word_1_235' title='bbox 646 3367 835 3433; x_wconf 88' lang='lat' dir='ltr'><strong>memoriam</strong></span> <span class='ocrx_word' id='word_1_236' title='bbox 862 3366 1049 3448; x_wconf 80' lang='lat' dir='ltr'><strong>collocavit,</strong></span> <span class='ocrx_word' id='word_1_237' title='bbox 1079 3365 1221 3452; x_wconf 89' lang='lat' dir='ltr'><strong>ubiipsa</strong></span> <span class='ocrx_word' id='word_1_238' title='bbox 1238 3383 1277 3433; x_wconf 92' lang='lat' dir='ltr'><strong>se</strong></span> 
     </span>
     <span class='ocr_line' id='line_1_33' title="bbox 138 3462 1278 3556; baseline -0.004 -22"><span class='ocrx_word' id='word_1_239' title='bbox 138 3473 170 3534; x_wconf 88' lang='lat' dir='ltr'><strong>et</strong></span> <span class='ocrx_word' id='word_1_240' title='bbox 194 3485 320 3556; x_wconf 91' lang='lat' dir='ltr'><strong>pueros</strong></span> <span class='ocrx_word' id='word_1_241' title='bbox 348 3468 483 3535; x_wconf 86' lang='lat' dir='ltr'><strong>reoondi</strong></span> <span class='ocrx_word' id='word_1_242' title='bbox 510 3475 589 3556; x_wconf 88' lang='lat' dir='ltr'><strong>post</strong></span> <span class='ocrx_word' id='word_1_243' title='bbox 615 3467 712 3534; x_wconf 88' lang='lat' dir='ltr'><strong>lruius</strong></span> <span class='ocrx_word' id='word_1_244' title='bbox 740 3468 806 3532; x_wconf 83' lang='lat' dir='ltr'><strong>vile</strong></span> <span class='ocrx_word' id='word_1_245' title='bbox 836 3467 1005 3532; x_wconf 93' lang='lat' dir='ltr'><strong>terminurn</strong></span> <span class='ocrx_word' id='word_1_246' title='bbox 1032 3464 1213 3551; x_wconf 88' lang='lat' dir='ltr'><strong>deputavit.</strong></span> <span class='ocrx_word' id='word_1_247' title='bbox 1240 3462 1278 3530; x_wconf 92' lang='lat' dir='ltr'><strong>ln</strong></span> 
     </span>
     <span class='ocr_line' id='line_1_34' title="bbox 139 3563 1277 3655; baseline -0.005 -21"><span class='ocrx_word' id='word_1_248' title='bbox 139 3584 203 3653; x_wconf 89' lang='lat' dir='ltr'><strong>quo</strong></span> <span class='ocrx_word' id='word_1_249' title='bbox 232 3564 350 3654; x_wconf 83' lang='lat' dir='ltr'><strong>lignes</strong></span> <span class='ocrx_word' id='word_1_250' title='bbox 385 3568 450 3634; x_wconf 88' lang='lat' dir='ltr'><strong>lilia</strong></span> <span class='ocrx_word' id='word_1_251' title='bbox 483 3569 589 3655; x_wconf 77' lang='lat' dir='ltr'><strong>regis,</strong></span> <span class='ocrx_word' id='word_1_252' title='bbox 618 3565 785 3654; x_wconf 82' lang='lat' dir='ltr'><strong>quondam</strong></span> <span class='ocrx_word' id='word_1_253' title='bbox 814 3566 931 3650; x_wconf 80' lang='lat' dir='ltr'><strong>regina</strong></span> <span class='ocrx_word' id='word_1_254' title='bbox 956 3565 1176 3651; x_wconf 79' lang='lat' dir='ltr'><strong>Ungerorum,</strong></span> <span class='ocrx_word' id='word_1_255' title='bbox 1203 3563 1277 3649; x_wconf 90' lang='lat' dir='ltr'><strong>pri-</strong></span> 
     </span>
     <span class='ocr_line' id='line_1_35' title="bbox 139 3661 1277 3752; baseline -0.005 -20"><span class='ocrx_word' id='word_1_256' title='bbox 139 3667 276 3734; x_wconf 91' lang='lat' dir='ltr'><strong>marium</strong></span> <span class='ocrx_word' id='word_1_257' title='bbox 302 3667 392 3734; x_wconf 84' lang='lat' dir='ltr'><strong>illius</strong></span> <span class='ocrx_word' id='word_1_258' title='bbox 420 3666 623 3734; x_wconf 82' lang='lat' dir='ltr'><strong>fundationis</strong></span> <span class='ocrx_word' id='word_1_259' title='bbox 655 3665 799 3752; x_wconf 88' lang='lat' dir='ltr'><strong>lapidem</strong></span> <span class='ocrx_word' id='word_1_260' title='bbox 827 3667 971 3752; x_wconf 88' lang='lat' dir='ltr'><strong>seipsam</strong></span> <span class='ocrx_word' id='word_1_261' title='bbox 1000 3665 1033 3730; x_wconf 96' lang='lat' dir='ltr'><strong>in</strong></span> <span class='ocrx_word' id='word_1_262' title='bbox 1060 3661 1114 3729; x_wconf 91' lang='lat' dir='ltr'><strong>dei</strong></span> <span class='ocrx_word' id='word_1_263' title='bbox 1141 3662 1277 3728; x_wconf 88' lang='lat' dir='ltr'><strong>servitio</strong></span> 
     </span>
     <span class='ocr_line' id='line_1_36' title="bbox 141 3759 1276 3855; baseline -0.004 -24"><span class='ocrx_word' id='word_1_264' title='bbox 141 3767 349 3855; x_wconf 76' lang='lat' dir='ltr'><strong>mancipavit,</strong></span> <span class='ocrx_word' id='word_1_265' title='bbox 376 3766 422 3833; x_wconf 93' lang='lat' dir='ltr'><strong>ibi</strong></span> <span class='ocrx_word' id='word_1_266' title='bbox 447 3765 578 3852; x_wconf 82' lang='lat' dir='ltr'><strong>degens</strong></span> <span class='ocrx_word' id='word_1_267' title='bbox 605 3767 853 3851; x_wconf 82' lang='lat' dir='ltr'><strong>sexagesimum</strong></span> <span class='ocrx_word' id='word_1_268' title='bbox 882 3764 1020 3832; x_wconf 80' lang='lat' dir='ltr'><strong>linctum</strong></span> <span class='ocrx_word' id='word_1_269' title='bbox 1047 3759 1193 3848; x_wconf 79' lang='lat' dir='ltr'><strong>labienS,</strong></span> <span class='ocrx_word' id='word_1_270' title='bbox 1222 3760 1276 3827; x_wconf 91' lang='lat' dir='ltr'><strong>al-</strong></span> 
     </span>
     <span class='ocr_line' id='line_1_37' title="bbox 140 3861 1276 3952; baseline -0.004 -23"><span class='ocrx_word' id='word_1_271' title='bbox 140 3869 238 3932; x_wconf 91' lang='lat' dir='ltr'><strong>teram</strong></span> <span class='ocrx_word' id='word_1_272' title='bbox 267 3865 449 3934; x_wconf 87' lang='lat' dir='ltr'><strong>Tbabetam</strong></span> <span class='ocrx_word' id='word_1_273' title='bbox 476 3866 607 3952; x_wconf 91' lang='lat' dir='ltr'><strong>plenam</strong></span> <span class='ocrx_word' id='word_1_274' title='bbox 636 3865 732 3932; x_wconf 91' lang='lat' dir='ltr'><strong>bonis</strong></span> <span class='ocrx_word' id='word_1_275' title='bbox 760 3863 919 3951; x_wconf 88' lang='lat' dir='ltr'><strong>operibus</strong></span> <span class='ocrx_word' id='word_1_276' title='bbox 951 3870 983 3929; x_wconf 90' lang='lat' dir='ltr'><strong>et</strong></span> <span class='ocrx_word' id='word_1_277' title='bbox 1018 3861 1211 3928; x_wconf 87' lang='lat' dir='ltr'><strong>elemosinis</strong></span> <span class='ocrx_word' id='word_1_278' title='bbox 1239 3877 1276 3924; x_wconf 91' lang='lat' dir='ltr'><strong>so</strong></span> 
     </span>
     <span class='ocr_line' id='line_1_38' title="bbox 141 3958 1278 4054; baseline -0.004 -26"><span class='ocrx_word' id='word_1_279' title='bbox 141 3963 320 4054; x_wconf 85' lang='lat' dir='ltr'><strong>exbibens,</strong></span> <span class='ocrx_word' id='word_1_280' title='bbox 353 3970 390 4031; x_wconf 95' lang='lat' dir='ltr'><strong>ut</strong></span> <span class='ocrx_word' id='word_1_281' title='bbox 424 3961 521 4032; x_wconf 83' lang='lat' dir='ltr'><strong>Anna</strong></span> <span class='ocrx_word' id='word_1_282' title='bbox 557 3964 611 4031; x_wconf 88' lang='lat' dir='ltr'><strong>die</strong></span> <span class='ocrx_word' id='word_1_283' title='bbox 646 3983 685 4030; x_wconf 89' lang='lat' dir='ltr'><strong>ao</strong></span> <span class='ocrx_word' id='word_1_284' title='bbox 720 3972 817 4031; x_wconf 86' lang='lat' dir='ltr'><strong>noete</strong></span> <span class='ocrx_word' id='word_1_285' title='bbox 852 3980 977 4029; x_wconf 83' lang='lat' dir='ltr'><strong>vanans</strong></span> <span class='ocrx_word' id='word_1_286' title='bbox 1004 3958 1230 4046; x_wconf 77' lang='lat' dir='ltr'><strong>orationibuS,</strong></span> <span class='ocrx_word' id='word_1_287' title='bbox 1259 3977 1278 4024; x_wconf 91' lang='lat' dir='ltr'><strong>a</strong></span> 
     </span>
     <span class='ocr_line' id='line_1_39' title="bbox 140 4059 1278 4152; baseline -0.004 -25"><span class='ocrx_word' id='word_1_288' title='bbox 140 4063 259 4151; x_wconf 88' lang='lat' dir='ltr'><strong>templo</strong></span> <span class='ocrx_word' id='word_1_289' title='bbox 287 4063 410 4132; x_wconf 88' lang='lat' dir='ltr'><strong>domini</strong></span> <span class='ocrx_word' id='word_1_290' title='bbox 436 4081 505 4131; x_wconf 93' lang='lat' dir='ltr'><strong>non</strong></span> <span class='ocrx_word' id='word_1_291' title='bbox 524 4062 696 4152; x_wconf 79' lang='lat' dir='ltr'><strong>resedam,</strong></span> <span class='ocrx_word' id='word_1_292' title='bbox 726 4062 911 4150; x_wconf 79' lang='lat' dir='ltr'><strong>exemplum</strong></span> <span class='ocrx_word' id='word_1_293' title='bbox 933 4060 1123 4127; x_wconf 86' lang='lat' dir='ltr'><strong>numilitatis</strong></span> <span class='ocrx_word' id='word_1_294' title='bbox 1150 4064 1183 4124; x_wconf 89' lang='lat' dir='ltr'><strong>et</strong></span> <span class='ocrx_word' id='word_1_295' title='bbox 1200 4059 1278 4146; x_wconf 85' lang='lat' dir='ltr'><strong>pie-</strong></span> 
     </span>
    </p>
   </div>
   <div class='ocr_carea' id='block_1_3' title="bbox 175 4277 1020 4348">
    <p class='ocr_par' dir='ltr' id='par_1_4' title="bbox 175 4277 1020 4348">
     <span class='ocr_line' id='line_1_40' title="bbox 175 4277 1020 4348; baseline -0.006 -14"><span class='ocrx_word' id='word_1_296' title='bbox 175 4283 203 4346; x_wconf 87' lang='lat' dir='ltr'><strong>l]</strong></span> <span class='ocrx_word' id='word_1_297' title='bbox 222 4283 296 4338; x_wconf 79' lang='lat' dir='ltr'><strong>disse</strong></span> <span class='ocrx_word' id='word_1_298' title='bbox 314 4283 370 4335; x_wconf 90' lang='lat' dir='ltr'><strong>vier</strong></span> <span class='ocrx_word' id='word_1_299' title='bbox 388 4284 471 4336; x_wconf 84' lang='lat' dir='ltr'><strong>warte</strong></span> <span class='ocrx_word' id='word_1_300' title='bbox 489 4279 549 4335; x_wconf 88' lang='lat' dir='ltr'><strong>siud</strong></span> <span class='ocrx_word' id='word_1_301' title='bbox 568 4283 673 4348; x_wconf 78' lang='lat' dir='ltr'><strong>sperare</strong></span> <span class='ocrx_word' id='word_1_302' title='bbox 693 4279 872 4345; x_wconf 77' lang='lat' dir='ltr'><strong>eiosolraltuuu</strong></span> <span class='ocrx_word' id='word_1_303' title='bbox 892 4280 938 4333; x_wconf 87' lang='lat' dir='ltr'><strong>des</strong></span> <span class='ocrx_word' id='word_1_304' title='bbox 959 4277 1020 4331; x_wconf 88' lang='lat' dir='ltr'><strong>vert.</strong></span> 
     </span>
    </p>
   </div>
   <div class='ocr_carea' id='block_1_4' title="bbox 0 0 1534 4882">
    <p class='ocr_par' dir='ltr' id='par_1_5' title="bbox 0 0 1534 4882">
     <span class='ocr_line' id='line_1_41' title="bbox 0 0 1534 4882; baseline 0 0"><span class='ocrx_word' id='word_1_305' title='bbox 0 0 1534 4882; x_wconf 95' lang='lat' dir='ltr'><strong> </strong></span> 
     </span>
    </p>
   </div>
  </div>
 </body>
</html>
