3028 4878
229 231 302 300 120
563 259 706 306 roaxrmrs
726 259 935 308 xrorcnmrsrs·
972 257 996 322 6,
1014 259 1037 312 3,

149 410 213 464 6365
230 401 341 488 661666
368 401 458 467 iuxta
486 398 619 486 opidum
647 399 810 490 llulhaim,
839 401 991 468 territorii
1013 397 1215 486 Mogontini.
1242 387 1383 465 Τιιιιιιι-Ι

230 500 365 567 luscius
376 515 436 587 666
454 499 570 566 merito
589 497 665 565 irdei
684 498 833 587 pluribus
849 500 1015 567 miraculis
1029 499 1149 567 dicitur
1164 513 1368 566 coruscasse.

304 597 377 665 Hoc
403 614 492 664 anno
518 596 687 664 Iohannes
715 616 774 666 rex
799 598 958 666 Bohemie
985 597 1111 666 viribus
1137 596 1286 682 corporis
1313 613 1368 662 re-

230 697 373 784 stitutus,
401 702 500 782 gesta
519 694 805 764 llarinthianorum
833 697 986 791 audiens,
1012 715 1073 785 per
1090 695 1306 778 llruringiam
1332 713 1369 762 ac

230 795 366 862 aliarum
400 797 525 862 viarum
561 793 757 864 diverticula
790 795 980 864 Bohemiam
1011 797 1166 864 introivit.
1209 793 1250 860 Et
1276 794 1369 861 mittit

231 896 425 983 episcopum
450 891 726 962 Olmunozensem
749 900 782 963 et
805 893 922 962 ducem
943 895 1100 984 Saxonis,
1127 897 1245 983 petens
1271 891 1369 960 adu-

231 994 338 1061 cibus:
372 992 461 1078 tepea
487 993 606 1060 iustitie
631 992 818 1076 observari,
853 993 968 1062 666666
993 997 1179 1074 restituere,
1204 1009 1240 1058 se
1261 993 1369 1077 potios

229 1092 313 1158 celle
338 1091 484 1178 clodium
509 1092 598 1157 intro
623 1092 779 1177 66666666
799 1095 988 1176 permittere
1015 1109 1177 1178 soporare
1202 1108 1301 1174 poam
1326 1092 1371 1159 od

226 1190 366 1276 pretium
392 1186 658 1272 denudaretur
683 1192 912 1259 inconveniens
940 1206 1009 1258 non
1031 1209 1130 1277 posse
1155 1189 1369 1274 dissimulare,

231 1290 377 1372 ottoqcic
410 1292 529 1354 contro
562 1305 599 1354 se
624 1287 742 1355 6616666
772 1293 946 1358 noscerent
966 1289 1225 1376 prepcrcrtdcm.
1259 1287 1370 1358 Duces

231 1385 478 1474 responderunt
503 1386 721 1455 conclusione
740 1387 956 1476 breviloqua:
982 1405 1018 1455 se
1041 1388 1157 1456 tettan
1167 1388 1279 1471 potius
1296 1405 1370 1454 aas·

231 1490 393 1571 eeptcros,
420 1503 519 1570 qaam
544 1483 749 1554 Kortntlrr‘om
774 1487 1008 1554 dimmiasaros.
1042 1485 1114 1554 Rex
1138 1486 1370 1571 6666611666-

230 1586 277 1652 616
294 1589 326 1652 66
343 1582 508 1652 llraocvie
525 1583 712 1674 alloquitur,
735 1583 929 1654 llisnenses
947 1585 1101 1654 Saxones
1120 1583 1271 1674 advocat,
1299 1602 1371 1653 eum

232 1688 415 1769 surgente
441 1683 621 1750 exercitum
640 1682 799 1769 grandem
819 1684 951 1772 6661166,
979 1683 1122 1752 ducibus
1148 1682 1373 1771 6611666666-

234 1782 291 1850 dit.
324 1781 436 1850 Duces
462 1782 692 1869 imperatorem
721 1782 896 1853 advocant.
937 1781 1000 1863 Qui
1028 1783 1204 1849 Wiennam
1230 1783 1371 1850 veniens

151 1879 416 1950 13³6h0norilrce
453 1880 586 1968 quidem
621 1882 820 1972 suscipitur,
859 1881 921 1950 sed
956 1898 1083 1968 organa
1116 1879 1228 1947 divine
1262 1880 1371 1950 laudis

154 1964 208 2002 ¹⁸¹¹
233 1979 381 2066 undique
408 1984 606 2048 mutuerunt
639 1976 805 2047 Auxilium
831 1981 1008 2071 promittit,
1036 1998 1078 2049 ne
1106 1980 1240 2045 timeant
1266 1978 1371 2048 duces

232 2079 391 2167 hortatur,
419 2084 452 2146 66
477 2080 525 2146 616
553 2077 595 2146 661
622 2078 729 2146 solurn
755 2079 963 2148 Bawaricum
990 2084 1043 2147 est
1067 2094 1234 2146 reversus.

304 2177 435 2244 Interea
461 2195 519 2244 rex
545 2173 711 2244 Austriam
737 2177 883 2269 invadit,
909 2196 969 2268 per
993 2176 1150 2246 incendia
1177 2181 1210 2244 66
1235 2178 1370 2266 6661666

231 2276 328 2344 uillas
348 2274 446 2363 opida
466 2275 626 2343 ecelesias
642 2281 844 2346 monasteria
870 2276 1013 2367 dissipat
1040 2281 1073 2344 et
1100 2275 1261 2363 angariat,
1290 2274 1372 2344 nulli

231 2376 346 2464 parcit.
379 2374 492 2442 Duces
521 2392 594 2442 curn
618 2371 830 2445 Australibus
855 2376 1070 2444 Stiriensilrus
1094 2373 1320 2442 llarintlrianis
1337 2380 1372 2441 et

233 2473 439 2542 Carniolanis
465 2473 652 2562 phalangas
680 2475 856 2544 instruunt.
899 2474 980 2543 Cum
1007 2473 1127 2561 quibus
1155 2469 1233 2540 Otto
1262 2477 1374 2541 castra

232 2591 275 2641 ex
301 2574 457 2661 opposito
484 2573 575 2658 regis
604 2571 757 2661 collocat,
784 2574 995 2662 imperatoris
1023 2589 1215 2640 succursum
1233 2577 1375 2659 presto-

231 2671 317 2740 lans.
349 2669 454 2751 Quem
480 2670 557 2739 dum
583 2670 640 2739 diu
666 2669 786 2739 irostra
809 2691 869 2761 per
894 2674 1021 2759 aliquot
1047 2671 1118 2739 dies
1145 2675 1376 2761 expectarent,

233 2771 321 2855 regis
354 2769 575 2838 Bohe'morum
611 2773 760 2858 potentia
793 2772 1001 2857 Ungarorom
1030 2770 1221 2838 irruentium
1247 2771 1377 2859 impetu

233 2868 428 2956 adaugetur,
457 2874 489 2936 et
500 2870 608 2936 visum
631 2874 684 2936 est
707 2870 903 2961 quibusdam
922 2872 1000 2938 iusti
1024 2869 1103 2938 belli
1130 2867 1280 2937 ordinem
1304 2887 1378 2938 non

234 2967 370 3056 servari,
399 2965 460 3033 sed
486 2964 617 3033 Ottonis
643 2970 824 3054 perieulum
851 2969 1003 3037 clanculo
1029 2969 1233 3058 pertractari.
1273 2965 1377 3047 Quod

234 3065 309 3134 dum
332 3063 407 3131 daci
432 3072 627 3150 suggestum
647 3072 749 3155 esset,
777 3066 1036 3136 declinationem
1064 3073 1226 3153 concepte
1254 3073 1377 3134 contra

234 3182 272 3232 se
290 3162 526 3254 malivolentie,
553 3165 668 3253 paucis
684 3167 839 3254 66666116,
868 3169 978 3235 animo
996 3165 1205 3254 disponebat.
1239 3164 1282 3232 Et
1296 3166 1377 3233 dum

235 3263 443 3330 elevarentur
460 3262 501 3330 ad
519 3282 617 3353 anna,
644 3269 681 3330 ιι6
706 3282 810 3333 sonus
839 3272 910 3332 erat
936 3263 1152 3333 multitudinis
1181 3267 1282 3349 atque
1311 3281 1377 3332 ca-

157 3387 216 3428 ιιι.
235 3368 376 3429 strorum
411 3363 507 3446 quasi
542 3363 722 3430 volentium
756 3367 820 3432 iarn
848 3382 1019 3454 pugnare,
1048 3363 1190 3431 clamore
1217 3362 1377 3430 16666166-

169 3440 332 3530 2‘'oente
366 3458 433 3526 dux
467 3459 644 3528 Wiennam
675 3468 849 3553 properat,
883 3468 1021 3550 etpost
1047 3480 1119 3530 eum
1147 3466 1217 3528 tcta
1245 3461 1373 3544 militia,

235 3559 402 3627 admirans
418 3557 498 3645 quid
516 3558 618 3649 166666,
646 3559 825 3630 anhelarit.
860 3559 1001 3642 Quidam
1019 3559 1229 3628 tamenlente
1254 3558 1376 3627 ducem

155 3685 159 3698 ·
234 3665 415 3746 sequentes
442 3665 479 3725 ut
503 3658 715 3727 adversarios
730 3662 976 3750 lexpcrirentur,
1004 3666 1037 3727 et
1056 3658 1222 3726 neminem
1247 3657 1374 3725 viden-

234 3763 286 3824 tes
311 3763 389 3844 post
414 3757 498 3836 alios
524 3758 757 3848 properabant.
789 3755 945 3826 Albertus
972 3758 1041 3826 dux
1066 3757 1310 3843 ingemiscens,
1337 3761 1375 3822 et

235 3861 299 3923 tam
327 3854 456 3921 iratrem
485 3876 581 3943 quam
615 3874 727 3923 secum
757 3859 939 3925 existentes
968 3873 1086 3946 aspere
1113 3855 1286 3944 corripuit,
1313 3852 1373 3920 di·-

235 3971 331 4021 oens:
357 3971 415 4020 sce
440 3953 523 4022 lineo
548 3973 712 4040 nunquam
738 3955 805 4022 tole
822 3957 948 4041 ctiqcr'd
965 3957 1148 4042 6666666666.
1176 3950 1279 4032 Quasi
1296 3969 1372 4019 oum

233 4052 333 4120 losue
347 4050 484 4119 diceret:
510 4052 622 4143 „Quid
640 4052 745 4120 dicam
764 4055 806 4120 mi
830 4054 963 4123 domine
984 4052 1105 4144 dene,“
1130 4051 1249 4121 videns
1264 4047 1370 4118 lsrael

234 4149 386 4217 hostibus
418 4153 488 4219 suis
523 4158 616 4240 terga
643 4157 836 4222 vertentem.
878 4152 950 4222 Ν66
977 4160 1086 4222 tamen
1112 4148 1310 4238 mirandum,
1337 4145 1371 4212 si

235 4246 418 4315 hoo'lieret
444 4251 579 4335 vigente
607 4267 709 4320 causa
737 4255 771 4318 et
796 4249 1035 4340 dispensative.
1068 4251 1150 4320 Nam
1169 4246 1285 4335 David,
1312 4243 1372 4330 oui
