3002 4880
311 179 359 250 lb
622 205 766 252 cunomcn
788 205 825 250 nu
846 205 945 252 cusrrs
963 205 1131 253 narvcrruu.

310 349 378 415 tate
403 361 514 434 usque
546 344 581 414 in
611 341 806 413 hodiernum
833 342 919 413 diem
945 344 1031 412 inter
1055 359 1094 413 se
1118 343 1275 414 dimicant
1294 348 1327 414 el
1349 361 1424 413 eon-

310 448 447 514 certant.

384 544 485 612 Porro
520 539 598 610 dum
632 538 776 608 medium
809 540 975 609 silentium
1009 546 1163 611 tenerent
1191 544 1300 613 omnia
1324 545 1355 609 et
1376 555 1426 608 rev

311 647 405 712 esset
436 643 470 708 in
506 640 639 708 acubitu
671 656 734 707 suo
762 644 795 707 et
819 645 979 728 pausaret
1002 647 1082 729 posl
1107 659 1209 730 opera
1235 659 1300 730 que
1323 643 1426 728 potra-

308 747 378 810 rat:
405 757 484 808 ecce
512 737 645 828 quidam
671 733 860 826 trupbator1
879 741 1020 806 surrexit
1044 741 1078 807 in
1104 739 1258 830 medium,
1285 740 1340 828 qui
1358 736 1428 807 dixit

309 858 350 909 se
383 856 461 908 esse
493 836 690 908 Friderioum
725 836 893 924 quondam
926 839 1175 930 imperatorem,
1212 838 1303 928 quod
1334 837 1373 906 de
1396 852 1429 904 se

310 941 421 1008 multis
448 937 640 1023 intersignis
668 941 702 1005 et
727 936 925 1023 quibusdam
951 939 1121 1024 prestigiis
1149 939 1233 1006 seire
1251 936 1427 1006 volentibus

311 1036 546 1125 comprobavit.
598 1033 666 1103 Sed
705 1035 779 1122 ipse
815 1034 978 1124 deceptus
1013 1036 1134 1104 mullos
1169 1035 1315 1128 decepit,
1347 1032 1428 1104 mrdti

311 1137 398 1204 enim
424 1153 483 1224 pro
510 1152 551 1203 eo
579 1132 670 1221 quod
696 1135 770 1221 ipse
797 1139 901 1224 esset,
926 1132 1117 1204 vadimonia
1134 1140 1330 1224 posueruut.
1355 1131 1428 1202 Aliis

309 1253 390 1305 vero
423 1233 486 1302 sub
519 1231 662 1321 quadmu
691 1231 752 1320 spe
779 1232 1003 1301 exultantibus
1029 1234 1063 1301 in
1089 1235 1214 1322 poprdo
1241 1238 1276 1304 el
1302 1231 1430 1304 dicenti·

309 1333 373 1402 bus
409 1323 508 1419 quia²
540 1334 613 1420 ipse
647 1336 718 1422 est,
753 1332 826 1399 aliis
859 1330 1064 1400 dicentibus:
1099 1351 1184 1423 non,
1218 1333 1280 1402 sed
1315 1331 1432 1401 seducit

310 1432 449 1500 turbam.
478 1431 601 1499 Taliter
624 1447 705 1499 vero
732 1430 843 1498 multis
871 1430 1101 1521 opinantibus,
1130 1430 1264 1519 quidam
1290 1431 1432 1501 dicebant

311 1549 386 1599 eum
420 1532 557 1598 missum
591 1527 697 1597 luisse
739 1529 781 1596 ab
816 1530 934 1598 emulis
969 1531 1060 1616 regis
1101 1529 1144 1597 ad
1184 1529 1431 1600 destructionem

309 1630 417 1720 ipsius
451 1628 581 1698 lortune
617 1627 860 1719 temptandm
895 1630 923 1696 si
957 1632 1078 1718 posset
1111 1626 1195 1697 sorte
1228 1631 1263 1697 in
1295 1643 1432 1699 cesarem

309 1730 505 1818 promoveri,
534 1746 600 1816 quo
628 1727 714 1795 lacto
741 1745 820 1794 mox
844 1729 934 1812 regis
956 1729 1137 1796 auctoritas
1155 1730 1348 1817 exspiraret
1373 1722 1431 1795 Sed

309 1827 455 1895 frustrati
488 1832 521 1894 et
546 1825 687 1893 fraudati
723 1830 801 1893 sunt
826 1842 889 1893 sua
915 1843 985 1914 spe.
1036 1825 1107 1893 Rex
1134 1828 1220 1894 enim
1246 1827 1431 1916 prudentius

309 1941 417 2010 agens
453 1941 527 1992 cum
561 1924 713 1992 sobolem
740 1940 834 1992 suam
859 1941 919 2012 per
944 1924 1046 1992 multa
1072 1929 1228 1994 terrarum
1256 1929 1365 2014 spatia
1388 1923 1432 1992 di-

308 2025 470 2113 latasset,
507 2025 636 2107 etjam
671 2040 770 2090 nemo
806 2028 900 2090 esset
934 2025 990 2110 qui
1017 2015 1189 2109 surgeret³
1214 2031 1331 2095 contra
1356 2041 1433 2111 eun,

308 2121 428 2192 videns
454 2122 614 2211 populum
640 2111 912 2189 tumultuantem*
938 2127 972 2188 et
1003 2127 1164 2190 errantem
1190 2120 1232 2190 de
1258 2125 1316 2193 illo
1341 2137 1433 2208 vago,

305 2221 402 2307 jubel
429 2221 576 2288 construi
601 2237 757 2306 magnum
790 2237 908 2305 rogum
935 2225 968 2287 et
996 2220 1086 2288 illum
1113 2219 1259 2308 desuper
1282 2224 1382 2312 poni,
1407 2223 1435 2286 et

310 2321 359 2388 sic
391 2336 466 2386 eum
500 2319 708 2387 estuantibus
735 2318 895 2408 llammis,
922 2335 1032 2386 coram
1057 2319 1168 2386 multis
1195 2322 1382 2390 astantibus
1407 2320 1435 2385 et

228 2437 294 2493 1285
309 2417 521 2509 videntibuS,
548 2417 776 2486 miserabiliter
802 2418 1033 2487 concremavit.
1086 2417 1199 2486 Talem
1231 2421 1355 2488 exitum
1390 2420 1436 2485 est

233 2521 291 2564 run.
312 2519 468 2609 sortitus,
504 2521 538 2586 et
571 2517 627 2604 qui
659 2518 769 2587 multis
795 2515 874 2584 lecit
897 2517 1015 2607 risum,
1045 2517 1119 2605 ipsc
1146 2521 1237 2586 totus
1263 2518 1384 2588 cecidit
1405 2516 1435 2584 in

308 2616 463 2687 derisum.

227 2738 296 2794 meo
382 2713 481 2784 Anno
518 2714 650 2784 Domini
685 2713 888 2783 mcclxxxx.
915 2719 988 2782 cum
1022 2720 1116 2783 esset
1148 2733 1207 2784 rex
1237 2716 1271 2784 iu
1309 2716 1435 2784 civitate

229 2822 290 2862 ure.
307 2812 531 2883 Nurembereh
566 2819 599 2880 et
632 2829 732 2899 super
763 2812 961 2900 quibusdam
990 2817 1101 2882 causis
1128 2820 1163 2882 et
1186 2816 1342 2900 negociis
1370 2829 1437 2880 cun

306 2913 508 3000 principibus
542 2911 732 3000 placitaret,
765 2917 925 2998 essetque
959 2912 1003 2980 ibi
1039 2916 1136 2981 etiam
1167 2912 1322 2981 dominus
1348 2910 1436 2980 Lud-

306 3012 413 3078 wieus
446 3010 583 3079 illustris
619 3008 687 3078 dux
719 3010 872 3078 Bawarie
908 3015 941 3078 et
981 3011 1067 3080 lilius
1106 3029 1186 3080 suns
1227 3014 1342 3095 junior
1375 3010 1438 3078 dux

305 3107 505 3198 LudwicuS,
542 3126 641 3195 quem
674 3109 792 3194 genuit
825 3127 884 3198 per
910 3107 1077 3178 dominam
1100 3108 1231 3179 Annam
1258 3110 1436 3180 serenissi-

306 3225 391 3274 mam
425 3206 594 3275 ducissam
628 3207 670 3275 de
705 3208 862 3297 Polonia,
896 3207 953 3275 ubi
977 3209 1063 3276 inter
1087 3215 1198 3278 cetera
1225 3225 1290 3294 que
1317 3209 1439 3278 luebant

305 3305 350 3372 ibi
378 3307 578 3396 spectacula,
607 3307 692 3374 sicut
717 3308 817 3374 moris
845 3312 898 3374 est
921 3309 955 3373 in
983 3309 1081 3375 curiis
1107 3327 1242 3398 regum,
1272 3315 1367 3377 erant
1397 3304 1440 3374 ibi

305 3403 437 3471 nobiles
464 3405 596 3496 curiosi,
624 3407 681 3492 qui
706 3404 921 3474 vehementer
945 3405 980 3472 in
998 3406 1177 3476 hastiludio
1202 3427 1240 3477 se
1264 3411 1439 3495 spectante

304 3502 429 3591 populo
457 3503 665 3572 exercebant.
705 3503 782 3570 Dux
807 3521 887 3572 vero
909 3505 1021 3588 junior
1045 3505 1246 3599 Ludvvicus,
1273 3524 1349 3574 cum
1373 3509 1441 3592 jam

306 3607 400 3668 esset
424 3602 459 3668 in
485 3599 565 3669 llore
590 3600 701 3670 vivide
723 3604 920 3691 Juventutis,
948 3603 1113 3688 elegantis
1140 3605 1256 3694 lonne,
1283 3610 1317 3673 et
1341 3607 1438 3672 etiarn

303 3700 428 3772 viribus
466 3699 692 3787 corporalibus
726 3704 795 3785 jam
828 3700 983 3792 polleret,
1018 3721 1085 3789 quo
1126 3706 1234 3793 aptior
1267 3709 1364 3772 esset
1398 3697 1441 3770 ad

305 3815 439 3887 queque
470 3797 623 3890 lorliora,
657 3800 776 3867 virtute
815 3800 914 3865 animi
947 3806 1062 3869 contra
1097 3820 1219 3870 morem
1255 3804 1439 3891 principum

303 3897 380 3967 buic
413 3895 493 3966 ludo
530 3915 568 3966 se
601 3899 754 3984 ingerere
789 3898 985 3990 conabatur,
1028 3904 1061 3967 et
1093 3919 1153 3989 pro
1186 3901 1309 3970 nichilo
1344 3900 1442 3971 duxlt
1480 3929 1481 3950 r

338 4087 368 4154 l)
387 4087 412 4142 d.
428 4089 453 4142 b.
470 4089 608 4156 betriger,
634 4086 795 4142 iranzosiseb
820 4092 959 4158 trompeur.
986 4088 1078 4144 Oeiele
1102 4089 1146 4145 bet
1163 4092 1224 4148 sebr
1241 4091 1314 4146 libel:
1333 4094 1440 4160 tryum-

302 4155 805 4292 gffagdrmerez)bgu⁰2)qgmussdgedffe'm
816 4157 879 4279 {iser
911 4159 939 4211 in
971 4159 1018 4214 der
1047 4157 1086 4212 bs.
1110 4159 1177 4215 stelit
1199 4158 1340 4230 abgelriirzt
1368 4161 1440 4228 quia.
1479 4179 1480 4260 ,
