<?xml version="1.0" encoding="UTF-8"?>
<!DOCTYPE html PUBLIC "-//W3C//DTD XHTML 1.0 Transitional//EN"
    "http://www.w3.org/TR/xhtml1/DTD/xhtml1-transitional.dtd">
<html xmlns="http://www.w3.org/1999/xhtml" xml:lang="en" lang="en">
 <head>
  <title>
</title>
<meta http-equiv="Content-Type" content="text/html;charset=utf-8" />
  <meta name='ocr-system' content='tesseract 3.04.00' />
  <meta name='ocr-capabilities' content='ocr_page ocr_carea ocr_par ocr_line ocrx_word'/>
</head>
<body>
  <div class='ocr_page' id='page_1' title='image "./fontesrerumgerm02hubegoog_0163.png"; bbox 0 0 3052 4878; ppageno 0'>
   <div class='ocr_carea' id='block_1_1' title="bbox 253 228 1066 301">
    <p class='ocr_par' dir='ltr' id='par_1_1' title="bbox 253 228 1066 301">
     <span class='ocr_line' id='line_1_1' title="bbox 253 228 1066 301; baseline 0.005 -5"><span class='ocrx_word' id='word_1_1' title='bbox 253 228 322 298; x_wconf 73' lang='lat'>118</span> <span class='ocrx_word' id='word_1_2' title='bbox 562 254 677 301; x_wconf 79' lang='lat' dir='ltr'>nrcotrr</span> <span class='ocrx_word' id='word_1_3' title='bbox 700 255 744 300; x_wconf 83' lang='lat' dir='ltr'>nr.</span> <span class='ocrx_word' id='word_1_4' title='bbox 766 253 906 300; x_wconf 84' lang='lat' dir='ltr'>sennenn.</span> <span class='ocrx_word' id='word_1_5' title='bbox 930 254 1066 300; x_wconf 81' lang='lat' dir='ltr'>nnnrrro.</span> 
     </span>
    </p>
   </div>
   <div class='ocr_carea' id='block_1_2' title="bbox 169 390 1399 4038">
    <p class='ocr_par' dir='ltr' id='par_1_2' title="bbox 169 390 1399 4038">
     <span class='ocr_line' id='line_1_2' title="bbox 169 390 1386 481; baseline -0.002 -19"><span class='ocrx_word' id='word_1_6' title='bbox 169 407 235 462; x_wconf 79' lang='lat'>1³12</span> <span class='ocrx_word' id='word_1_7' title='bbox 253 399 352 463; x_wconf 88' lang='lat' dir='ltr'>tatem</span> <span class='ocrx_word' id='word_1_8' title='bbox 379 393 594 462; x_wconf 76' lang='lat' dir='ltr'>consulerent</span> <span class='ocrx_word' id='word_1_9' title='bbox 625 392 704 480; x_wconf 86' lang='lat' dir='ltr'>quid</span> <span class='ocrx_word' id='word_1_10' title='bbox 738 397 832 460; x_wconf 90' lang='lat' dir='ltr'>esset</span> <span class='ocrx_word' id='word_1_11' title='bbox 858 390 1022 481; x_wconf 79' lang='lat' dir='ltr'>laeturuS,</span> <span class='ocrx_word' id='word_1_12' title='bbox 1051 391 1152 460; x_wconf 91' lang='lat' dir='ltr'>etad</span> <span class='ocrx_word' id='word_1_13' title='bbox 1179 391 1260 478; x_wconf 87' lang='lat' dir='ltr'>quid</span> <span class='ocrx_word' id='word_1_14' title='bbox 1286 398 1386 460; x_wconf 88' lang='lat' dir='ltr'>terre-</span> 
     </span>
     <span class='ocr_line' id='line_1_3' title="bbox 251 490 1385 581; baseline -0.004 -19"><span class='ocrx_word' id='word_1_15' title='bbox 251 494 348 562; x_wconf 89' lang='lat' dir='ltr'>batur</span> <span class='ocrx_word' id='word_1_16' title='bbox 380 491 563 561; x_wconf 90' lang='lat' dir='ltr'>secundum</span> <span class='ocrx_word' id='word_1_17' title='bbox 595 509 636 560; x_wconf 89' lang='lat' dir='ltr'>ea</span> <span class='ocrx_word' id='word_1_18' title='bbox 666 509 733 578; x_wconf 87' lang='lat' dir='ltr'>que</span> <span class='ocrx_word' id='word_1_19' title='bbox 767 493 802 558; x_wconf 95' lang='lat' dir='ltr'>in</span> <span class='ocrx_word' id='word_1_20' title='bbox 827 491 945 559; x_wconf 91' lang='lat' dir='ltr'>litteris</span> <span class='ocrx_word' id='word_1_21' title='bbox 971 491 1093 558; x_wconf 92' lang='lat' dir='ltr'>vestris</span> <span class='ocrx_word' id='word_1_22' title='bbox 1121 490 1385 581; x_wconf 82' lang='lat' dir='ltr'>continebantur,</span> 
     </span>
     <span class='ocr_line' id='line_1_4' title="bbox 254 587 1386 678; baseline -0.003 -18"><span class='ocrx_word' id='word_1_23' title='bbox 254 600 287 660; x_wconf 93' lang='lat' dir='ltr'>ct</span> <span class='ocrx_word' id='word_1_24' title='bbox 312 591 414 660; x_wconf 89' lang='lat' dir='ltr'>multa</span> <span class='ocrx_word' id='word_1_25' title='bbox 440 591 515 661; x_wconf 91' lang='lat' dir='ltr'>talia</span> <span class='ocrx_word' id='word_1_26' title='bbox 551 608 617 678; x_wconf 87' lang='lat' dir='ltr'>quc</span> <span class='ocrx_word' id='word_1_27' title='bbox 647 591 752 676; x_wconf 89' lang='lat' dir='ltr'>longa</span> <span class='ocrx_word' id='word_1_28' title='bbox 778 594 895 657; x_wconf 79' lang='lat' dir='ltr'>essent</span> <span class='ocrx_word' id='word_1_29' title='bbox 921 606 1086 659; x_wconf 88' lang='lat' dir='ltr'>enarrare.</span> <span class='ocrx_word' id='word_1_30' title='bbox 1130 587 1216 669; x_wconf 84' lang='lat' dir='ltr'><strong>Quid</strong></span> <span class='ocrx_word' id='word_1_31' title='bbox 1239 607 1386 678; x_wconf 84' lang='lat' dir='ltr'>respon-</span> 
     </span>
     <span class='ocr_line' id='line_1_5' title="bbox 169 683 1385 781; baseline -0.002 -22"><span class='ocrx_word' id='word_1_32' title='bbox 169 709 172 713; x_wconf 91' lang='lat'>·</span> <span class='ocrx_word' id='word_1_33' title='bbox 254 683 368 781; x_wconf 80' lang='lat' dir='ltr'>derit¹,</span> <span class='ocrx_word' id='word_1_34' title='bbox 395 708 469 758; x_wconf 91' lang='lat' dir='ltr'>cum</span> <span class='ocrx_word' id='word_1_35' title='bbox 491 689 657 777; x_wconf 92' lang='lat' dir='ltr'>publicum</span> <span class='ocrx_word' id='word_1_36' title='bbox 675 688 782 780; x_wconf 71' lang='lat' dir='ltr'>fuerit,</span> <span class='ocrx_word' id='word_1_37' title='bbox 809 687 910 757; x_wconf 90' lang='lat' dir='ltr'>credo</span> <span class='ocrx_word' id='word_1_38' title='bbox 931 687 1022 775; x_wconf 87' lang='lat' dir='ltr'>quod</span> <span class='ocrx_word' id='word_1_39' title='bbox 1048 687 1173 756; x_wconf 93' lang='lat' dir='ltr'>domini</span> <span class='ocrx_word' id='word_1_40' title='bbox 1200 687 1385 757; x_wconf 91' lang='lat' dir='ltr'>cardinales</span> 
     </span>
     <span class='ocr_line' id='line_1_6' title="bbox 251 788 1387 877; baseline -0.003 -19"><span class='ocrx_word' id='word_1_41' title='bbox 251 789 375 858; x_wconf 88' lang='lat' dir='ltr'>ibidem</span> <span class='ocrx_word' id='word_1_42' title='bbox 409 790 592 857; x_wconf 85' lang='lat' dir='ltr'>existentes</span> <span class='ocrx_word' id='word_1_43' title='bbox 628 790 794 856; x_wconf 85' lang='lat' dir='ltr'>sanctitati</span> <span class='ocrx_word' id='word_1_44' title='bbox 825 791 935 855; x_wconf 92' lang='lat' dir='ltr'>vestre</span> <span class='ocrx_word' id='word_1_45' title='bbox 962 788 1186 877; x_wconf 83' lang='lat' dir='ltr'>scripserunt,</span> <span class='ocrx_word' id='word_1_46' title='bbox 1226 793 1260 855; x_wconf 95' lang='lat' dir='ltr'>et</span> <span class='ocrx_word' id='word_1_47' title='bbox 1288 790 1387 856; x_wconf 90' lang='lat' dir='ltr'>etiam</span> 
     </span>
     <span class='ocr_line' id='line_1_7' title="bbox 254 886 1390 977; baseline -0.003 -20"><span class='ocrx_word' id='word_1_48' title='bbox 254 894 432 977; x_wconf 88' lang='lat' dir='ltr'>postquam</span> <span class='ocrx_word' id='word_1_49' title='bbox 457 886 499 955; x_wconf 93' lang='lat' dir='ltr'>ad</span> <span class='ocrx_word' id='word_1_50' title='bbox 530 889 730 975; x_wconf 83' lang='lat' dir='ltr'>presentiam</span> <span class='ocrx_word' id='word_1_51' title='bbox 755 892 868 955; x_wconf 90' lang='lat' dir='ltr'>vestre</span> <span class='ocrx_word' id='word_1_52' title='bbox 896 887 1079 954; x_wconf 87' lang='lat' dir='ltr'>sanctitatis</span> <span class='ocrx_word' id='word_1_53' title='bbox 1105 892 1269 955; x_wconf 90' lang='lat' dir='ltr'>venerunt</span> <span class='ocrx_word' id='word_1_54' title='bbox 1294 893 1390 954; x_wconf 90' lang='lat' dir='ltr'>retu-</span> 
     </span>
     <span class='ocr_line' id='line_1_8' title="bbox 252 985 1388 1074; baseline 0 -20"><span class='ocrx_word' id='word_1_55' title='bbox 252 987 363 1056; x_wconf 86' lang='lat' dir='ltr'>lerunt</span> <span class='ocrx_word' id='word_1_56' title='bbox 386 989 462 1054; x_wconf 91' lang='lat' dir='ltr'>viva</span> <span class='ocrx_word' id='word_1_57' title='bbox 488 1003 584 1054; x_wconf 90' lang='lat' dir='ltr'>voce.</span> <span class='ocrx_word' id='word_1_58' title='bbox 624 987 762 1074; x_wconf 84' lang='lat' dir='ltr'>Propter</span> <span class='ocrx_word' id='word_1_59' title='bbox 788 985 878 1073; x_wconf 88' lang='lat' dir='ltr'>quod</span> <span class='ocrx_word' id='word_1_60' title='bbox 904 986 1049 1054; x_wconf 86' lang='lat' dir='ltr'>breviter</span> <span class='ocrx_word' id='word_1_61' title='bbox 1073 991 1221 1054; x_wconf 85' lang='lat' dir='ltr'>transeo.</span> <span class='ocrx_word' id='word_1_62' title='bbox 1263 985 1333 1053; x_wconf 93' lang='lat' dir='ltr'>Nec</span> <span class='ocrx_word' id='word_1_63' title='bbox 1354 987 1388 1054; x_wconf 94' lang='lat' dir='ltr'>in</span> 
     </span>
     <span class='ocr_line' id='line_1_9' title="bbox 253 1084 1387 1174; baseline -0.002 -20"><span class='ocrx_word' id='word_1_64' title='bbox 253 1086 392 1174; x_wconf 88' lang='lat' dir='ltr'>speciali</span> <span class='ocrx_word' id='word_1_65' title='bbox 414 1085 455 1152; x_wconf 91' lang='lat' dir='ltr'>de</span> <span class='ocrx_word' id='word_1_66' title='bbox 472 1085 625 1152; x_wconf 89' lang='lat' dir='ltr'>omnibus</span> <span class='ocrx_word' id='word_1_67' title='bbox 641 1085 810 1154; x_wconf 88' lang='lat' dir='ltr'>recordor.</span> <span class='ocrx_word' id='word_1_68' title='bbox 856 1084 973 1153; x_wconf 88' lang='lat' dir='ltr'>Habeo</span> <span class='ocrx_word' id='word_1_69' title='bbox 1000 1090 1111 1154; x_wconf 89' lang='lat' dir='ltr'>tamen</span> <span class='ocrx_word' id='word_1_70' title='bbox 1134 1085 1325 1154; x_wconf 91' lang='lat' dir='ltr'>memoriam</span> <span class='ocrx_word' id='word_1_71' title='bbox 1345 1084 1387 1152; x_wconf 94' lang='lat' dir='ltr'>de</span> 
     </span>
     <span class='ocr_line' id='line_1_10' title="bbox 253 1182 1388 1273; baseline -0.001 -20"><span class='ocrx_word' id='word_1_72' title='bbox 253 1185 317 1253; x_wconf 91' lang='lat' dir='ltr'>hoc</span> <span class='ocrx_word' id='word_1_73' title='bbox 344 1183 435 1272; x_wconf 89' lang='lat' dir='ltr'>quod</span> <span class='ocrx_word' id='word_1_74' title='bbox 460 1183 599 1272; x_wconf 87' lang='lat' dir='ltr'>predicti</span> <span class='ocrx_word' id='word_1_75' title='bbox 625 1185 704 1252; x_wconf 93' lang='lat' dir='ltr'>iuris</span> <span class='ocrx_word' id='word_1_76' title='bbox 731 1185 828 1273; x_wconf 91' lang='lat' dir='ltr'>periti</span> <span class='ocrx_word' id='word_1_77' title='bbox 855 1183 919 1250; x_wconf 94' lang='lat' dir='ltr'>sibi</span> <span class='ocrx_word' id='word_1_78' title='bbox 946 1182 1110 1271; x_wconf 84' lang='lat' dir='ltr'>dixerunt,</span> <span class='ocrx_word' id='word_1_79' title='bbox 1138 1183 1229 1271; x_wconf 86' lang='lat' dir='ltr'>quod</span> <span class='ocrx_word' id='word_1_80' title='bbox 1255 1185 1288 1251; x_wconf 95' lang='lat' dir='ltr'>in</span> <span class='ocrx_word' id='word_1_81' title='bbox 1315 1185 1388 1252; x_wconf 92' lang='lat' dir='ltr'>iure</span> 
     </span>
     <span class='ocr_line' id='line_1_11' title="bbox 255 1281 1389 1371; baseline -0.001 -20"><span class='ocrx_word' id='word_1_82' title='bbox 255 1285 418 1351; x_wconf 91' lang='lat' dir='ltr'>canonico</span> <span class='ocrx_word' id='word_1_83' title='bbox 436 1288 469 1349; x_wconf 92' lang='lat' dir='ltr'>et</span> <span class='ocrx_word' id='word_1_84' title='bbox 484 1283 572 1351; x_wconf 91' lang='lat' dir='ltr'>civili</span> <span class='ocrx_word' id='word_1_85' title='bbox 590 1300 658 1351; x_wconf 91' lang='lat' dir='ltr'>non</span> <span class='ocrx_word' id='word_1_86' title='bbox 676 1282 900 1371; x_wconf 75' lang='lat' dir='ltr'>inveniebant,</span> <span class='ocrx_word' id='word_1_87' title='bbox 919 1282 1009 1369; x_wconf 90' lang='lat' dir='ltr'>quod</span> <span class='ocrx_word' id='word_1_88' title='bbox 1026 1281 1180 1351; x_wconf 91' lang='lat' dir='ltr'>dominus</span> <span class='ocrx_word' id='word_1_89' title='bbox 1194 1301 1283 1371; x_wconf 92' lang='lat' dir='ltr'>papa</span> <span class='ocrx_word' id='word_1_90' title='bbox 1301 1299 1389 1371; x_wconf 91' lang='lat' dir='ltr'>pos-</span> 
     </span>
     <span class='ocr_line' id='line_1_12' title="bbox 254 1380 1388 1470; baseline 0 -22"><span class='ocrx_word' id='word_1_91' title='bbox 254 1387 307 1448; x_wconf 89' lang='lat' dir='ltr'>set</span> <span class='ocrx_word' id='word_1_92' title='bbox 327 1380 473 1449; x_wconf 83' lang='lat' dir='ltr'>indicere</span> <span class='ocrx_word' id='word_1_93' title='bbox 495 1387 643 1467; x_wconf 89' lang='lat' dir='ltr'>treogam</span> <span class='ocrx_word' id='word_1_94' title='bbox 665 1383 750 1448; x_wconf 86' lang='lat' dir='ltr'>inter</span> <span class='ocrx_word' id='word_1_95' title='bbox 773 1383 1006 1469; x_wconf 88' lang='lat' dir='ltr'>imperatorem</span> <span class='ocrx_word' id='word_1_96' title='bbox 1031 1386 1063 1448; x_wconf 90' lang='lat' dir='ltr'>ct</span> <span class='ocrx_word' id='word_1_97' title='bbox 1086 1381 1249 1449; x_wconf 91' lang='lat' dir='ltr'>vasallum</span> <span class='ocrx_word' id='word_1_98' title='bbox 1272 1398 1388 1470; x_wconf 78' lang='lat' dir='ltr'>suum3</span> 
     </span>
     <span class='ocr_line' id='line_1_13' title="bbox 254 1471 1387 1567; baseline 0.001 -20"><span class='ocrx_word' id='word_1_99' title='bbox 254 1482 332 1567; x_wconf 83' lang='lat' dir='ltr'>quia</span> <span class='ocrx_word' id='word_1_100' title='bbox 356 1481 383 1548; x_wconf 93' lang='lat' dir='ltr'>si</span> <span class='ocrx_word' id='word_1_101' title='bbox 407 1480 557 1548; x_wconf 88' lang='lat' dir='ltr'>vasallus</span> <span class='ocrx_word' id='word_1_102' title='bbox 581 1482 761 1550; x_wconf 89' lang='lat' dir='ltr'>committat</span> <span class='ocrx_word' id='word_1_103' title='bbox 787 1481 910 1548; x_wconf 88' lang='lat' dir='ltr'>crimen</span> <span class='ocrx_word' id='word_1_104' title='bbox 936 1479 1008 1547; x_wconf 91' lang='lat' dir='ltr'>lese</span> <span class='ocrx_word' id='word_1_105' title='bbox 1036 1471 1232 1563; x_wconf 81' lang='lat' dir='ltr'>maiestatis,</span> <span class='ocrx_word' id='word_1_106' title='bbox 1260 1485 1293 1548; x_wconf 89' lang='lat' dir='ltr'>et</span> <span class='ocrx_word' id='word_1_107' title='bbox 1318 1482 1387 1548; x_wconf 84' lang='lat' dir='ltr'>im-</span> 
     </span>
     <span class='ocr_line' id='line_1_14' title="bbox 252 1578 1391 1669; baseline -0.001 -23"><span class='ocrx_word' id='word_1_108' title='bbox 252 1584 394 1669; x_wconf 86' lang='lat' dir='ltr'>perator,</span> <span class='ocrx_word' id='word_1_109' title='bbox 423 1580 479 1667; x_wconf 84' lang='lat' dir='ltr'>rpri</span> <span class='ocrx_word' id='word_1_110' title='bbox 506 1584 638 1647; x_wconf 92' lang='lat' dir='ltr'>tenetur</span> <span class='ocrx_word' id='word_1_111' title='bbox 663 1578 772 1648; x_wconf 88' lang='lat' dir='ltr'>facere</span> <span class='ocrx_word' id='word_1_112' title='bbox 798 1580 967 1669; x_wconf 80' lang='lat' dir='ltr'>iustitiam,</span> <span class='ocrx_word' id='word_1_113' title='bbox 994 1579 1074 1646; x_wconf 86' lang='lat' dir='ltr'>velit</span> <span class='ocrx_word' id='word_1_114' title='bbox 1100 1579 1326 1669; x_wconf 76' lang='lat' dir='ltr'>componire,</span> <span class='ocrx_word' id='word_1_115' title='bbox 1355 1582 1391 1647; x_wconf 92' lang='lat' dir='ltr'>et</span> 
     </span>
     <span class='ocr_line' id='line_1_15' title="bbox 252 1677 1391 1766; baseline 0 -21"><span class='ocrx_word' id='word_1_116' title='bbox 252 1680 413 1746; x_wconf 86' lang='lat' dir='ltr'>sanctitas</span> <span class='ocrx_word' id='word_1_117' title='bbox 440 1684 552 1746; x_wconf 91' lang='lat' dir='ltr'>vestra</span> <span class='ocrx_word' id='word_1_118' title='bbox 577 1683 697 1766; x_wconf 93' lang='lat' dir='ltr'>posset</span> <span class='ocrx_word' id='word_1_119' title='bbox 722 1677 871 1745; x_wconf 88' lang='lat' dir='ltr'>indicere</span> <span class='ocrx_word' id='word_1_120' title='bbox 895 1683 1046 1763; x_wconf 86' lang='lat' dir='ltr'>treugam</span> <span class='ocrx_word' id='word_1_121' title='bbox 1064 1679 1149 1744; x_wconf 91' lang='lat' dir='ltr'>inter</span> <span class='ocrx_word' id='word_1_122' title='bbox 1172 1695 1244 1766; x_wconf 84' lang='lat' dir='ltr'>eos,</span> <span class='ocrx_word' id='word_1_123' title='bbox 1272 1695 1312 1746; x_wconf 89' lang='lat' dir='ltr'>ea</span> <span class='ocrx_word' id='word_1_124' title='bbox 1328 1695 1391 1745; x_wconf 89' lang='lat' dir='ltr'>ra-</span> 
     </span>
     <span class='ocr_line' id='line_1_16' title="bbox 252 1777 1390 1867; baseline 0 -23"><span class='ocrx_word' id='word_1_125' title='bbox 252 1778 354 1867; x_wconf 84' lang='lat' dir='ltr'>tione,</span> <span class='ocrx_word' id='word_1_126' title='bbox 382 1795 449 1864; x_wconf 86' lang='lat' dir='ltr'>que</span> <span class='ocrx_word' id='word_1_127' title='bbox 465 1783 584 1864; x_wconf 90' lang='lat' dir='ltr'>posset</span> <span class='ocrx_word' id='word_1_128' title='bbox 601 1795 668 1845; x_wconf 90' lang='lat' dir='ltr'>una</span> <span class='ocrx_word' id='word_1_129' title='bbox 689 1778 775 1866; x_wconf 79' lang='lat' dir='ltr'>viee,</span> <span class='ocrx_word' id='word_1_130' title='bbox 791 1782 911 1865; x_wconf 92' lang='lat' dir='ltr'>posset</span> <span class='ocrx_word' id='word_1_131' title='bbox 933 1793 1074 1866; x_wconf 80' lang='lat' dir='ltr'>semper,</span> <span class='ocrx_word' id='word_1_132' title='bbox 1102 1783 1135 1843; x_wconf 92' lang='lat' dir='ltr'>et</span> <span class='ocrx_word' id='word_1_133' title='bbox 1150 1777 1200 1844; x_wconf 91' lang='lat' dir='ltr'>sic</span> <span class='ocrx_word' id='word_1_134' title='bbox 1218 1793 1390 1862; x_wconf 86' lang='lat' dir='ltr'>nunquam</span> 
     </span>
     <span class='ocr_line' id='line_1_17' title="bbox 252 1874 1390 1965; baseline -0.001 -22"><span class='ocrx_word' id='word_1_135' title='bbox 252 1881 452 1961; x_wconf 87' lang='lat' dir='ltr'>sequeretur</span> <span class='ocrx_word' id='word_1_136' title='bbox 477 1876 606 1963; x_wconf 91' lang='lat' dir='ltr'>punitio</span> <span class='ocrx_word' id='word_1_137' title='bbox 633 1874 675 1942; x_wconf 93' lang='lat' dir='ltr'>de</span> <span class='ocrx_word' id='word_1_138' title='bbox 702 1874 837 1965; x_wconf 76' lang='lat' dir='ltr'>delicto,</span> <span class='ocrx_word' id='word_1_139' title='bbox 866 1874 955 1962; x_wconf 88' lang='lat' dir='ltr'>quod</span> <span class='ocrx_word' id='word_1_140' title='bbox 972 1881 1024 1943; x_wconf 88' lang='lat' dir='ltr'>est</span> <span class='ocrx_word' id='word_1_141' title='bbox 1038 1879 1154 1943; x_wconf 90' lang='lat' dir='ltr'>eontra</span> <span class='ocrx_word' id='word_1_142' title='bbox 1169 1876 1221 1942; x_wconf 94' lang='lat' dir='ltr'>ius</span> <span class='ocrx_word' id='word_1_143' title='bbox 1237 1874 1390 1943; x_wconf 90' lang='lat' dir='ltr'>naturale</span> 
     </span>
     <span class='ocr_line' id='line_1_18' title="bbox 253 1969 1390 2062; baseline 0 -22"><span class='ocrx_word' id='word_1_144' title='bbox 253 1978 287 2041; x_wconf 91' lang='lat' dir='ltr'>et</span> <span class='ocrx_word' id='word_1_145' title='bbox 303 1973 460 2041; x_wconf 91' lang='lat' dir='ltr'>divinum.</span> <span class='ocrx_word' id='word_1_146' title='bbox 501 1969 680 2040; x_wconf 84' lang='lat' dir='ltr'>Addebant</span> <span class='ocrx_word' id='word_1_147' title='bbox 697 1975 797 2041; x_wconf 90' lang='lat' dir='ltr'>etiam</span> <span class='ocrx_word' id='word_1_148' title='bbox 820 1973 910 2062; x_wconf 84' lang='lat' dir='ltr'>quod</span> <span class='ocrx_word' id='word_1_149' title='bbox 929 1976 1107 2062; x_wconf 91' lang='lat' dir='ltr'>imperator</span> <span class='ocrx_word' id='word_1_150' title='bbox 1128 1978 1161 2041; x_wconf 88' lang='lat' dir='ltr'>et</span> <span class='ocrx_word' id='word_1_151' title='bbox 1178 1991 1238 2041; x_wconf 89' lang='lat' dir='ltr'>rex</span> <span class='ocrx_word' id='word_1_152' title='bbox 1254 1971 1390 2041; x_wconf 90' lang='lat' dir='ltr'>Rober-</span> 
     </span>
     <span class='ocr_line' id='line_1_19' title="bbox 253 2071 1391 2160; baseline 0.001 -21"><span class='ocrx_word' id='word_1_153' title='bbox 253 2079 306 2140; x_wconf 91' lang='lat' dir='ltr'>tus</span> <span class='ocrx_word' id='word_1_154' title='bbox 327 2089 395 2140; x_wconf 93' lang='lat' dir='ltr'>non</span> <span class='ocrx_word' id='word_1_155' title='bbox 419 2073 624 2140; x_wconf 92' lang='lat' dir='ltr'>subiciuntur</span> <span class='ocrx_word' id='word_1_156' title='bbox 648 2072 792 2140; x_wconf 89' lang='lat' dir='ltr'>ecclesie</span> <span class='ocrx_word' id='word_1_157' title='bbox 816 2073 977 2160; x_wconf 87' lang='lat' dir='ltr'>equaliter</span> <span class='ocrx_word' id='word_1_158' title='bbox 1003 2078 1161 2160; x_wconf 87' lang='lat' dir='ltr'>quantum</span> <span class='ocrx_word' id='word_1_159' title='bbox 1191 2071 1233 2140; x_wconf 90' lang='lat' dir='ltr'>ad</span> <span class='ocrx_word' id='word_1_160' title='bbox 1252 2077 1391 2160; x_wconf 90' lang='lat' dir='ltr'>tempo-</span> 
     </span>
     <span class='ocr_line' id='line_1_20' title="bbox 250 2169 1392 2261; baseline 0.002 -23"><span class='ocrx_word' id='word_1_161' title='bbox 250 2169 351 2256; x_wconf 91' lang='lat' dir='ltr'>ralia;</span> <span class='ocrx_word' id='word_1_162' title='bbox 380 2172 457 2257; x_wconf 89' lang='lat' dir='ltr'>quia</span> <span class='ocrx_word' id='word_1_163' title='bbox 482 2188 568 2237; x_wconf 91' lang='lat' dir='ltr'>unus</span> <span class='ocrx_word' id='word_1_164' title='bbox 596 2174 649 2238; x_wconf 91' lang='lat' dir='ltr'>est</span> <span class='ocrx_word' id='word_1_165' title='bbox 679 2170 837 2239; x_wconf 77' lang='lat' dir='ltr'>defensor</span> <span class='ocrx_word' id='word_1_166' title='bbox 863 2177 896 2239; x_wconf 91' lang='lat' dir='ltr'>et</span> <span class='ocrx_word' id='word_1_167' title='bbox 921 2171 1125 2261; x_wconf 84' lang='lat' dir='ltr'>advocatus,</span> <span class='ocrx_word' id='word_1_168' title='bbox 1152 2171 1233 2239; x_wconf 91' lang='lat' dir='ltr'>nibil</span> <span class='ocrx_word' id='word_1_169' title='bbox 1259 2171 1392 2240; x_wconf 82' lang='lat' dir='ltr'>habens</span> 
     </span>
     <span class='ocr_line' id='line_1_21' title="bbox 254 2269 1392 2360; baseline 0 -23"><span class='ocrx_word' id='word_1_170' title='bbox 254 2269 296 2338; x_wconf 87' lang='lat' dir='ltr'>ab</span> <span class='ocrx_word' id='word_1_171' title='bbox 321 2269 463 2337; x_wconf 89' lang='lat' dir='ltr'>ecelesia</span> <span class='ocrx_word' id='word_1_172' title='bbox 482 2269 524 2336; x_wconf 90' lang='lat' dir='ltr'>de</span> <span class='ocrx_word' id='word_1_173' title='bbox 544 2270 781 2357; x_wconf 87' lang='lat' dir='ltr'>temporalibus</span> <span class='ocrx_word' id='word_1_174' title='bbox 792 2291 801 2355; x_wconf 81' lang='lat'>3</span> <span class='ocrx_word' id='word_1_175' title='bbox 829 2269 914 2338; x_wconf 92' lang='lat' dir='ltr'>alius</span> <span class='ocrx_word' id='word_1_176' title='bbox 937 2276 989 2338; x_wconf 90' lang='lat' dir='ltr'>est</span> <span class='ocrx_word' id='word_1_177' title='bbox 1005 2270 1159 2338; x_wconf 91' lang='lat' dir='ltr'>subditus</span> <span class='ocrx_word' id='word_1_178' title='bbox 1178 2277 1211 2337; x_wconf 89' lang='lat' dir='ltr'>et</span> <span class='ocrx_word' id='word_1_179' title='bbox 1227 2269 1392 2360; x_wconf 88' lang='lat' dir='ltr'>vasallus,</span> 
     </span>
     <span class='ocr_line' id='line_1_22' title="bbox 254 2368 1393 2458; baseline 0 -22"><span class='ocrx_word' id='word_1_180' title='bbox 254 2386 349 2436; x_wconf 87' lang='lat' dir='ltr'>suum</span> <span class='ocrx_word' id='word_1_181' title='bbox 372 2386 511 2454; x_wconf 93' lang='lat' dir='ltr'>regnum</span> <span class='ocrx_word' id='word_1_182' title='bbox 529 2369 571 2436; x_wconf 91' lang='lat' dir='ltr'>ab</span> <span class='ocrx_word' id='word_1_183' title='bbox 596 2368 742 2437; x_wconf 91' lang='lat' dir='ltr'>ecelesia</span> <span class='ocrx_word' id='word_1_184' title='bbox 767 2368 909 2441; x_wconf 81' lang='lat' dir='ltr'>babens.</span> <span class='ocrx_word' id='word_1_185' title='bbox 960 2369 1126 2437; x_wconf 89' lang='lat' dir='ltr'>Dicebant</span> <span class='ocrx_word' id='word_1_186' title='bbox 1151 2368 1270 2458; x_wconf 78' lang='lat' dir='ltr'>adbuc,</span> <span class='ocrx_word' id='word_1_187' title='bbox 1298 2368 1393 2456; x_wconf 87' lang='lat' dir='ltr'>quod</span> 
     </span>
     <span class='ocr_line' id='line_1_23' title="bbox 254 2467 1393 2556; baseline 0 -22"><span class='ocrx_word' id='word_1_188' title='bbox 254 2469 283 2534; x_wconf 93' lang='lat' dir='ltr'>si</span> <span class='ocrx_word' id='word_1_189' title='bbox 309 2472 345 2535; x_wconf 92' lang='lat' dir='ltr'>ut</span> <span class='ocrx_word' id='word_1_190' title='bbox 370 2467 532 2536; x_wconf 90' lang='lat' dir='ltr'>vasallum</span> <span class='ocrx_word' id='word_1_191' title='bbox 559 2468 701 2535; x_wconf 90' lang='lat' dir='ltr'>ecclesie</span> <span class='ocrx_word' id='word_1_192' title='bbox 719 2469 754 2535; x_wconf 92' lang='lat' dir='ltr'>in</span> <span class='ocrx_word' id='word_1_193' title='bbox 778 2468 1015 2556; x_wconf 89' lang='lat' dir='ltr'>temporalibus</span> <span class='ocrx_word' id='word_1_194' title='bbox 1033 2469 1237 2555; x_wconf 86' lang='lat' dir='ltr'>permitteret</span> <span class='ocrx_word' id='word_1_195' title='bbox 1257 2484 1294 2535; x_wconf 91' lang='lat' dir='ltr'>se</span> <span class='ocrx_word' id='word_1_196' title='bbox 1312 2467 1393 2535; x_wconf 92' lang='lat' dir='ltr'>duci</span> 
     </span>
     <span class='ocr_line' id='line_1_24' title="bbox 253 2565 1395 2657; baseline 0.001 -24"><span class='ocrx_word' id='word_1_197' title='bbox 253 2583 314 2655; x_wconf 93' lang='lat' dir='ltr'>per</span> <span class='ocrx_word' id='word_1_198' title='bbox 347 2568 555 2634; x_wconf 87' lang='lat' dir='ltr'>sanctitatem</span> <span class='ocrx_word' id='word_1_199' title='bbox 580 2573 745 2657; x_wconf 74' lang='lat' dir='ltr'>vestram,</span> <span class='ocrx_word' id='word_1_200' title='bbox 781 2565 871 2653; x_wconf 86' lang='lat' dir='ltr'>quod</span> <span class='ocrx_word' id='word_1_201' title='bbox 898 2573 991 2634; x_wconf 90' lang='lat' dir='ltr'>esset</span> <span class='ocrx_word' id='word_1_202' title='bbox 1016 2569 1189 2656; x_wconf 84' lang='lat' dir='ltr'>periurae,</span> <span class='ocrx_word' id='word_1_203' title='bbox 1218 2584 1292 2633; x_wconf 89' lang='lat' dir='ltr'>cum</span> <span class='ocrx_word' id='word_1_204' title='bbox 1317 2568 1395 2634; x_wconf 92' lang='lat' dir='ltr'>iura</span> 
     </span>
     <span class='ocr_line' id='line_1_25' title="bbox 253 2664 1395 2752; baseline 0.001 -20"><span class='ocrx_word' id='word_1_205' title='bbox 253 2666 380 2752; x_wconf 91' lang='lat' dir='ltr'>imperii</span> <span class='ocrx_word' id='word_1_206' title='bbox 406 2665 616 2752; x_wconf 89' lang='lat' dir='ltr'>diminueret;</span> <span class='ocrx_word' id='word_1_207' title='bbox 645 2684 709 2752; x_wconf 85' lang='lat' dir='ltr'>que</span> <span class='ocrx_word' id='word_1_208' title='bbox 743 2671 852 2733; x_wconf 89' lang='lat' dir='ltr'>tamen</span> <span class='ocrx_word' id='word_1_209' title='bbox 878 2666 997 2733; x_wconf 89' lang='lat' dir='ltr'>iuravit</span> <span class='ocrx_word' id='word_1_210' title='bbox 1022 2683 1090 2734; x_wconf 94' lang='lat' dir='ltr'>non</span> <span class='ocrx_word' id='word_1_211' title='bbox 1117 2666 1299 2734; x_wconf 90' lang='lat' dir='ltr'>diminuere</span> <span class='ocrx_word' id='word_1_212' title='bbox 1327 2664 1395 2733; x_wconf 89' lang='lat' dir='ltr'>sed</span> 
     </span>
     <span class='ocr_line' id='line_1_26' title="bbox 172 2762 1393 2851; baseline 0.002 -21"><span class='ocrx_word' id='word_1_213' title='bbox 172 2799 176 2805; x_wconf 95' lang='lat'>-</span> <span class='ocrx_word' id='word_1_214' title='bbox 253 2781 390 2849; x_wconf 90' lang='lat' dir='ltr'>augere.</span> <span class='ocrx_word' id='word_1_215' title='bbox 430 2763 526 2833; x_wconf 90' lang='lat' dir='ltr'>Unde</span> <span class='ocrx_word' id='word_1_216' title='bbox 552 2781 624 2830; x_wconf 91' lang='lat' dir='ltr'>oum</span> <span class='ocrx_word' id='word_1_217' title='bbox 649 2770 765 2850; x_wconf 83' lang='lat' dir='ltr'>treuge</span> <span class='ocrx_word' id='word_1_218' title='bbox 784 2781 843 2851; x_wconf 93' lang='lat' dir='ltr'>per</span> <span class='ocrx_word' id='word_1_219' title='bbox 862 2770 1005 2832; x_wconf 90' lang='lat' dir='ltr'>vestram</span> <span class='ocrx_word' id='word_1_220' title='bbox 1028 2767 1238 2832; x_wconf 90' lang='lat' dir='ltr'>sanctitatem</span> <span class='ocrx_word' id='word_1_221' title='bbox 1263 2762 1393 2832; x_wconf 90' lang='lat' dir='ltr'>indicte</span> 
     </span>
     <span class='ocr_line' id='line_1_27' title="bbox 253 2861 1394 2952; baseline 0.002 -22"><span class='ocrx_word' id='word_1_222' title='bbox 253 2865 339 2930; x_wconf 90' lang='lat' dir='ltr'>inter</span> <span class='ocrx_word' id='word_1_223' title='bbox 365 2879 424 2929; x_wconf 89' lang='lat' dir='ltr'>eos</span> <span class='ocrx_word' id='word_1_224' title='bbox 451 2879 520 2928; x_wconf 96' lang='lat' dir='ltr'>non</span> <span class='ocrx_word' id='word_1_225' title='bbox 547 2861 726 2930; x_wconf 88' lang='lat' dir='ltr'>durassent</span> <span class='ocrx_word' id='word_1_226' title='bbox 751 2863 815 2930; x_wconf 91' lang='lat' dir='ltr'>uisi</span> <span class='ocrx_word' id='word_1_227' title='bbox 841 2880 901 2949; x_wconf 92' lang='lat' dir='ltr'>per</span> <span class='ocrx_word' id='word_1_228' title='bbox 926 2881 1058 2952; x_wconf 73' lang='lat' dir='ltr'>annum,</span> <span class='ocrx_word' id='word_1_229' title='bbox 1085 2862 1394 2932; x_wconf 87' lang='lat' dir='ltr'>nonobstantibus</span> 
     </span>
     <span class='ocr_line' id='line_1_28' title="bbox 253 2959 1396 3050; baseline 0.003 -23"><span class='ocrx_word' id='word_1_230' title='bbox 253 2961 311 3049; x_wconf 79' lang='lat' dir='ltr'>iis,</span> <span class='ocrx_word' id='word_1_231' title='bbox 339 2977 404 3046; x_wconf 85' lang='lat' dir='ltr'>que</span> <span class='ocrx_word' id='word_1_232' title='bbox 431 2979 452 3028; x_wconf 88' lang='lat' dir='ltr'>a</span> <span class='ocrx_word' id='word_1_233' title='bbox 476 2959 634 3048; x_wconf 88' lang='lat' dir='ltr'>predictis</span> <span class='ocrx_word' id='word_1_234' title='bbox 662 2963 794 3029; x_wconf 89' lang='lat' dir='ltr'>clericis</span> <span class='ocrx_word' id='word_1_235' title='bbox 821 2960 1008 3050; x_wconf 88' lang='lat' dir='ltr'>audiverat,</span> <span class='ocrx_word' id='word_1_236' title='bbox 1037 2967 1070 3028; x_wconf 90' lang='lat' dir='ltr'>et</span> <span class='ocrx_word' id='word_1_237' title='bbox 1087 2962 1197 3030; x_wconf 91' lang='lat' dir='ltr'>multis</span> <span class='ocrx_word' id='word_1_238' title='bbox 1222 2961 1297 3028; x_wconf 90' lang='lat' dir='ltr'>aliis</span> <span class='ocrx_word' id='word_1_239' title='bbox 1325 2980 1396 3049; x_wconf 87' lang='lat' dir='ltr'>que</span> 
     </span>
     <span class='ocr_line' id='line_1_29' title="bbox 253 3057 1395 3149; baseline 0.004 -25"><span class='ocrx_word' id='word_1_240' title='bbox 253 3057 339 3124; x_wconf 88' lang='lat' dir='ltr'>male</span> <span class='ocrx_word' id='word_1_241' title='bbox 371 3057 560 3144; x_wconf 92' lang='lat' dir='ltr'>intelligere</span> <span class='ocrx_word' id='word_1_242' title='bbox 586 3064 621 3142; x_wconf 92' lang='lat' dir='ltr'>et</span> <span class='ocrx_word' id='word_1_243' title='bbox 645 3062 753 3127; x_wconf 86' lang='lat' dir='ltr'>minus</span> <span class='ocrx_word' id='word_1_244' title='bbox 779 3065 931 3146; x_wconf 89' lang='lat' dir='ltr'>repetere</span> <span class='ocrx_word' id='word_1_245' title='bbox 958 3061 1095 3149; x_wconf 86' lang='lat' dir='ltr'>scirem,</span> <span class='ocrx_word' id='word_1_246' title='bbox 1132 3059 1329 3129; x_wconf 88' lang='lat' dir='ltr'>deliberavit</span> <span class='ocrx_word' id='word_1_247' title='bbox 1354 3062 1395 3128; x_wconf 96' lang='lat' dir='ltr'>in</span> 
     </span>
     <span class='ocr_line' id='line_1_30' title="bbox 254 3157 1395 3248; baseline 0.002 -24"><span class='ocrx_word' id='word_1_248' title='bbox 254 3157 367 3224; x_wconf 91' lang='lat' dir='ltr'>animo</span> <span class='ocrx_word' id='word_1_249' title='bbox 391 3173 472 3247; x_wconf 84' lang='lat' dir='ltr'>suc,</span> <span class='ocrx_word' id='word_1_250' title='bbox 500 3163 599 3245; x_wconf 92' lang='lat' dir='ltr'>prout</span> <span class='ocrx_word' id='word_1_251' title='bbox 625 3157 666 3225; x_wconf 87' lang='lat' dir='ltr'>ab</span> <span class='ocrx_word' id='word_1_252' title='bbox 693 3177 734 3228; x_wconf 92' lang='lat' dir='ltr'>co</span> <span class='ocrx_word' id='word_1_253' title='bbox 762 3157 873 3225; x_wconf 91' lang='lat' dir='ltr'>audivi</span> <span class='ocrx_word' id='word_1_254' title='bbox 896 3159 930 3225; x_wconf 92' lang='lat' dir='ltr'>in</span> <span class='ocrx_word' id='word_1_255' title='bbox 956 3159 1100 3248; x_wconf 84' lang='lat' dir='ltr'>privato,</span> <span class='ocrx_word' id='word_1_256' title='bbox 1129 3165 1162 3226; x_wconf 92' lang='lat' dir='ltr'>ct</span> <span class='ocrx_word' id='word_1_257' title='bbox 1187 3161 1318 3226; x_wconf 90' lang='lat' dir='ltr'>iuterim</span> <span class='ocrx_word' id='word_1_258' title='bbox 1345 3159 1395 3226; x_wconf 91' lang='lat' dir='ltr'>ad</span> 
     </span>
     <span class='ocr_line' id='line_1_31' title="bbox 254 3257 1396 3347; baseline 0.004 -26"><span class='ocrx_word' id='word_1_259' title='bbox 254 3260 398 3322; x_wconf 89' lang='lat' dir='ltr'>vestram</span> <span class='ocrx_word' id='word_1_260' title='bbox 424 3257 634 3324; x_wconf 89' lang='lat' dir='ltr'>sanctitatem</span> <span class='ocrx_word' id='word_1_261' title='bbox 659 3259 799 3347; x_wconf 84' lang='lat' dir='ltr'>mittere,</span> <span class='ocrx_word' id='word_1_262' title='bbox 826 3259 976 3344; x_wconf 89' lang='lat' dir='ltr'>quamvis</span> <span class='ocrx_word' id='word_1_263' title='bbox 995 3275 1064 3326; x_wconf 92' lang='lat' dir='ltr'>non</span> <span class='ocrx_word' id='word_1_264' title='bbox 1085 3259 1229 3345; x_wconf 88' lang='lat' dir='ltr'>potuerit</span> <span class='ocrx_word' id='word_1_265' title='bbox 1252 3259 1299 3325; x_wconf 90' lang='lat' dir='ltr'>ita</span> <span class='ocrx_word' id='word_1_266' title='bbox 1320 3258 1396 3326; x_wconf 92' lang='lat' dir='ltr'>cito</span> 
     </span>
     <span class='ocr_line' id='line_1_32' title="bbox 255 3353 1398 3445; baseline 0.003 -25"><span class='ocrx_word' id='word_1_267' title='bbox 255 3357 289 3421; x_wconf 92' lang='lat' dir='ltr'>et</span> <span class='ocrx_word' id='word_1_268' title='bbox 302 3359 438 3441; x_wconf 90' lang='lat' dir='ltr'>propter</span> <span class='ocrx_word' id='word_1_269' title='bbox 459 3353 626 3423; x_wconf 84' lang='lat' dir='ltr'>deiectum</span> <span class='ocrx_word' id='word_1_270' title='bbox 641 3358 828 3424; x_wconf 93' lang='lat' dir='ltr'>nuntiorum</span> <span class='ocrx_word' id='word_1_271' title='bbox 851 3355 1085 3424; x_wconf 85' lang='lat' dir='ltr'>sufficientium</span> <span class='ocrx_word' id='word_1_272' title='bbox 1102 3361 1136 3423; x_wconf 91' lang='lat' dir='ltr'>et</span> <span class='ocrx_word' id='word_1_273' title='bbox 1151 3361 1286 3445; x_wconf 90' lang='lat' dir='ltr'>propter</span> <span class='ocrx_word' id='word_1_274' title='bbox 1301 3374 1398 3442; x_wconf 87' lang='lat' dir='ltr'>que·-</span> 
     </span>
     <span class='ocr_line' id='line_1_33' title="bbox 254 3451 1394 3543; baseline 0.003 -24"><span class='ocrx_word' id='word_1_275' title='bbox 254 3451 330 3520; x_wconf 89' lang='lat' dir='ltr'>dam</span> <span class='ocrx_word' id='word_1_276' title='bbox 357 3451 431 3543; x_wconf 84' lang='lat' dir='ltr'>alia,</span> <span class='ocrx_word' id='word_1_277' title='bbox 459 3453 550 3540; x_wconf 81' lang='lat' dir='ltr'>quod</span> <span class='ocrx_word' id='word_1_278' title='bbox 575 3471 635 3543; x_wconf 94' lang='lat' dir='ltr'>per</span> <span class='ocrx_word' id='word_1_279' title='bbox 661 3459 766 3523; x_wconf 91' lang='lat' dir='ltr'>totum</span> <span class='ocrx_word' id='word_1_280' title='bbox 783 3473 905 3522; x_wconf 93' lang='lat' dir='ltr'>annum</span> <span class='ocrx_word' id='word_1_281' title='bbox 924 3457 959 3522; x_wconf 91' lang='lat' dir='ltr'>in</span> <span class='ocrx_word' id='word_1_282' title='bbox 986 3454 1098 3542; x_wconf 87' lang='lat' dir='ltr'>aliquo</span> <span class='ocrx_word' id='word_1_283' title='bbox 1124 3473 1238 3542; x_wconf 88' lang='lat' dir='ltr'>regem</span> <span class='ocrx_word' id='word_1_284' title='bbox 1253 3454 1394 3523; x_wconf 84' lang='lat' dir='ltr'>Robor-</span> 
     </span>
     <span class='ocr_line' id='line_1_34' title="bbox 255 3551 1399 3642; baseline 0.004 -24"><span class='ocrx_word' id='word_1_285' title='bbox 255 3557 323 3618; x_wconf 92' lang='lat' dir='ltr'>tum</span> <span class='ocrx_word' id='word_1_286' title='bbox 348 3569 417 3620; x_wconf 94' lang='lat' dir='ltr'>non</span> <span class='ocrx_word' id='word_1_287' title='bbox 443 3551 645 3641; x_wconf 83' lang='lat' dir='ltr'>offenderet,</span> <span class='ocrx_word' id='word_1_288' title='bbox 680 3559 717 3620; x_wconf 88' lang='lat' dir='ltr'>ut</span> <span class='ocrx_word' id='word_1_289' title='bbox 741 3556 848 3639; x_wconf 90' lang='lat' dir='ltr'>magis</span> <span class='ocrx_word' id='word_1_290' title='bbox 874 3555 983 3642; x_wconf 90' lang='lat' dir='ltr'>ipsum</span> <span class='ocrx_word' id='word_1_291' title='bbox 1009 3553 1194 3640; x_wconf 81' lang='lat' dir='ltr'>diligeretis</span> <span class='ocrx_word' id='word_1_292' title='bbox 1222 3560 1256 3622; x_wconf 92' lang='lat' dir='ltr'>et</span> <span class='ocrx_word' id='word_1_293' title='bbox 1279 3555 1399 3623; x_wconf 89' lang='lat' dir='ltr'>minus</span> 
     </span>
     <span class='ocr_line' id='line_1_35' title="bbox 255 3648 1398 3744; baseline 0.003 -27"><span class='ocrx_word' id='word_1_294' title='bbox 255 3667 369 3736; x_wconf 92' lang='lat' dir='ltr'>regem</span> <span class='ocrx_word' id='word_1_295' title='bbox 395 3648 590 3736; x_wconf 82' lang='lat' dir='ltr'>Robertum3</span> <span class='ocrx_word' id='word_1_296' title='bbox 619 3668 716 3736; x_wconf 86' lang='lat' dir='ltr'>quem</span> <span class='ocrx_word' id='word_1_297' title='bbox 741 3670 810 3720; x_wconf 93' lang='lat' dir='ltr'>non</span> <span class='ocrx_word' id='word_1_298' title='bbox 837 3651 995 3720; x_wconf 91' lang='lat' dir='ltr'>credebat</span> <span class='ocrx_word' id='word_1_299' title='bbox 1016 3652 1196 3744; x_wconf 75' lang='lat' dir='ltr'>abstinere,</span> <span class='ocrx_word' id='word_1_300' title='bbox 1225 3654 1302 3740; x_wconf 92' lang='lat' dir='ltr'>quin</span> <span class='ocrx_word' id='word_1_301' title='bbox 1329 3652 1398 3720; x_wconf 83' lang='lat' dir='ltr'>ol-</span> 
     </span>
     <span class='ocr_line' id='line_1_36' title="bbox 256 3748 1398 3840; baseline 0.002 -23"><span class='ocrx_word' id='word_1_302' title='bbox 256 3748 409 3817; x_wconf 87' lang='lat' dir='ltr'>fenderet</span> <span class='ocrx_word' id='word_1_303' title='bbox 425 3766 498 3817; x_wconf 92' lang='lat' dir='ltr'>eum</span> <span class='ocrx_word' id='word_1_304' title='bbox 515 3749 571 3816; x_wconf 92' lang='lat' dir='ltr'>ubi</span> <span class='ocrx_word' id='word_1_305' title='bbox 586 3755 715 3840; x_wconf 84' lang='lat' dir='ltr'>posset,</span> <span class='ocrx_word' id='word_1_306' title='bbox 731 3769 800 3818; x_wconf 93' lang='lat' dir='ltr'>non</span> <span class='ocrx_word' id='word_1_307' title='bbox 820 3751 1029 3819; x_wconf 89' lang='lat' dir='ltr'>obstantibus</span> <span class='ocrx_word' id='word_1_308' title='bbox 1045 3754 1171 3838; x_wconf 90' lang='lat' dir='ltr'>treugis</span> <span class='ocrx_word' id='word_1_309' title='bbox 1184 3769 1244 3840; x_wconf 90' lang='lat' dir='ltr'>pcr</span> <span class='ocrx_word' id='word_1_310' title='bbox 1257 3753 1398 3819; x_wconf 90' lang='lat' dir='ltr'>sancti-</span> 
     </span>
     <span class='ocr_line' id='line_1_37' title="bbox 256 3846 1398 3920; baseline 0.004 -6"><span class='ocrx_word' id='word_1_311' title='bbox 256 3853 355 3916; x_wconf 86' lang='lat' dir='ltr'>tatem</span> <span class='ocrx_word' id='word_1_312' title='bbox 373 3853 517 3916; x_wconf 87' lang='lat' dir='ltr'>vestram</span> <span class='ocrx_word' id='word_1_313' title='bbox 530 3846 678 3916; x_wconf 75' lang='lat' dir='ltr'>indictis,</span> <span class='ocrx_word' id='word_1_314' title='bbox 703 3849 744 3916; x_wconf 85' lang='lat' dir='ltr'>Et</span> <span class='ocrx_word' id='word_1_315' title='bbox 761 3849 826 3917; x_wconf 88' lang='lat' dir='ltr'>hoe</span> <span class='ocrx_word' id='word_1_316' title='bbox 841 3850 927 3917; x_wconf 90' lang='lat' dir='ltr'>berre</span> <span class='ocrx_word' id='word_1_317' title='bbox 941 3852 975 3916; x_wconf 95' lang='lat' dir='ltr'>in</span> <span class='ocrx_word' id='word_1_318' title='bbox 992 3849 1194 3918; x_wconf 88' lang='lat' dir='ltr'>Lumbardia</span> <span class='ocrx_word' id='word_1_319' title='bbox 1213 3857 1247 3918; x_wconf 92' lang='lat' dir='ltr'>et</span> <span class='ocrx_word' id='word_1_320' title='bbox 1264 3851 1398 3920; x_wconf 85' lang='lat' dir='ltr'>Tuscia</span> 
     </span>
     <span class='ocr_line' id='line_1_38' title="bbox 257 3946 1398 4038; baseline 0.004 -25"><span class='ocrx_word' id='word_1_321' title='bbox 257 3953 393 4035; x_wconf 89' lang='lat' dir='ltr'>apparet</span> <span class='ocrx_word' id='word_1_322' title='bbox 417 3963 477 4036; x_wconf 88' lang='lat' dir='ltr'>per</span> <span class='ocrx_word' id='word_1_323' title='bbox 503 3946 668 4038; x_wconf 77' lang='lat' dir='ltr'>ellectum,</span> <span class='ocrx_word' id='word_1_324' title='bbox 694 3949 728 4014; x_wconf 92' lang='lat' dir='ltr'>in</span> <span class='ocrx_word' id='word_1_325' title='bbox 755 3947 875 4034; x_wconf 85' lang='lat' dir='ltr'>quibus</span> <span class='ocrx_word' id='word_1_326' title='bbox 903 3948 1082 4017; x_wconf 92' lang='lat' dir='ltr'>dominium</span> <span class='ocrx_word' id='word_1_327' title='bbox 1105 3952 1278 4017; x_wconf 89' lang='lat' dir='ltr'>multarum</span> <span class='ocrx_word' id='word_1_328' title='bbox 1304 3950 1398 4018; x_wconf 90' lang='lat' dir='ltr'>civi-</span> 
     </span>
    </p>
   </div>
   <div class='ocr_carea' id='block_1_3' title="bbox 291 4128 1400 4195">
    <p class='ocr_par' dir='ltr' id='par_1_3' title="bbox 291 4128 1400 4195">
     <span class='ocr_line' id='line_1_39' title="bbox 291 4128 1400 4195; baseline 0.009 -15.156"><span class='ocrx_word' id='word_1_329' title='bbox 291 4128 427 4195; x_wconf 83' lang='lat' dir='ltr'>l.lVergl</span> <span class='ocrx_word' id='word_1_330' title='bbox 452 4129 493 4182; x_wconf 89' lang='lat' dir='ltr'>die</span> <span class='ocrx_word' id='word_1_331' title='bbox 518 4132 811 4186; x_wconf 85' lang='lat' dir='ltr'>notariatsinstmmente</span> <span class='ocrx_word' id='word_1_332' title='bbox 835 4131 899 4186; x_wconf 84' lang='lat' dir='ltr'>iiber</span> <span class='ocrx_word' id='word_1_333' title='bbox 924 4133 965 4186; x_wconf 92' lang='lat' dir='ltr'>die</span> <span class='ocrx_word' id='word_1_334' title='bbox 992 4145 1049 4186; x_wconf 89' lang='lat' dir='ltr'>vom</span> <span class='ocrx_word' id='word_1_335' title='bbox 1066 4135 1152 4189; x_wconf 88' lang='lat' dir='ltr'>lraiser</span> <span class='ocrx_word' id='word_1_336' title='bbox 1169 4134 1219 4188; x_wconf 85' lang='lat' dir='ltr'>den</span> <span class='ocrx_word' id='word_1_337' title='bbox 1238 4131 1400 4190; x_wconf 88' lang='lat' dir='ltr'>cardin&#39;alen</span> 
     </span>
    </p>
   </div>
   <div class='ocr_carea' id='block_1_4' title="bbox 254 4195 1402 4332">
    <p class='ocr_par' dir='ltr' id='par_1_4' title="bbox 254 4195 1402 4320">
     <span class='ocr_line' id='line_1_40' title="bbox 255 4195 1402 4310; baseline 0.009 -62"><span class='ocrx_word' id='word_1_338' title='bbox 255 4209 286 4248; x_wconf 89' lang='lat' dir='ltr'>zu</span> <span class='ocrx_word' id='word_1_339' title='bbox 304 4195 385 4249; x_wconf 85' lang='lat' dir='ltr'>Tivcli</span> <span class='ocrx_word' id='word_1_340' title='bbox 403 4211 444 4250; x_wconf 87' lang='lat' dir='ltr'>am</span> <span class='ocrx_word' id='word_1_341' title='bbox 464 4197 475 4250; x_wconf 91' lang='lat' dir='ltr'>l</span> <span class='ocrx_word' id='word_1_342' title='bbox 495 4197 547 4251; x_wconf 91' lang='lat' dir='ltr'>und</span> <span class='ocrx_word' id='word_1_343' title='bbox 564 4197 581 4252; x_wconf 88' lang='grc'>6</span> <span class='ocrx_word' id='word_1_344' title='bbox 598 4213 654 4266; x_wconf 82' lang='lat' dir='ltr'>aug.</span> <span class='ocrx_word' id='word_1_345' title='bbox 675 4199 741 4253; x_wconf 80' lang='lat'><strong>1312</strong></span> <span class='ocrx_word' id='word_1_346' title='bbox 759 4199 913 4266; x_wconf 82' lang='lat' dir='ltr'>gegebenen</span> <span class='ocrx_word' id='word_1_347' title='bbox 933 4207 1077 4310; x_wconf 85' lang='lat' dir='ltr'>antuortcn</span> <span class='ocrx_word' id='word_1_348' title='bbox 1093 4201 1136 4258; x_wconf 88' lang='lat' dir='ltr'>bei</span> <span class='ocrx_word' id='word_1_349' title='bbox 1153 4202 1303 4266; x_wconf 81' lang='lat' dir='ltr'>Doenniges</span> <span class='ocrx_word' id='word_1_350' title='bbox 1324 4199 1402 4258; x_wconf 80' lang='lat' dir='ltr'>ncta</span> 
     </span>
     <span class='ocr_line' id='line_1_41' title="bbox 254 4261 590 4332; baseline 0.006 -16"><span class='ocrx_word' id='word_1_351' title='bbox 254 4261 590 4332; x_wconf 58' lang='grc' dir='ltr'>ΜΜΗ,ΜΜϋ</span> 
     </span>
    </p>
   </div>
   <div class='ocr_carea' id='block_1_5' title="bbox 0 0 1534 4878">
    <p class='ocr_par' dir='ltr' id='par_1_5' title="bbox 0 0 1534 4878">
     <span class='ocr_line' id='line_1_42' title="bbox 0 0 1534 4878; baseline 0 0"><span class='ocrx_word' id='word_1_352' title='bbox 0 0 1534 4878; x_wconf 95' lang='lat' dir='ltr'> </span> 
     </span>
    </p>
   </div>
  </div>
 </body>
</html>
