3028 4878
265 187 339 255 itt
381 243 387 254 .
586 213 726 260 ronnmrs
746 213 956 260 sucronruusrs.
991 211 1017 280 6,
1037 213 1075 265 tt.
1350 153 1368 208 ἲ

183 359 250 416 tom
338 352 412 422 lloe
445 371 533 422 anno
567 354 642 420 maii
668 357 817 441 tempore
845 353 1048 422 Benedictus
1074 371 1161 442 papa
1187 351 1340 442 moritur,
1364 358 1393 420 et

266 452 421 520 Clemens
457 459 572 520 sextus
608 451 749 537 eligitur.
792 451 855 533 Qui
890 453 1142 541 predecessoris
1172 453 1223 519 sui
1249 449 1395 518 duritiam

264 551 392 619 liberali
428 550 650 618 munificentia
681 552 801 641 piavit,
837 553 960 638 gratias
995 551 1114 620 multas
1141 550 1268 618 iaciens
1294 548 1396 617 adve-

265 651 442 739 nientibus,
471 656 505 718 et
531 651 617 716 sieut
640 647 742 716 fertur
765 653 978 738 impetrantes
1006 649 1173 737 quoslibet
1199 647 1342 733 admisit,
1367 653 1397 716 et

264 748 521 817 misericorditer
559 746 744 837 exaudivit,
773 748 961 817 cardinales
986 749 1101 836 plures
1129 749 1273 837 oreavit,
1301 746 1397 815 etde

265 851 314 916 eis
341 867 375 915 m
401 848 596 936 Hispaniam
623 847 778 914 Tusciam
800 853 833 915 et
851 846 1085 916 Lombardiam
1109 847 1244 934 legatos
1271 845 1397 934 aliquos
1499 841 1500 862 l

264 947 454 1016 destinavit.
1499 959 1500 966 ’

337 1043 493 1114 tilbertus
529 1044 596 1112 dux
622 1043 781 1134 audiens,
818 1043 909 1131 quod
935 1044 1158 1135 Ludewious,
1193 1045 1398 1133 imperatoris
1499 1043 1500 1050 ’

264 1145 363 1235 filius,
391 1163 428 1213 so
450 1143 568 1212 duoem
582 1142 764 1231 llarinthie,
792 1145 945 1211 oomitem
965 1144 1185 1233 'lyrolensem
1212 1151 1245 1211 et
1271 1143 1398 1212 Gorioie
1499 1151 1500 1154 ’

264 1245 419 1330 titularet,
446 1243 606 1328 cogitavit
632 1240 722 1328 quod
748 1240 827 1308 dioit
853 1239 1005 1310 Oratins:

362 1343 479 1430 „Tunc
497 1347 553 1408 tua
573 1357 626 1407 res
645 1341 764 1428 agitur,
791 1342 901 1428 paries
918 1359 991 1408 oum
1006 1342 1176 1429 proximus
1195 1337 1326 1430 ardet,“

262 1458 305 1507 ne
332 1439 533 1508 llarintbiam
558 1438 748 1528 invaderet,
776 1455 950 1507 ooounere
977 1441 1164 1527 satagebat.
1202 1439 1299 1508 Unde
1327 1438 1399 1506 dis-

262 1541 381 1626 positis
414 1540 615 1607 neeessariis
650 1539 749 1605 se'et
780 1557 881 1605 unum
915 1538 956 1606 de
983 1537 1194 1608 fratruelibus
1222 1538 1398 1607 sublimare

264 1640 379 1705 statuit
413 1640 446 1705 in
483 1636 600 1706 solium
634 1635 772 1704 duoatus
802 1637 972 1705 Karintbie
1003 1639 1095 1706 iuxta
1122 1637 1401 1726 eonsuetudinem

236 1744 340 1804 .ante
368 1736 497 1804 dietam.
528 1736 570 1805 Et
596 1754 669 1803 oum
695 1736 738 1803 ad
763 1741 921 1823 punotum
948 1735 1049 1804 nendi
1076 1739 1249 1823 negotium
1274 1754 1399 1824 perve-
1500 1775 1501 1784 κ

262 1837 378 1925 nisset,
406 1854 443 1903 se
469 1837 577 1923 ipsum
598 1834 640 1902 ad
659 1835 812 1902 tbronum
838 1835 935 1903 buius
962 1835 1069 1922 glorie
1095 1837 1236 1924 preoipit
1262 1835 1396 1926 elevari,
1500 1897 1501 1914 ,

263 1933 438 2003 Cbunrado
455 1933 617 2002 Guroensi
633 1935 769 2022 presule
791 1933 1043 2002 benedictiones
1070 1934 1113 2002 ad
1139 1934 1204 2002 boo
1231 1941 1397 2022 speetan-

262 2039 313 2100 tes
339 2033 615 2120 sollempnizante
649 2033 752 2100 misse
786 2037 935 2121 tempore
968 2050 1070 2120 super
1104 2035 1224 2120 ipsum.
1258 2030 1398 2112 Questio

261 2137 369 2198 nutem
397 2149 463 2199 non
482 2149 585 2219 parva
609 2132 697 2199 inter
722 2131 841 2198 milites
868 2137 920 2200 est
946 2137 1081 2200 exorta:
1107 2149 1166 2198 our
1187 2130 1398 2199 fratruelibus

260 2247 329 2297 non
354 2229 530 2298 indulserit
563 2230 651 2298 buno
677 2231 862 2300 honorem?
904 2228 1046 2310 Quidam
1084 2235 1262 2298 senserunt
1271 2282 1281 2320 ,
1309 2230 1398 2317 quod

259 2330 426 2417 proprium
453 2328 553 2396 filium
579 2347 640 2417 per
658 2330 723 2398 boo
741 2346 828 2416 eque
855 2328 889 2395 in
916 2328 1193 2397 dnoatuvoluerit
1218 2327 1396 2415 beredare3

261 2427 315 2494 alii
332 2446 412 2496 vero
429 2427 643 2518 difinierunt,
662 2427 752 2516 quod
769 2427 898 2496 nobiles
917 2434 1002 2496 terre
1020 2426 1085 2495 hoo
1098 2426 1238 2516 egerint,
1258 2445 1301 2494 ne
1313 2444 1397 2495 eon·
1501 2513 1502 2520 ἵ

261 2527 503 2612 stringerentur
529 2527 653 2615 duplioi
678 2529 873 2614 iuramento,
901 2528 929 2592 si
953 2525 1037 2594 forte
1064 2528 1231 2614 prinsipes
1259 2524 1396 2593 dissen-

260 2626 368 2715 tirent,
395 2628 430 2695 in
459 2627 715 2695 aonservatione
743 2624 820 2692 idei
846 2625 940 2692 alteri
966 2625 1049 2714 parti
1071 2625 1206 2692 obnoxii
1227 2623 1395 2692 baberen-
1501 2625 1502 2640 ¹

260 2730 328 2810 tur,
357 2725 386 2791 si
413 2719 551 2793 vivens1
577 2724 763 2814 penderent
797 2724 857 2792 bas
890 2723 1057 2813 habenas,
1084 2723 1126 2790 ab
1153 2723 1212 2790 eis'
1230 2722 1396 2791 diffioilius

259 2830 449 2911 agerentur,
476 2826 567 2892 iuxta
594 2821 766 2891 Ovidium:

357 2919 500 3012 „Arbor,
527 2940 593 3009 que
619 2922 719 2990 latam
739 2920 858 3008 prebet
875 2921 1095 3007 spatiantibus
1114 2920 1273 3012 umbram,

424 3018 498 3100 Quo
520 3023 660 3109 primum
683 3021 796 3108 posita
811 3024 864 3086 est
880 3025 1037 3108 tempore,
1063 3022 1160 3106 virga
1178 3018 1249 3088 luit.

384 3119 477 3186 Tune
495 3125 627 3208 poterat
642 3118 795 3187 manibus
813 3135 939 3186 summa
960 3117 1076 3186 tellure
1097 3118 1222 3207 revelli,

423 3217 519 3285 Nune
535 3224 611 3307 stat,
638 3219 672 3285 in
689 3219 884 3285 immensum
905 3215 1030 3285 viribus
1053 3223 1150 3284 aneta
1167 3213 1274 3284 suis.“

332 3313 405 3382 Hoa
421 3334 509 3384 anno
527 3317 742 3385 Veronenses
755 3315 879 3383 Lunam
895 3314 1094 3383 Florentinis
1111 3333 1171 3403 pro
1188 3314 1320 3382 infinita
1335 3332 1396 3403 pe-

258 3413 356 3480 ounia
381 3413 613 3505 vendiderunt,
641 3421 739 3504 quam
765 3431 841 3482 mox
860 3413 991 3503 Pysani,
1020 3413 1092 3481 fulti
1118 3413 1285 3488 adiutorio
1302 3415 1397 3482 Teu-

257 3513 451 3602 tonieorum,
480 3509 676 3582 obsidentes
695 3513 781 3581 fame
802 3511 1095 3582 vehementissima
1116 3514 1398 3581 constrinxerunt

257 3608 318 3679 Cui
345 3609 422 3678 dum
446 3611 628 3681 florentini
660 3608 891 3680 innumerabili
924 3613 1071 3680 exercitu
1097 3627 1293 3679 suoourrere
1320 3610 1396 3678 vel-

255 3709 344 3799 lent,
381 3712 480 3778 territi
515 3711 755 3781 confusibiliter
787 3709 1005 3800 aufugerunt,
1039 3717 1073 3779 et
1097 3711 1241 3798 l'ysanis
1269 3710 1395 3796 urbem,

256 3809 399 3896 peounia
424 3825 485 3878 sua
508 3810 649 3899 perdita,
678 3810 892 3896 reliquerunt.

329 3906 402 3975 Hoe
433 3914 582 3998 tempore
616 3911 650 3977 in
676 3908 823 3996 partibus
849 3906 1128 3998 Lombardorum,
1155 3905 1393 3996 delioientibus

255 4005 446 4097 stipendiis,
474 4008 617 4094 quedam
651 4007 914 4093 conglomeratio
951 4007 1094 4075 surrexit
1119 4005 1325 4074 militantium
1349 4003 1394 4071 do

253 4104 402 4190 partibus
438 4105 691 4194 Germanorum,
727 4123 791 4193 que
827 4107 981 4175 estimato
1014 4111 1066 4174 est
1100 4103 1143 4172 ad
1169 4111 1311 4192 quatuor
1336 4101 1388 4169 rel

289 4220 319 4285 1)
337 4219 388 4273 Pez
405 4221 550 4276 vermutbet
567 4235 596 4276 es
614 4225 653 4276 sai
671 4237 702 4275 zu
721 4224 806 4281 lesen:
826 4223 935 4277 virenti.
