3096 4882
454 257 556 302 aurern
577 257 712 302 uunwrcs
733 258 785 302 nas
808 258 921 302 alienu.
1190 229 1258 296 197

144 394 276 482 potentia
309 395 450 486 militari,
478 387 689 484 recepturus1
723 395 898 464 nobiseum
924 397 1052 485 palmas
1078 395 1258 484 imperialis

144 494 291 585 triumphi,
306 513 389 582 quas
404 497 476 562 sine
496 501 529 562 te
548 485 690 584 eapere²
706 513 769 564 nos
788 494 926 564 tederet.
952 495 1071 564 Datum
1091 511 1179 562 anno
1197 500 1260 562 ete.

202 691 228 748 6.
249 687 375 762 Ludwig
401 689 569 752 rdmiseber
599 689 693 765 konig
720 689 855 750 schreibt
881 689 948 750 dem
980 690 1088 764 graleu
1118 690 1261 754 wilhelm

251 785 310 832 ron
341 768 470 832 Holland
503 775 618 833 seiuem
647 772 921 850 scnwiegervater,
943 773 1000 832 wie
1022 788 1055 833 er
1077 773 1142 834 sicb
1162 789 1261 850 gagen

251 855 335 914 seine
358 855 440 914 erste
460 854 590 932 absiebt,
612 854 685 915 aber
706 853 853 930 benogen
875 853 972 914 durch
995 853 1043 914 die
1064 854 1176 931 klagen
1198 853 1260 916 und

251 934 347 995 bitten
376 934 431 995 der
462 935 652 997 sttidtiscben
680 936 907 1010 abgeordueten
936 951 991 996 aus
1021 937 1179 997 neunzebn
1199 937 1260 997 bis-

251 1015 407 1096 tbdmern,
437 1018 650 1080 entscblossen
670 1017 764 1096 habe,
793 1017 989 1080 unmittelbar
1017 1021 1047 1078 in
1069 1018 1176 1079 ltalieu
1198 1021 1260 1080 ein-

249 1099 403 1160 zurdckeu
425 1099 487 1160 und
511 1100 559 1162 die
580 1100 763 1161 kaiserliebe
785 1100 880 1161 kroue
905 1117 943 1162 zu
965 1099 1138 1178 erwerben,
1160 1100 1262 1162 iudem

250 1196 285 1241 er
305 1181 358 1242 ibn
378 1181 518 1257 zugleicb
547 1182 736 1261 auffordert,
761 1181 823 1242 ibm
845 1183 913 1244 auis
936 1182 1143 1258 schleunigste
1163 1199 1262 1258 zuzug

245 1278 285 1324 zu
307 1263 428 1325 leisteu.
470 1264 583 1344 Trient,
607 1266 685 1326 1327
707 1267 788 1325 mtirz
812 1265 859 1326 13.

194 1381 391 1451 ¹Ludovieus
412 1381 465 1450 dei
482 1384 589 1468 gratia
604 1381 826 1452 Romanorum
841 1401 909 1472 rex,
938 1399 1068 1470 semper
1085 1390 1262 1469 augustus.

136 1477 308 1567 Spectabili
324 1485 395 1550 viro
419 1481 588 1550 Willelmo
615 1483 725 1550 oomiti
750 1480 940 1572 Hollaudie,
968 1498 1087 1550 sooero
1116 1501 1177 1550 suo
1195 1483 1261 1550 lra-

137 1579 278 1672 rissimo,
306 1583 445 1667 gratiam
472 1599 565 1649 suam
592 1586 626 1648 et
652 1598 749 1649 omne
775 1579 908 1649 bonum.
957 1577 1067 1670 Licet,
1095 1581 1261 1668 quemad-

133 1677 257 1746 modum
284 1679 367 1748 alras
385 1681 569 1749 sinceritati
595 1687 651 1748 tue
677 1678 906 1769 patefecimus,
935 1677 977 1747 ob
1004 1695 1125 1747 causas
1153 1697 1261 1766 quas-

136 1773 202 1844 dam
233 1779 419 1870 specialeS,
457 1796 553 1848 sacro
587 1780 790 1868 imperioao
817 1796 941 1847 corone
967 1783 1079 1845 nostre
1107 1777 1261 1846 fidelibus

133 1879 350 1968 necessariae,
378 1881 487 1947 animo
515 1885 626 1946 tamen
651 1877 812 1946 redeundi
832 1879 867 1944 in
884 1875 1124 1966 Alemanniam,
1151 1895 1261 1946 vene-

133 1974 226 2044 rimus
253 1979 290 2044 in
318 1977 520 2067 Tridentum,
549 1994 667 2045 omnes
694 1976 825 2045 nobiles
853 1978 1021 2044 civitatum
1048 1977 1259 2044 eastellorum

131 2078 379 2167 oleastrorum,
407 2077 586 2165 imperialis
615 2093 739 2144 corone
766 2073 895 2165 fideles,
923 2074 1021 2143 nobis
1045 2075 1175 2144 obuiam
1197 2093 1261 2142 oo-

131 2181 313 2265 ourrerant,
349 2181 557 2265 exponentes
594 2173 794 2243 aiilictionas
822 2180 855 2243 et
886 2175 1070 2242 attritiones
1098 2192 1177 2242 suas
1204 2177 1262 2242 in-

128 2274 359 2366 numerabiles,
387 2275 507 2362 quibus
526 2273 739 2365 professores
750 2261 935 2362 imperialis
952 2275 1097 2342 neminis
1120 2273 1261 2362 amplius

128 2372 283 2441 resistere
311 2391 379 2441 non
405 2375 571 2461 valerent,
599 2391 672 2440 oum
698 2375 840 2441 lacrimis
867 2371 964 2440 nobis
987 2377 1022 2438 et
1043 2374 1163 2439 amaris
1191 2374 1262 2440 sin-

128 2469 271 2551 gultibus
308 2472 557 2564 supplicantes,
591 2489 755 2561 personas
790 2489 870 2540 suas
898 2476 932 2539 et
956 2488 1058 2559 posse
1086 2469 1202 2537 deoem
1229 2477 1263 2538 et

127 2583 244 2638 novam
283 2572 555 2663 episcopatuum,
584 2572 795 2640 castellorum
823 2576 856 2637 et
882 2573 1065 2637 castrorum
1093 2569 1261 2655 quodam-

127 2667 221 2736 modo
248 2670 547 2761 innumerabilium,
570 2689 644 2739 oum
670 2669 817 2759 pecunia
842 2671 982 2736 maxima
1009 2666 1200 2757 offerendae,
1229 2673 1262 2736 et

124 2781 300 2851 personam
327 2776 475 2838 nostram
502 2771 563 2839 sub
591 2773 801 2838 sacramanto
824 2786 884 2857 per
906 2785 970 2835 nos
991 2765 1032 2834 de
1054 2784 1260 2835 conservan-

126 2862 172 2931 dis
197 2868 327 2935 iuribus
353 2858 479 2956 imperii
505 2871 645 2957 prestito
672 2869 892 2958 obtestantes
921 2872 954 2934 et
980 2865 1081 2956 quod,
1109 2867 1196 2933 sieut
1219 2884 1261 2934 ex

124 2959 232 3034 debito
258 2966 410 3035 eiusdem
431 2969 608 3056 imperialis
631 2967 849 3053 gubernaculi
872 2967 1033 3053 assumpti
1052 2971 1085 3032 et
1102 2965 1260 3033 divinitus

123 3062 216 3132 nobis
240 3065 360 3134 crediti
385 3074 545 3158 tenemur,
573 3068 614 3134 ad
635 3065 816 3134 relevanda
839 3067 986 3154 ipsorum
1005 3081 1107 3132 onera
1132 3066 1261 3153 impor-

122 3161 234 3232 tabilia
254 3164 550 3257 descenderemus
579 3172 613 3234 et
635 3157 699 3233 ad³
718 3163 957 3233 assumendum
974 3162 1140 3250 dyadema
1157 3181 1261 3231 oesa-

121 3276 209 3329 reum
237 3281 332 3332 more
355 3265 472 3357 solito,
506 3271 539 3333 et
567 3265 682 3333 sedem
701 3265 829 3353 imperii
851 3262 1076 3353 principalem,
1104 3265 1261 3348 quoiam

120 3364 228 3430 attrita
256 3370 292 3431 et
314 3363 442 3450 polluta
467 3363 621 3433 neiandis
645 3363 817 3431 rebellium
848 3362 985 3430 ausibus
1013 3381 1033 3430 a
1058 3361 1260 3450 temporibus

122 3455 231 3528 divine
252 3469 289 3530 et
313 3463 400 3530 clare
418 3466 574 3532 memorie
599 3461 766 3550 quondam
782 3460 917 3529 Henrioi
939 3462 1158 3550 imperatoris,
1177 3478 1259 3548 pre-

120 3556 315 3628 decessoris
338 3565 455 3652 nostri,
482 3581 569 3651 pene
585 3579 693 3649 usque
710 3561 752 3628 ad
768 3561 915 3628 ultimum
930 3563 1073 3647 exitium,
1102 3566 1136 3626 et
1150 3575 1259 3645 usque

119 3656 417 3749 irrecuperalibdis
433 3662 656 3730 desolationis·
670 3659 882 3749 obprobrium
901 3667 978 3728 sunt
995 3658 1156 3744 deducta,
1175 3674 1259 3744 pro-

118 3760 325 3829 testationes
352 3779 445 3850 suae,
471 3764 558 3828 siout
584 3778 646 3828 nos
674 3759 775 3827 duros
800 3762 869 3827 suis
896 3764 1077 3827 senserunt
1101 3754 1259 3844 postula-

122 3856 287 3950 tionibuS,
315 3878 426 3928 eoram
452 3859 550 3929 nobis
577 3859 708 3948 publice
734 3861 770 3926 in
796 3858 964 3947 presentia
989 3857 1096 3924 nostri
1117 3854 1258 3943 consilii,

116 3957 299 4026 multorum
323 3961 512 4048 sapientum
532 3958 730 4026 Lombardie
749 3975 789 4026 ao
815 3959 1019 4025 notariorum
1042 3953 1259 4042 publicorum,

121 4071 209 4142 quos
237 4057 285 4126 de
312 4058 531 4127 conficiendis
558 4060 786 4126 instrumentis
813 4074 915 4144 super
940 4052 1067 4122 eisdem
1095 4052 1260 4141 interpel-

149 4213 180 4279 l)
197 4229 264 4268 rece
286 4217 335 4270 turi
353 4215 422 4270 stebt
439 4217 473 4270 im
491 4215 610 4270 abdruclr.
652 4219 683 4282 2)
704 4216 817 4286 quolibet
839 4215 906 4270 stebt
930 4213 986 4268 hier
1005 4212 1072 4268 nocb
1090 4213 1124 4266 im
1142 4210 1262 4268 abdmolr.

116 4279 147 4347 3)
165 4282 200 4338 ed
219 4230 290 4339 sebit
307 4287 343 4338 im
361 4284 473 4340 abdruclr
491 4284 538 4339 das
555 4285 692 4347 Mattbdus,
