3096 4882
309 179 382 250 22t
644 211 747 257 carere
768 211 903 258 aunuucs
923 211 977 256 urs
998 212 1112 258 sarran.

306 365 370 434 gas
393 367 432 417 ac
446 349 606 418 terminos
626 348 670 419 ad
689 350 896 419 tractandum
914 349 956 418 de
974 367 1060 438 paco
1080 350 1166 420 inter
1181 365 1246 416 nos
1270 354 1303 420 et
1319 349 1432 418 dietum

307 448 491 536 Philippum
513 450 714 539 accepimus,
742 449 864 518 dictam
883 450 1058 519 amicitiam
1085 466 1158 516 oum
1180 465 1222 517 eo
1243 447 1284 517 de
1301 449 1431 518 oonsilio

307 548 492 638 principum
520 555 714 639 vestrorum,
742 549 861 637 quibus
882 551 990 618 visum
1017 547 1114 616 luerit
1139 546 1230 635 quod
1255 547 1321 616 hoc
1346 549 1432 616 salvo

307 645 434 717 bonore
460 653 574 717 vestro
599 650 749 736 possetis
774 649 896 739 lacere,
925 649 1149 738 contraxistis,
1177 648 1367 715 vicariatum
1380 664 1434 736 per

307 763 369 816 vos
395 747 495 816 uobis
521 764 720 816 eoncessum
746 755 882 837 propter
908 747 973 816 hoo
1000 753 1210 816 revocantes.

382 846 424 914 Et
452 845 584 933 quidem
605 847 713 915 zelum
741 865 838 936 quem
870 848 1001 916 habetis
1029 847 1071 915 ad
1103 845 1289 915 iaciendum
1324 846 1434 915 dictam

309 944 519 1014 concordiam
544 946 718 1034 plurimum
746 946 1016 1016 commendamus
1025 999 1033 1036 ,
1058 947 1213 1014 volentes
1239 949 1350 1014 vestre
1374 963 1434 1033 pa-

306 1045 551 1135 terenotitie,
587 1044 678 1133 quod
712 1063 775 1115 nos
808 1063 925 1135 paoem
957 1045 1186 1114 rationabilem
1218 1043 1341 1112 habere
1368 1062 1434 1112 cum

308 1143 396 1212 dicto
431 1143 582 1234 Philippo
618 1162 749 1235 sempor
783 1148 971 1236 optavimus
1008 1151 1041 1213 et
1077 1151 1249 1236 optamus,
1285 1163 1380 1232 quam
1403 1145 1434 1210 in

308 1247 466 1330 quantum
488 1242 601 1312 decuit
615 1261 730 1314 sumus
757 1262 830 1314 cum
857 1247 1015 1314 instantia
1040 1247 1221 1333 prosecuti.
1260 1245 1301 1312 Et
1326 1261 1435 1311 reuera

306 1344 455 1410 votivum
477 1342 574 1410 nohis
600 1342 684 1412 ioret
703 1343 879 1414 admodum
906 1352 939 1414 et
962 1350 1147 1434 acceptum,
1175 1344 1204 1410 si
1230 1349 1350 1431 posset
1371 1342 1434 1410 lieri

306 1459 366 1530 per
391 1441 474 1508 tanti
499 1440 693 1511 mediatoris
719 1445 910 1513 instantiam
925 1463 993 1532 pax
1015 1449 1137 1531 optata.
1177 1442 1236 1511 Set
1263 1445 1343 1530 quia
1368 1443 1434 1509 soi-

306 1558 378 1609 mus
404 1541 456 1608 ius
484 1547 632 1610 nostrum
658 1543 693 1610 in
714 1560 820 1628 regno
837 1544 975 1613 Francia
1003 1543 1085 1610 satis
1113 1542 1246 1631 clarum,
1273 1541 1354 1611 illud
1380 1559 1433 1608 ar-

306 1639 402 1709 bitrio
420 1638 521 1708 dubio
538 1659 606 1709 non
622 1643 839 1730 proponimus
851 1642 975 1712 ducere
992 1643 1091 1711 alicui
1109 1660 1169 1730 per
1180 1641 1292 1710 literas
1308 1647 1434 1712 nostras

306 1739 584 1818 committendum.

379 1838 588 1906 Verumdum
603 1844 729 1906 attenta
746 1837 960 1907 meditatione
975 1857 1156 1927 pensamus
1172 1839 1315 1927 qualiter
1329 1845 1435 1908 vestra

307 1936 531 2006 oonsideratio
559 1939 810 2026 circumspecta,
836 1937 956 2007 videns
980 1945 1149 2027 patentem
1170 1947 1320 2007 nostram
1340 1938 1433 2006 iusti-

306 2036 383 2104 tiam
410 2041 443 2104 et
469 2035 550 2104 dicti
576 2036 714 2125 Philippi
740 2036 892 2104 duritiam
913 2037 1115 2106 obstinatam
1133 2044 1166 2106 et
1182 2039 1345 2128 iniuriam,
1371 2055 1434 2106 no·

304 2135 431 2202 bisoum
458 2141 573 2203 contra
599 2135 721 2204 dictum
747 2136 931 2224 Philippum
961 2139 1065 2205 uestri
1091 2139 1198 2224 gratia
1223 2137 1327 2224 ligam
1353 2136 1433 2225 iecit,

302 2233 453 2303 velutin
479 2235 657 2322 specialem
684 2233 873 2323 adoptionis
901 2236 1002 2304 hlium
1028 2235 1069 2304 de
1092 2236 1284 2305 dilectionis
1313 2236 1434 2305 exube-

216 2362 221 2370 ·
304 2335 410 2401 rantia
436 2351 500 2402 nos
528 2333 722 2423 admittens,
748 2342 785 2404 ut
811 2353 884 2402 oum
910 2353 992 2424 pace
1019 2341 1132 2404 vestra
1155 2336 1348 2426 loquamur,
1373 2335 1433 2402 mi-

304 2435 368 2500 rari
390 2450 459 2501 non
476 2432 659 2502 subicimus
685 2432 776 2523 quod
799 2440 983 2523 prepotens
1008 2442 1123 2504 vestra
1150 2435 1348 2525 sublimitas,
1376 2451 1434 2522 que

304 2532 347 2600 ad
372 2531 504 2602 laudem
538 2534 700 2602 bonorum
728 2540 762 2602 et
790 2533 970 2604 vindictam
1001 2536 1161 2604 malorum
1194 2540 1247 2604 est
1281 2534 1433 2603 divinitus
1519 2539 1520 2542 ’

303 2632 463 2723 instituta,
491 2640 695 2702 contrarios
722 2632 811 2702 dioto
838 2633 989 2723 Philippo
1018 2635 1201 2703 iniuriatori
1227 2642 1346 2702 nostro
1372 2650 1433 2701 no-
1518 2643 1519 2655 ³

303 2733 390 2801 torio
417 2750 455 2800 se
480 2733 608 2818 ligavit.

377 2838 418 2905 Et
434 2837 467 2906 id
484 2836 575 2925 quod
594 2836 711 2907 dicitur
733 2856 797 2906 nos
815 2839 887 2907 sinc
906 2841 993 2908 scitu
1010 2846 1044 2909 et
1062 2857 1208 2908 assensu
1228 2845 1345 2906 vestro
1366 2855 1432 2904 cum

302 2935 432 3024 prelato
458 2936 608 3025 Philippo
642 2943 778 3023 treugas
807 2944 840 3004 et
867 2944 1038 3006 tractatum
1063 2940 1157 3027 pacis
1182 2939 1343 3028 iniuisse,
1370 2953 1433 3004 non
1515 2963 1516 2983 r

303 3033 417 3103 debuit
452 3035 675 3105 consideratis
710 3037 788 3104 iaoti
822 3038 1075 3106 circumstantiis
1110 3036 1352 3106 rationabiliter
1376 3051 1433 3104 vos

302 3134 469 3225 movisse,
504 3137 582 3223 quia
616 3133 693 3203 dum
728 3135 963 3205 obsidebamus
994 3139 1160 3205 civitatem
1188 3138 1433 3206 Tornaoensem

301 3235 447 3321 oportuit
472 3253 535 3302 nos
563 3253 676 3304 eorum
702 3237 798 3322 sequi
824 3237 975 3326 consilia,
1003 3237 1059 3323 qui
1078 3236 1175 3304 nobis
1199 3237 1389 3304 comitivam
1404 3238 1434 3300 et

301 3332 457 3400 auxilium
490 3340 570 3402 tuno
604 3333 769 3425 iecerunt,
807 3341 840 3403 et
870 3336 1011 3404 imineus
1047 3336 1156 3404 subita
1180 3337 1372 3404 necessitas
1397 3348 1434 3400 ac

301 3431 450 3499 locorum
477 3432 636 3501 distantia
666 3441 810 3502 vestram
838 3453 938 3523 super
963 3435 1027 3505 hoc
1053 3435 1230 3504 consulere
1258 3431 1434 3502 eelsitudi-

300 3549 377 3598 nem
409 3533 541 3601 minime
574 3533 810 3622 permiserunt,
845 3536 943 3603 immo
977 3533 1075 3602 nobis
1110 3535 1193 3602 alias
1227 3535 1257 3604 si
1290 3531 1434 3602 recolitis

301 3632 532 3723 concessistis,
560 3631 742 3720 quodcum
764 3635 993 3722 opportunitas
1012 3631 1172 3702 arrideret
1188 3638 1334 3702 tractare
1350 3647 1433 3720 pos-

301 3746 414 3797 semus
433 3730 474 3798 de
492 3750 576 3819 pace
594 3731 690 3802 vobis
707 3732 917 3822 inconsultis,
944 3733 989 3801 ita
1011 3739 1121 3803 tamen
1145 3732 1235 3821 quod
1253 3733 1330 3800 sine
1349 3747 1432 3800 oon·

300 3847 404 3898 sensu
430 3837 543 3899 vestro
565 3849 683 3920 paoem
702 3830 831 3898 finalem
851 3850 924 3899 cum
951 3831 1040 3900 dioto
1066 3832 1216 3921 Philippo
1243 3831 1433 3899 nullatenus

300 3925 507 4016 laceremus,
542 3948 640 4017 quam
675 3947 843 4017 nunquam
872 3929 982 3998 iacere
1008 3948 1291 4021 proposueramus
1320 3930 1433 4020 prius-

301 4045 397 4113 quam
429 4035 575 4098 vestrum
609 4048 710 4121 super
743 4029 809 4097 hoo
840 4029 1073 4098 habuissemus
1107 4029 1279 4121 providum
1317 4028 1433 4097 oonsi-

300 4124 376 4193 lium
405 4133 438 4194 et
464 4145 651 4197 assensum.
700 4127 759 4196 Set
791 4145 922 4218 semper
948 4148 980 4196 m
1006 4132 1095 4198 r'otis
1123 4132 1310 4219 gessimus,
1340 4125 1433 4196 vobis

299 4225 332 4291 in
360 4227 511 4295 omnibus
546 4227 654 4296 faeere
687 4226 779 4314 quod
805 4227 978 4298 debuimus
1005 4231 1096 4300 iuxta
1121 4231 1229 4321 vires,
1256 4233 1432 4317 sperantes
