3044 4882
429 191 572 239 ronanuss
593 189 804 238 rrcronrsnsrs.
845 189 868 257 r,
887 193 909 243 5.
1180 157 1245 228 291

120 323 367 400 retrocesserat
406 331 536 400 Ulricus
561 333 646 419 patri
672 332 706 400 in
732 331 854 402 ducatu
880 329 1028 401 llnrinth.
1051 334 1085 399 et
1105 327 1251 398 dominio

120 427 266 498 Carniole
293 432 467 500 successit.

185 527 253 596 Sed
278 528 449 618 Philippus
477 531 583 616 magis
611 546 651 596 ao
677 531 784 616 magis
811 529 1020 600 insolescens
1047 548 1107 618 por
1134 529 1249 599 sedern

117 628 328 722 apostolicam
355 631 666 716 excommunicatur,
685 635 717 696 et
737 647 798 718 per
818 629 990 719 dyocesim
1014 635 1079 696 tam
1105 628 1251 715 religio-

117 743 221 796 sorum
257 745 354 816 qnam
387 729 585 796 secularium
618 728 762 814 populus
798 731 886 797 circa
922 745 995 796 eum
1027 729 1123 796 aliter
1147 737 1249 816 atquc

117 827 206 894 aliter
231 828 389 896 variatur.
425 825 565 908 Quidam
592 825 690 894 deum
715 833 903 896 metuentes
932 847 951 895 a
978 827 1099 896 divinis
1127 845 1250 897 cessa·-

116 925 210 1016 baut,
246 924 377 1013 quidam
414 943 474 993 sue
507 930 611 1014 partis
638 924 702 993 hoc
728 943 788 1014 pro
816 926 937 995 nichilo
963 926 1162 1013 reputabant
1188 925 1248 995 sed

116 1026 351 1093 contumaciter
388 1024 619 1114 celebrabant,
650 1025 750 1092 immo
776 1027 889 1094 verius
915 1025 1188 1116 prophanabant‚
1216 1031 1250 1094 et

116 1123 173 1191 sibi
202 1124 285 1212 ipsis
310 1125 345 1192 in
376 1130 546 1212 posterum
581 1122 793 1193 difficultates
821 1131 855 1193 et
880 1125 1074 1211 gravamina
1108 1126 1249 1194 maxima

114 1221 344 1310 procurabant.

183 1319 284 1390 Anno
310 1321 434 1390 domini
460 1321 635 1390 m.oc.l.vil.
663 1321 792 1390 Ulrious
821 1322 1040 1392 secoviensis
1068 1323 1249 1410 episcopus

114 1417 153 1488 ud
173 1420 383 1508 metropolim
403 1421 599 1510 postulatur.
626 1416 688 1499 Qui
705 1421 783 1488 licet
801 1422 937 1490 multum
965 1421 1145 1489 obsisteret
1171 1426 1251 1488 lan-

115 1518 185 1588 dem
215 1520 433 1588 consentiens
460 1517 502 1588 ad
529 1521 649 1588 curiam
676 1519 846 1607 proiectus
873 1537 996 1607 magne
1022 1520 1164 1608 pecunie
1189 1537 1250 1606 pro

112 1619 179 1687 iure
216 1620 306 1687 curie
339 1617 469 1687 debitor
503 1627 555 1688 est
589 1617 729 1686 allectus
781 1617 928 1687 Rediens
961 1624 1070 1686 autem
1104 1619 1252 1706 repperit

115 1717 319 1808 Stephanum
353 1717 434 1786 Belo
472 1721 563 1805 regis
598 1716 700 1784 hlium
737 1719 905 1786 l'etovinm
941 1716 1114 1806 obsldere,
1151 1733 1248 1804 quern

113 1816 232 1886 litteris
251 1817 446 1906 apostolicis
466 1808 689 1887 commonuit²
713 1824 750 1885 ut
775 1817 955 1885 desisteret
979 1815 1022 1883 de
1049 1815 1113 1884 hoc
1139 1821 1248 1903 cepto.

116 1913 176 1996 Qui
212 1915 401 2006 respondit:
432 1933 498 1984 non
530 1919 648 1984 contro
680 1916 854 1984 ecclesium
879 1917 940 1983 sed
963 1918 1081 1982 contro
1105 1913 1247 1981 Frideri-

114 2033 186 2083 eam
213 2016 256 2083 de
281 2017 420 2084 Pctooio
444 2031 482 2083 se
505 2017 641 2082 ueniere.
682 2013 799 2083 Multis
834 2021 943 2084 autern
975 2013 1167 2082 tractatibus
1193 2014 1251 2079 iu-

113 2115 377 2184 terrenientlbus
412 2121 447 2182 et
478 2114 580 2182 nichil
613 2130 674 2201 pro
700 2113 834 2202 presule
861 2113 1079 2203 iacientibus,
1106 2112 1251 2199 Ungulis

111 2232 169 2301 pro
197 2213 304 2282 tribus
331 2230 513 2282 maroamm
545 2212 678 2281 milibus
711 2213 848 2282 Peterin
878 2213 1045 2299 obligatur
1072 2227 1134 2280 suo
1161 2218 1250 2278 tem·-

111 2327 189 2399 pore
227 2311 415 2381 eximenda.
455 2313 497 2381 Et
523 2312 567 2381 ob
600 2312 665 2381 hoo
699 2312 826 2399 Ungari
862 2311 1016 2380 dicontur
1047 2310 1081 2378 in
1113 2310 1251 2378 Pateria
1300 2387 1302 2390 ,

110 2409 326 2482 habitationis
354 2429 414 2480 sue
441 2412 567 2481 sohnm
586 2410 757 2479 habuisse.
883 2451 885 2460 ,

183 2509 285 2580 Anno
313 2509 437 2580 domini
463 2511 623 2579 m.co.l.ix.
649 2509 778 2578 Ulricus
813 2514 1003 2602 episcopus,
1038 2509 1114 2580 dum
1140 2509 1250 2580 redire

110 2605 340 2700 disposuisset
358 2627 377 2678 a
394 2611 540 2697 marchia
558 2611 591 2676 in
612 2607 844 2696 Saltzpurgam
861 2610 1008 2679 lustralis
1028 2613 1097 2679 suis
1117 2612 1248 2699 castris,

109 2705 150 2776 ab
176 2709 290 2779 Ulrioo
318 2708 403 2777 duoe
430 2708 600 2777 llarinthie
625 2707 792 2776 invaditur
816 2725 923 2798 prope
940 2709 1066 2800 Restat,
1094 2716 1128 2777 et
1153 2711 1250 2778 anci-

108 2809 167 2895 piti
194 2825 313 2898 pogna
339 2812 437 2894 gesta
463 2807 531 2876 dun
551 2807 722 2874 victoriam
748 2805 864 2876 habuit
889 2815 922 2877 et
947 2810 1113 2897 presulem
1138 2814 1250 2876 retro-

110 2905 234 2977 cedere
261 2907 429 2995 compulit.
460 2904 523 2987 Qui
549 2908 583 2975 in
611 2911 755 2974 castrum
772 2904 992 2977 Volhcnstain
1012 2909 1162 2998 captivus
1185 2906 1252 2976 ad-·

109 3003 262 3096 ducitur,
298 3006 412 3094 ibique
443 3003 647 3094 aliquamdiu
680 3006 714 3072 in
748 3006 900 3075 custodia
928 3025 997 3077 non
1023 3011 1096 3077 sine
1122 3009 1250 3076 ultione

109 3102 225 3174 drvlna
251 3105 339 3172 illius
368 3106 423 3193 qui
448 3121 566 3173 manus
596 3105 628 3171 in
657 3121 731 3171 eum
757 3106 892 3174 miserat
917 3115 1142 3176 conservatur.
1178 3106 1252 3174 llec

107 3205 251 3274 uictoria
265 3201 448 3294 Philippum
466 3221 534 3272 non
548 3202 713 3271 modicum
729 3204 761 3270 iu
774 3221 836 3272 sun
853 3205 1251 3274 contumaciaroborauit

182 3303 261 3373 lloo
285 3321 377 3373 anno
392 3301 553 3372 Albertas
567 3301 714 3388 Magnus
735 3305 872 3372 natione
897 3303 1040 3373 Suevos
1060 3304 1101 3372 do
1123 3303 1249 3393 oppido

105 3400 336 3494 Largium,
370 3401 412 3472 de
448 3401 564 3471 ordine
602 3400 848 3490 predicatorum
882 3403 989 3472 lector
1022 3403 1247 3494 coloniensis,

105 3498 366 3592 narnponmsrs
393 3499 574 3591 episcopus
602 3505 655 3568 est
680 3499 830 3569 edoctus.

179 3601 259 3672 Hoc
286 3603 389 3669 ceiam
413 3615 501 3669 suno
520 3598 727 3668 Meinlredus
754 3617 813 3668 rex
839 3597 963 3688 Syclllo
989 3601 1024 3666 in
1051 3598 1248 3668 adiutorium

104 3697 320 3770 senensibus
347 3700 439 3767 venit
462 3706 579 3768 contra
604 3699 814 3767 Florentinos
842 3707 875 3766 et
899 3698 1067 3767 Lucanos.
1100 3699 1142 3766 Et
1166 3699 1249 3767 lilo-

98 3802 244 3868 rentinis
270 3797 368 3867 lidem
399 3817 467 3867 non
495 3797 709 3866 servantibus
733 3813 793 3865 sue
817 3799 911 3888 parti,
941 3805 975 3866 et
1000 3797 1247 3866 declinantibus

100 3898 259 3987 pluribus
281 3896 322 3966 ad
337 3897 520 3987 senenses,
548 3913 610 3966 serr
630 3897 719 3965 milia
735 3897 902 3965 bominum
920 3897 1128 3966 Lucanorum
1147 3904 1246 3985 atque
1264 3911 1331 3967 126⁰

100 3997 375 4068 Florentinorum
390 3998 425 4064 ln
440 3996 550 4086 prelio
569 4004 647 4066 snm
672 4002 849 4085 prostrata.
883 3996 949 4064 Ubi
973 3995 1149 4064 lleinlredi
1175 3997 1250 4064 vir·
1264 3995 1337 4103 ΒΕΓ·

134 4162 167 4228 1)
194 4159 279 4216 durio
306 4174 353 4230 pro
383 4159 469 4214 saluto
497 4159 586 4228 populi
611 4162 786 4216 retrocessum
815 4158 933 4228 precepit
957 4157 1032 4211 stand
1059 4157 1247 4226 urspringlich.

98 4227 130 4294 2)
150 4229 299 4284 commorit
315 4229 390 4284 stand
410 4233 503 4281 zuerst.

1003 4309 1055 4363 19*
