3044 4882
278 217 349 288 ²98
599 245 748 292 rauranum
769 245 982 292 urcrarnnrrsrs.
1019 243 1046 307 t.
1065 243 1104 299 to.

277 403 384 454 mens,
417 383 458 453 Et
484 385 517 452 in
544 385 636 454 brevi
661 391 823 473 utrasque
849 390 954 454 terres
978 385 1041 456 sibi
1059 386 1210 475 subiecit,
1229 386 1307 473 quia
1321 402 1408 453 nemo

277 485 436 561 resistere
467 485 584 572 potuit
626 484 795 573 Philippus
827 483 947 554 videns
974 505 1012 556 se
1045 473 1205 555 nrinorem
1237 484 1411 570 resignavit

276 585 398 672 omnia,
427 590 460 651 et
485 585 631 672 acceptis
656 584 871 672 proventibus
898 583 940 653 ab
968 604 1008 655 eo
1027 585 1234 655 necessariis
1251 585 1285 651 in
1303 582 1410 652 Crem-

278 701 349 752 sam
377 683 542 751 civitatem
569 680 704 751 Austrie
730 682 968 770 commigravit.
1016 685 1058 754 Et
1082 685 1260 774 privilegio
1287 682 1329 752 de
1354 681 1412 751 du-

277 788 352 850 catu
378 781 548 850 Karintbie
566 784 682 851 misso
715 783 749 848 in
784 782 976 851 Bobemiam
1008 786 1082 873 ipse
1116 784 1233 853 Forum
1265 781 1337 849 latii
1361 783 1412 848 in-

276 882 399 970 troivit,
432 880 487 948 abi
521 888 666 950 castrum
703 879 820 950 Portas
855 881 1001 973 Nacnis,
1039 882 1129 972 quod
1165 883 1208 954 ad
1240 882 1413 970 principem

276 981 386 1069 Styrie
429 981 572 1067 pertinet
610 977 852 1067 Aquilegiense
889 980 1042 1072 seudum,
1089 983 1252 1072 exemptis
1296 980 1411 1049 ibidem

274 1078 319 1148 de
345 1079 496 1148 Porciiiis
524 1086 559 1148 et
592 1077 738 1148 Castello
773 1078 960 1172 nobilibus,
996 1081 1145 1151 vasallus
1188 1080 1331 1152 ecclesie
1366 1084 1414 1147 cst

280 1178 432 1246 eiieetus.

193 1296 260 1349 raro
350 1276 423 1345 Hoc
449 1282 598 1366 tempore
623 1277 760 1346 moritur
776 1276 989 1368 Uiodeslaus,
1010 1280 1067 1366 qui
1083 1277 1160 1348 dum
1175 1280 1235 1348 iret
1250 1277 1414 1347 Potoniam

197 1379 257 1485 *2¹3¹-
274 1382 311 1444 ut
336 1393 432 1444 suum
457 1377 690 1465 patrimonium
716 1377 859 1445 ecclesie
886 1375 1056 1446 addiceret
1075 1394 1210 1447 ueneno
1229 1383 1414 1467 peremptus

274 1480 327 1544 est
352 1481 388 1543 ut
412 1473 532 1544 dicitur
557 1495 576 1544 a
602 1477 810 1567 propinquis,
838 1481 871 1544 et
896 1475 1080 1546 Fridericus
1116 1478 1262 1546 ecclesie
1290 1493 1415 1564 prepo-

273 1577 356 1644 situs
383 1579 436 1643 est
462 1575 600 1645 electus.
641 1575 715 1644 Hoc
741 1575 883 1644 audens
908 1575 1096 1646 Fridericus
1120 1575 1163 1645 ad
1189 1578 1311 1645 curiam
1338 1591 1416 1663 pro-

270 1680 375 1765 perat,
404 1682 438 1742 et
463 1681 601 1763 accepta
627 1674 875 1744 confirmatione
902 1674 1009 1746 rediit.
1046 1675 1087 1745 Et
1112 1678 1204 1745 venit
1228 1676 1415 1764 Frysacum,

271 1773 328 1842 ubi
355 1770 535 1843 Ottakarus
559 1773 663 1843 seoda
690 1792 752 1843 sua
779 1775 919 1864 suscipit
945 1781 979 1842 et
1003 1774 1147 1844 ecclesia
1173 1774 1236 1844 sibi
1249 1791 1311 1864 per
1329 1791 1416 1864 pou-

271 1872 391 1940 tiiioem
420 1872 678 1942 commendatur.

345 1968 514 2040 Ordinatis
541 1977 650 2040 autem
676 1972 773 2042 terris
799 1991 858 2061 per
883 1971 1084 2042 descensum
1112 1970 1220 2042 Trabe
1246 1971 1357 2042 tendit
1380 1971 1413 2038 in

272 2068 425 2157 Styriam.
461 2069 520 2138 Cui
547 2089 621 2138 cum
648 2069 790 2140 Sitridus
817 2071 860 2140 de
885 2070 1089 2160 Merenberg
1114 2071 1235 2141 festine
1258 2089 1329 2141 non
1357 2088 1416 2140 oc-

270 2175 419 2236 curreret
445 2169 633 2255 egritudine
668 2174 818 2259 corporis
844 2170 1057 2264 prepeditus,
1091 2188 1151 2240 rex
1184 2178 1349 2264 mouetur,
1385 2174 1416 2236 et

269 2269 540 2356 persecutionem
575 2270 744 2338 suscitans
784 2275 900 2340 contra
939 2288 1029 2362 cum,
1072 2270 1207 2340 mandat
1242 2289 1317 2340 enm
1358 2269 1417 2340 sibi

270 2385 345 2434 cum
379 2368 602 2454 promissione
635 2370 749 2456 premii
782 2371 817 2436 in
850 2368 1042 2438 Bobemiem
1075 2371 1272 2460 presentari.
1314 2368 1416 2452 Quem

272 2465 404 2553 quidam
431 2468 525 2536 miles
553 2463 701 2536 Ortoitus
729 2468 770 2536 de
798 2469 903 2536 Grecz
927 2470 1099 2538 invitatum
1127 2471 1226 2560 oepit,
1254 2478 1288 2540 et
1305 2469 1415 2539 Uiricc
1502 2531 1503 2558 ,

271 2564 313 2634 de
348 2564 573 2634 Durrenhoioz
605 2584 668 2635 suo
704 2565 865 2636 officiario
901 2567 1059 2637 cxbibuit.
1097 2569 1139 2638 Et
1164 2569 1218 2637 bic
1245 2585 1321 2638 enm
1347 2567 1416 2654 regi

270 2665 304 2732 in
330 2664 524 2733 Bobemiam
550 2665 765 2756 presentavit,
792 2667 848 2734 ubi
874 2671 978 2735 morte
1014 2669 1173 2736 acerrima
1200 2674 1416 2737 tormentatus

269 2763 403 2832 interiit.
437 2763 479 2832 Et
503 2765 577 2832 visa
603 2772 682 2834 sunt
707 2767 890 2835 clarissima
923 2765 1097 2835 luminaria
1129 2767 1163 2834 in
1199 2767 1277 2835 loco
1302 2767 1414 2836 mortis

271 2877 344 2953 sue,
371 2861 577 2949 frequentius
604 2864 664 2931 riri
691 2865 914 2933 innocentiam
943 2867 1185 2956 contestantia,
1220 2885 1239 2934 a
1266 2865 1413 2955 pluribus

271 2960 336 3029 side
364 2959 486 3046 dignis.
530 2959 657 3050 Corpus
684 2965 757 3032 eius
783 2963 826 3033 ad
852 2964 1031 3032 claustrum
1064 2965 1256 3034 monialium
1289 2965 1414 3036 ordinis

271 3059 378 3127 sancti
402 3058 568 3128 Dominioi
595 3062 657 3130 sub
692 3069 803 3133 castro
825 3062 1030 3151 iderenberg
1052 3065 1196 3154 positum
1220 3070 1273 3133 est
1302 3070 1415 3134 trans·

270 3158 382 3226 latum.

343 3254 522 3325 Ottairarus
562 3275 696 3348 semper
727 3264 865 3329 estuans
898 3262 941 3330 ad
971 3261 1124 3355 amplius,
1151 3279 1284 3338 versum
1316 3262 1414 3332 nobis

270 3353 380 3425 Ovidii
406 3355 563 3426 exhibere
590 3357 731 3450 videtur,
759 3360 815 3447 qui
841 3360 936 3430 dicit:

367 3453 544 3546 „Dumque
571 3459 658 3525 sitim
683 3456 804 3528 sedare
832 3463 922 3550 eupit
947 3459 1020 3530 sitis
1047 3459 1152 3528 altero
1177 3458 1334 3531 crescit.“

269 3553 309 3622 Et
335 3551 486 3624 Oratius:

367 3654 466 3744 „Non
494 3655 634 3724 missura
660 3663 769 3724 cutem
796 3657 861 3726 nisi
886 3657 987 3748 plena
1014 3660 1142 3728 erueris
1168 3655 1324 3728 bimdc.“

268 3750 306 3819 in
341 3751 460 3822 diebus
503 3753 578 3823 iltis.
601 3773 667 3844 pax
701 3773 769 3825 non
803 3759 874 3824 erat
910 3756 1113 3844 ingredienti
1147 3764 1179 3828 et
1215 3756 1414 3849 egredienti,

267 3852 347 3939 quia
373 3871 431 3920 rex
457 3869 525 3921 non
553 3861 632 3944 erat,
660 3861 694 3924 et
718 3858 949 3942 unusquisque
977 3857 1067 3945 quod
1088 3859 1152 3926 sibi
1169 3865 1295 3927 rectum
1312 3857 1415 3926 ride-

267 3948 364 4017 batur
390 3951 541 4021 iaciebat
576 3953 683 4023 Prelia
709 3961 743 4022 et
769 3945 944 4044 opinione's
971 3956 1149 4046 prelicram
1183 3953 1415 4047 audiebantur,

269 4056 423 4136 potentes
450 4059 483 4118 et
509 4051 629 4122 divites
656 4071 820 4143 pauperes
848 4054 1096 4146 opprimebant,
1129 4057 1344 4144 quianullus
1371 4055 1414 4124 de

268 4149 434 4218 iniusticia
459 4149 616 4220 iudicium
644 4151 797 4244 iaciebat,
824 4155 916 4222 iuxta
940 4152 1138 4244 Prosperum
1165 4154 1220 4244 qui
1247 4153 1342 4225 dicit:
