3044 4882
258 205 330 278 318
582 235 722 284 tonsurus
743 235 949 284 rrcromrrsrs.
984 235 1007 300 2,
1026 237 1049 288 o.

255 375 385 467 gensis,
404 380 437 444 at
458 374 589 460 eligitur
603 373 764 443 Rndolius
786 375 1003 444 cancellarius
1024 378 1125 463 regis.
1158 374 1222 458 Qui
1239 381 1390 465 exparte

254 494 342 566 pape
367 493 426 564 por
452 476 644 563 episcopum
670 474 905 562 llystetensem
932 480 965 543 et
991 476 1143 544 abbatem
1163 475 1391 544 salemensem
1509 475 1510 488 ¹

256 575 458 664 approbatus
492 579 526 640 et
551 572 782 663 consrmratus,
811 575 987 642 eeclesiam
1023 593 1116 642 suam
1144 581 1177 642 et
1209 576 1301 660 regis
1329 593 1390 642 cu-

255 676 336 743 riam
363 692 423 763 pro
450 673 517 741 vite
545 679 577 740 et
602 689 727 741 morum
754 673 931 741 honestate
954 675 1176 762 multipliciter
1202 672 1391 761 decoravit;

254 774 333 842 licet
357 775 443 842 inter
469 790 543 839 eum
571 777 604 839 et
629 769 799 840 Albertum
827 773 981 841 alienatio
1008 791 1076 842 non
1100 773 1230 841 modica
1257 776 1391 840 sereni-

255 880 356 942 tatem
383 872 524 941 amicrtie
551 865 767 939 desuscarett

327 971 400 1040 Rex
416 977 526 1039 autem
542 988 602 1058 pro
620 971 714 1055 regni
732 970 877 1055 negotiis
894 970 1123 1062 deambulans,
1142 968 1284 1040 venitin
1301 967 1392 1036 Ezz-

253 1070 398 1160 lingam,
435 1087 500 1157 que
533 1075 584 1138 est
616 1070 732 1137 civitas
765 1070 891 1157 imperii
918 1087 1019 1158 super
1045 1070 1179 1139 lindum
1200 1067 1393 1137 Neklmrum

256 1172 455 1259 constituta,
482 1167 539 1237 ubi
565 1166 607 1236 ad
635 1185 726 1257 eum,
760 1169 846 1236 sicut
879 1168 1022 1259 ubique,
1049 1168 1222 1238 multitudo
1248 1169 1393 1235 maximo
1510 1157 1511 1186 *

255 1266 455 1339 conlluebat.
489 1267 530 1336 Et
546 1266 735 1335 exclamans
754 1266 898 1358 quidam,
918 1269 1046 1352 regium
1063 1287 1193 1359 nasum,
1212 1268 1269 1355 qui
1287 1265 1394 1335 luerat

254 1369 433 1458 aquilinus,
461 1366 523 1435 sibi
549 1364 658 1433 iacere
672 1365 881 1435 obstaculum
908 1369 1111 1460 transeundi,
1140 1366 1229 1456 quod
1249 1365 1391 1435 audiens

253 1485 314 1535 rex
346 1468 380 1534 iu
414 1472 538 1554 partem
566 1465 702 1533 alteram
729 1482 846 1532 nasum
874 1465 980 1534 llexit:
1018 1465 1148 1552 Tractat,
1175 1469 1299 1556 inquit,
1327 1483 1394 1532 noc

253 1565 309 1634 ott
342 1564 466 1633 obicem
495 1564 601 1649 facim
631 1581 734 1631 nomo
767 1567 886 1631 noster.
925 1563 967 1632 Et
1000 1566 1177 1636 iocundum
1217 1564 1393 1632 ridiculum

253 1663 465 1734 audientibus
497 1663 645 1753 iaciens,
678 1681 715 1730 se
750 1664 888 1731 alterum
915 1663 1081 1732 Tiberium
1108 1664 1306 1753 exhibebat,
1335 1663 1393 1751 quui

254 1763 443 1833 huiusmodi
461 1764 612 1830 convicia
621 1763 865 1850 patientissime
878 1765 1100 1856 pertransivit,
1119 1765 1250 1833 dicens:
1277 1761 1392 1849 Opor-

253 1867 299 1931 tet
319 1864 352 1929 r'n
371 1863 500 1928 ciuitate
516 1861 620 1928 libero
636 1866 757 1930 cuntes
775 1861 938 1929 lominum
959 1865 993 1928 et
1016 1863 1146 1951 [temous
1171 1863 1294 1932 liberas
1309 1879 1393 1929 csse.

252 1961 294 2032 itt
319 1960 532 2029 Prudentius:
1333 2029 1335 2034 ,

349 2058 484 2150 „Vidua
510 2063 562 2126 est
586 2059 701 2151 virtus,
730 2079 827 2148 mam
853 2063 1110 2151 compatientia
1136 2058 1275 2144 lirmat“

252 2259 304 2329 lle
328 2255 597 2326 tuturomzattme
623 2255 715 2324 dudo
739 2257 932 2344 numeru,
958 2264 991 2328 et
1014 2259 1244 2327 consuetudine
1268 2259 1394 2328 isarar-
1512 2279 1513 2298 i

354 2356 546 2425 illicitorum.
857 2411 859 2416 ,
1230 2359 1312 2444 Cap·
1338 2361 1392 2427 „pp

170 2497 238 2553 roae
324 2477 423 2550 Anno
443 2479 567 2549 domini
588 2475 778 2568 supradicto
797 2479 923 2548 scilicet
943 2471 1190 2552 maalmam?
1208 2499 1281 2548 cum
1307 2496 1393 2570 pre-

252 2579 339 2650 dicta
365 2581 446 2649 iunii
473 2587 621 2668 tempore
643 2583 764 2648 ‘essent
790 2586 888 2666 gesta
912 2579 946 2647 in
971 2578 1143 2669 Augusta,
1171 2579 1393 2650 Melabardus

250 2681 419 2768 incapite
447 2679 663 2748 kalendarum
690 2678 924 2766 septembrium
958 2681 993 2746 in
1027 2680 1142 2749 sedem
1170 2680 1311 2748 ducatus
1340 2681 1394 2748 sui

252 2779 478 2867 sollempniter
503 2777 696 2868 collocatur,
725 2777 910 2846 secundum
938 2780 1215 2848 consuetudinem
1233 2797 1253 2846 a
1268 2781 1391 2867 priscis

250 2877 454 2966 temporibus
498 2876 717 2944 observatam.
778 2876 878 2945 Porro
917 2878 979 2946 sub
1022 2885 1133 2947 monte
1172 2877 1392 2948 Karintbiaao

250 2994 354 3064 prope
388 2975 563 3043 ecclesiam
596 2976 703 3043 sancti
738 2974 823 3042 Petri
857 2975 944 3064 lapis
971 2983 1041 3067 est,
1075 2995 1175 3066 super
1202 2995 1301 3064 quem
1328 2997 1392 3045 ru-

250 3075 353 3142 sticus
379 3073 518 3141 libertus
553 3075 688 3163 ponitur
721 3091 781 3161 per
816 3076 1068 3144 successionem
1103 3076 1215 3163 stirpis
1247 3075 1290 3144 ad
1325 3076 1392 3146 boc

249 3171 393 3241 cilicium
420 3172 610 3263 beredatus,
638 3177 757 3240 tenens
783 3172 818 3239 in
844 3191 911 3242 una
936 3193 1036 3242 manu
1059 3175 1179 3244 bovem
1199 3173 1392 3245 discolora-

249 3278 328 3362 tum,
364 3276 398 3340 et
429 3272 463 3338 in
499 3273 602 3340 altera
636 3289 754 3360 equam
790 3271 939 3341 eiusdem
974 3273 1216 3363 dispositionis,
1251 3273 1390 3343 indutus

250 3369 365 3439 habitu
403 3371 493 3459 pileo
535 3371 656 3438 calceis
699 3369 926 3461 rusticalibus,
977 3373 1143 3442 inmobilis
1183 3379 1391 3462 perseverat.

250 3469 405 3558 Princeps
433 3487 505 3538 eum
531 3470 693 3559 parmenio
720 3474 817 3560 terre,
845 3471 987 3558 stipatus
1019 3473 1187 3542 nobilibus
1215 3476 1248 3538 et
1273 3473 1391 3541 militi-

248 3567 321 3660 bus,
348 3568 499 3637 vestibus
534 3569 664 3636 exuitur
695 3569 853 3657 pretiosis
862 3621 871 3659 ,
912 3575 946 3638 et
978 3587 1131 3640 seorsum
1165 3567 1267 3658 pallio
1297 3573 1389 3660 pileo

248 3667 360 3736 tunica
386 3667 489 3753 grisei
517 3667 668 3736 staminis
695 3672 729 3733 et
755 3668 879 3736 calceis
912 3671 1100 3757 cordgiatis
1134 3667 1254 3738 codem
1288 3669 1389 3740 modo

249 3785 316 3854 quo
343 3768 488 3835 mstious
514 3765 659 3835 induitur
684 3783 744 3854 per
779 3767 961 3858 quendam,
999 3771 1056 3856 qui
1092 3788 1134 3838 ex
1165 3771 1386 3838 successione

248 3865 314 3934 boo
346 3866 462 3956 babet,
506 3881 629 3952 gerens
663 3863 816 3932 baculum
854 3867 888 3933 in
922 3869 1092 3936 manibus:
1135 3870 1183 3936 sic
1223 3867 1385 3957 procedit.

246 3963 365 4034 Comes
392 3971 500 4033 autem
528 3965 669 4054 Gorioie,
697 3963 774 4050 quia
799 3965 966 4052 palatinus
994 3973 1080 4037 terre
1108 3974 1170 4059 est,
1200 3984 1273 4035 com
1294 3966 1382 4035 duo-

278 4125 309 4189 1)
327 4124 418 4180 Dieser
434 4138 516 4192 ganza
536 4130 591 4180 satz
607 4127 641 4179 ist
659 4129 747 4196 apator
765 4123 972 4180 durchstriclren.
1016 4129 1046 4195 2)
1066 4128 1140 4183 nieht
1163 4129 1199 4182 im
1221 4129 1289 4196 iuni,
1315 4141 1378 4181 son-

245 4192 310 4246 daro
328 4207 369 4247 am
388 4195 401 4248 l
422 4192 471 4247 leb.
491 4193 557 4247 1286
580 4195 671 4248 worda
695 4193 761 4247 nacb
788 4195 836 4246 der
859 4196 926 4248 ncob
950 4195 1141 4252 rorbandenen
1161 4197 1281 4250 oriundo
1298 4196 1383 4250 Mein·

245 4260 308 4314 bord
329 4275 379 4313 von
399 4261 477 4328 linig
496 4262 592 4315 lludctl
607 4264 651 4315 mit
670 4261 803 4315 liiirntbec
825 4263 958 4317 bellebec.
