3044 4882
272 175 344 250 320
605 205 745 253 rouannrs
766 203 964 252 urcronrrnsra
1010 203 1034 270 2,
1054 204 1077 256 t.

272 345 401 436 dapifer
427 351 459 414 et
485 345 646 432 pincerna
671 343 742 412 suis
768 342 959 414 ministeriis
985 363 1025 414 se
1050 363 1117 432 quo
1144 343 1397 432 decentiuspo-

272 451 383 515 terunt
409 442 620 512 exhibebunt
659 441 791 510 Deinde
817 442 850 508 in
876 451 972 530 prata
1010 443 1177 514 Soliensia
1209 443 1261 514 ad,
1278 443 1398 512 iacien-

272 546 349 615 dnm
374 543 531 612 iudicium
558 547 592 608 et
617 541 771 610 iustitiam
799 542 951 610 omnibus
979 543 1230 630 querelantibus
1253 546 1396 631 princeps

272 646 397 734 pergit,
433 641 488 711 nbi
523 639 623 708 sedes
659 641 770 729 posita
804 643 949 708 cernitur
983 641 1176 728 tribunalis,
1217 642 1275 710 ubi
1313 643 1400 710 etiam

272 743 374 812 leode
399 739 551 809 conseret
575 737 800 828 dependentia
826 755 847 804 a
871 742 956 808 terra
975 747 1007 808 et
1029 742 1244 830 respicientia
1262 741 1304 810 ad
1321 758 1400 808 eun-

274 839 359 911 dent.
403 839 518 909 Fertur
552 837 619 906 dux
655 835 871 906 Meinhardus
906 857 1102 928 processum
1141 841 1257 910 horum
1292 840 1400 908 iuriam

273 944 308 1009 in
335 946 478 1008 castrum
505 937 638 1024 Tyrolis
664 936 720 1004 ubi
754 935 868 1002 babuit
902 957 998 1008 suurn
1030 940 1312 1008 conservatorinm
1342 937 1401 1005 de·

272 1045 438 1130 portasse.

348 1139 386 1206 ln
412 1137 476 1205 bac
501 1136 744 1206 consuetudine
772 1138 835 1204 tria
860 1137 948 1204 circa
973 1137 1154 1225 prinoipem
1173 1142 1250 1209 sunt
1266 1137 1402 1223 signatu,

275 1237 403 1306 scilicet
428 1237 569 1303 vestitus
597 1242 630 1303 et
655 1235 773 1304 modus
800 1235 985 1326 rusticalia,
1021 1235 1192 1324 inquisitio
1218 1234 1404 1303 christiani·

274 1339 351 1405 tatis
379 1340 412 1403 et
437 1335 544 1420 gratia
570 1335 787 1423 baptismalis,
824 1335 976 1402 extensio
1011 1336 1083 1404 sive
1116 1333 1299 1403 denudatio
1332 1333 1404 1419 gla-

275 1435 383 1504 dialis.
417 1433 454 1500 ln
480 1435 583 1522 primo
609 1432 799 1502 ostenditur
823 1432 919 1501 ducis
946 1431 1101 1502 cilicium.
1142 1432 1203 1501 Est
1237 1435 1324 1500 enirn
1349 1449 1404 1499 ve-

274 1540 370 1602 nator
396 1533 534 1622 imperii,
561 1533 616 1619 qui
643 1531 718 1600 dura
745 1549 805 1620 per
829 1549 999 1601 nemorum
1025 1532 1184 1602 montium
1220 1537 1254 1600 et
1280 1532 1405 1599 vallium

275 1633 486 1721 asperitatem
511 1631 701 1720 pertransit,
729 1632 923 1699 necessario
950 1631 1051 1700 habet
1076 1631 1140 1700 boc
1165 1627 1279 1698 babitu
1298 1635 1331 1698 et
1346 1632 1406 1699 ba-

274 1733 414 1820 culoso
440 1731 577 1798 munire.
621 1729 721 1797 Suum
749 1730 846 1797 etiarn
873 1734 925 1798 est
948 1728 1091 1799 cilicium
1118 1747 1220 1798 canes
1237 1732 1406 1798 venaticos

275 1832 433 1919 enutrire,
470 1835 504 1897 et
535 1829 568 1894 in
608 1828 673 1897 boc
706 1828 826 1896 solatio
864 1829 1054 1916 imperatori
1089 1827 1223 1898 adesse.
1261 1828 1407 1897 lumenta

274 1928 475 1998 disooiorata
501 1927 630 1995 incolas
656 1935 745 1995 terre
772 1927 835 1996 biis
870 1929 1067 1996 animalibus
1104 1934 1221 1995 terram
1247 1928 1406 1996 laboran-

273 2028 361 2096 tibus
389 2028 584 2116 exprimunt,
610 2032 745 2115 propter
772 2025 925 2115 dispares
960 2045 1070 2096 mores
1097 2045 1117 2095 a
1145 2027 1264 2094 ceteris
1291 2028 1406 2116 planis,

273 2127 474 2195 laboriosam
505 2124 740 2194 nichilominus
768 2131 801 2192 et
832 2125 984 2194 lutosam.
1025 2125 1063 2193 ln
1095 2123 1247 2194 seeundo
1280 2132 1410 2195 notatur

275 2243 371 2294 sacre
397 2224 474 2292 irdei
501 2225 691 2313 misterium,
719 2241 761 2290 ex
778 2226 1000 2293 conversione
1019 2226 1129 2311 gentis
1148 2223 1277 2293 babens
1297 2233 1410 2294 ortum.

275 2323 358 2393 Nam
385 2341 473 2392 anno
501 2322 623 2392 domini
650 2325 901 2410 septuagesimo
936 2325 1157 2410 nonagesimo
1191 2323 1254 2390 sub
1288 2325 1408 2400 Karolo

273 2425 531 2512 imperatoreet
557 2422 686 2508 ingone
713 2421 797 2489 duce
823 2421 1011 2511 Karintbie,
1049 2427 1082 2489 et
1117 2421 1178 2490 sub
1212 2421 1354 2509 Virgilio
1381 2427 1412 2490 et

273 2519 409 2591 Arnone
436 2522 605 2609 episeopis
631 2521 887 2611 luvavcnsibus,
916 2520 983 2588 dux
1007 2520 1092 2608 lngo
1110 2538 1226 2589 omnes
1245 2523 1311 2590 sibi
1328 2522 1410 2592 sub-

274 2621 362 2691 ditos
389 2637 507 2688 servos
540 2625 574 2687 et
598 2620 721 2687 liberos
754 2619 915 2688 invitavit.
969 2617 1012 2687 Et
1041 2619 1172 2688 nobiles
1206 2621 1341 2707 quidem
1373 2621 1411 2688 ab

275 2722 382 2790 oculis
409 2721 480 2788 suis
508 2717 586 2788 ioris
614 2725 779 2804 tamquam
815 2737 916 2788 canes
948 2735 1035 2806 pane
1067 2718 1198 2808 reiecit,
1234 2725 1268 2788 et
1302 2723 1412 2789 uinum

274 2821 308 2887 in
339 2820 430 2889 vasis
465 2817 569 2886 luscis
603 2818 809 2886 ministravit.
859 2817 982 2886 Servos
1017 2823 1127 2885 autem
1160 2819 1194 2885 in
1227 2827 1412 2909 conspectu

276 2937 338 2987 suo
364 2918 497 3004 locavit,
526 2917 618 2984 etin
644 2918 736 2984 uasis
763 2915 947 3004 splendidis
982 2917 1092 2984 aureis
1125 2919 1294 3002 argenteis
1329 2935 1412 3009 pro-

276 3017 418 3104 curavit,
453 3014 590 3082 dioeus:
624 3017 765 3082 melicos
790 3015 954 3100 simplices
988 3018 1021 3081 ct
1045 3015 1177 3098 fidelos,
1211 3019 1352 3086 mundos
1384 3019 1416 3085 et

274 3133 374 3183 sucro
400 3112 594 3199 baptismale
620 3114 853 3195 confirmulom
885 3111 1010 3180 nobiles
1045 3105 1225 3182 inmundos.
1250 3118 1283 3182 et
1309 3115 1413 3203 perfi·

272 3216 333 3283 dtu
358 3205 558 3296 defcdut0s¹.
593 3209 691 3292 Quod
718 3211 796 3280 dum
822 3212 951 3280 nobiles
985 3215 1226 3304 persentirent,
1263 3216 1412 3283 certatim

276 3312 318 3381 ad
344 3311 539 3400 baptismum
567 3310 631 3378 inde
664 3309 781 3379 fervidi
808 3317 1015 3379 occurerunt.
1064 3311 1106 3380 Et
1140 3311 1183 3380 ob
1213 3312 1302 3381 hanc
1329 3332 1414 3382 cau-

263 3429 348 3480 sam
379 3412 476 3478 etiam
511 3411 717 3477 investitura·
741 3411 900 3499 principis
939 3410 971 3476 in
1007 3411 1175 3499 simplices
1211 3417 1245 3478 et
1278 3430 1350 3482 non
1381 3416 1414 3482 in

275 3509 405 3579 nobiles
434 3515 485 3578 est
511 3507 712 3578 transducta.
753 3509 790 3577 ln
824 3509 922 3577 tertio
955 3509 1107 3595 signatur
1137 3510 1294 3599 principis
1321 3511 1414 3581 iudi-

275 3611 360 3678 cium
387 3613 420 3676 et
446 3606 668 3676 defensoriam
696 3609 942 3678 munimentum.
987 3607 1083 3676 Unde
1114 3608 1156 3677 ad
1190 3606 1413 3679 blaubabeurn

275 3709 409 3776 dicitur:
436 3703 585 3797 „Accipe
612 3705 757 3792 gladium
786 3712 946 3798 sanetum,
973 3725 1093 3774 munus
1120 3706 1249 3800 adeo,
1282 3711 1316 3777 in
1346 3726 1413 3796 quo

275 3808 401 3876 deicies
428 3804 640 3875 adversarios
666 3805 782 3894 populi
808 3801 907 3874 mei.“
951 3806 993 3874 Et
1017 3807 1051 3873 in
1075 3805 1232 3876 chronica
1253 3807 1412 3876 Gotlridi:

371 3903 512 3996 „ludicii
539 3907 671 3990 signum
697 3903 828 3990 gladius
859 3911 1044 3973 monstrare
1070 3904 1211 3998 videtur,

398 4000 472 4083 Quo
498 4002 744 4071 malefactorum
774 4000 886 4071 lenitas
913 4020 1047 4072 cessare
1074 4001 1237 4073 iubetur.“

350 4101 431 4170 Cum
457 4103 557 4189 igitur
591 4104 680 4170 circa
710 4101 941 4170 Meinhardum
979 4102 1041 4170 bcc
1075 4105 1186 4172 omnio
1223 4110 1415 4194 agerentur,

312 4215 341 4282 l)
361 4219 461 4273 anteire
480 4219 545 4271 odor
562 4219 604 4271 ein
624 4219 757 4272 libulicbes
777 4224 844 4280 worl
867 4218 967 4272 sobeint
985 4233 1016 4270 zu
1035 4218 1129 4274 leblcn.
