3052 4878
451 211 567 258 urcounr
587 213 632 258 ur.
654 212 794 258 roruonr.
816 211 949 258 recurro.
1198 182 1267 252 103

128 350 265 441 tacturi,
293 367 359 438 que
385 350 434 420 eis
459 351 657 422 auctoritate
682 349 781 420 nobis
815 350 996 420 commissa
1023 347 1268 420 mandaremus.
1286 364 1349 420 terr

129 450 275 520 Predicti
309 467 425 520 omnes
458 451 639 540 miserunt,
666 449 816 537 exceptis
841 449 907 518 illis
934 448 976 518 de
1003 447 1119 516 Castro
1145 448 1266 540 Plebis,

129 567 225 637 quos.
251 549 404 617 Perusini
437 554 562 619 teuent.
596 546 721 618 Omnes
747 550 939 618 iuravemnt
964 547 1176 638 fidelitatem,
1203 565 1269 617 ex-

130 649 240 738 eeptis
267 647 333 716 illis
360 646 403 716 dc
427 648 539 735 Burgo
571 650 677 717 sancti
703 647 870 738 Sepulori,
898 649 954 735 qni
978 646 1139 736 petebant
1163 645 1268 716 indu-

128 748 201 816 cias
235 763 346 833 nsque
383 745 426 817 ad
459 765 628 838 mensem,
655 745 808 816 dicentes
835 746 926 834 quod
952 746 1040 814 bona
1067 762 1180 814 eorum
1205 763 1267 834 pro

127 846 246 917 maiori
271 849 366 934 parte
392 851 486 914 erant
510 847 596 915 inter
621 851 824 914 mercatores
850 845 1059 914 Florentinos
1078 850 1111 912 et
1130 845 1166 910 in
1184 844 1266 914 Plo·

128 946 239 1013 rentia
271 943 315 1013 ad
340 961 494 1033 presens.
529 944 625 1013 Unde
659 943 851 1014 dilationem
876 944 1036 1032 petebant
1061 942 1103 1011 ad
1129 943 1267 1011 recolli·-

129 1042 290 1133 gendmn,
316 1060 368 1111 ne
384 1043 564 1132 perderent
587 1043 747 1132 predicta
787 1043 838 1111 llli
864 1043 962 1111 ctiam
992 1041 1034 1112 de
1061 1040 1175 1110 Clusio
1200 1058 1267 1130 pe-

128 1142 248 1210 tebant
262 1140 464 1234 dilationem,
484 1143 575 1212 sirilli
591 1142 634 1211 de
657 1147 775 1212 saneto
791 1140 917 1210 Savino
936 1140 1027 1211 etde
1045 1140 1266 1230 Lucigniano,

128 1258 217 1328 quos
245 1236 417 1332 senenses
444 1241 612 1331 tenebant,
639 1240 797 1329 petebant
825 1239 1027 1308 dilationem.
1067 1238 1174 1308 Nullis
1200 1257 1267 1310 vo-

125 1340 251 1408 luimus
270 1338 369 1428 dere;
396 1340 459 1410 sed
480 1358 623 1427 magnos
644 1340 918 1410 comminationes
937 1341 986 1408 eis
1008 1337 1160 1429 lecimus,
1178 1336 1269 1425 quod

126 1437 308 1506 durissime
334 1443 449 1508 contra
474 1435 535 1510 eos
560 1438 837 1529 procederemus,
863 1439 929 1506 nisi
954 1439 1077 1508 nostris
1103 1436 1267 1506 mundatis

127 1536 317 1606 obedirent

201 1635 327 1705 Postea
349 1637 469 1706 ivimus
490 1635 650 1708 Aretium.
681 1637 733 1707 llli
754 1635 797 1706 ad
818 1640 932 1706 uotum
956 1632 1188 1704 obediverunt.
1218 1631 1269 1702 lbi

126 1735 318 1803 existentes
352 1737 525 1806 citavimus
559 1739 698 1806 comites
732 1735 775 1806 de
799 1735 990 1825 Mangone,
1018 1735 1075 1822 qui
1101 1738 1269 1802 morantur

125 1850 249 1902 versus
282 1833 488 1928 Bononiam,
523 1838 610 1906 inter
643 1852 732 1923 quos
765 1835 866 1922 aliqui
898 1839 976 1902 sunt
1001 1832 1141 1921 Guelphi
1168 1832 1272 1919 aliqui

127 1931 307 2023 Guibelini,
335 1936 474 2002 comites
501 1933 543 2004 de
564 1933 787 2024 Montedolio‚
810 1935 867 2021 qui
893 1949 1009 2001 omnes
1037 1937 1115 2001 sunt
1131 1931 1268 1999 Guebe-

125 2031 186 2099 lini
193 2084 204 2122 ,
238 2032 449 2102 marchiones
487 2033 601 2124 plures
645 2034 702 2121 qui
731 2036 817 2102 inter
850 2029 998 2100 Aretium
1035 2036 1068 2099 et
1099 2030 1270 2100 Perusiam

126 2136 316 2220 morantur,
351 2147 491 2220 quorum
525 2132 659 2221 quidam
685 2135 764 2200 sunt
789 2131 929 2219 Guelphi
955 2128 1148 2218 etquidem
1175 2129 1269 2197 Gue-

127 2227 242 2319 belini,
268 2227 496 2315 Hugutionem
514 2230 557 2300 de
571 2231 699 2322 laima,
714 2231 791 2299 illos
810 2229 853 2298 de
874 2230 980 2320 Pacis,
1001 2229 1077 2298 illos
1094 2228 1137 2297 de
1156 2228 1268 2295 Uber-

127 2328 181 2418 tis,
210 2327 288 2404 illos
315 2326 358 2398 de
383 2329 573 2399 Petramnla·
593 2336 628 2399 et
653 2329 864 2420 generaliter,
891 2345 1007 2398 omnes
1033 2333 1066 2395 et
1088 2326 1270 2414 quemlibet

126 2443 188 2514 per
215 2443 266 2517 se,
293 2429 349 2513 qui
376 2435 472 2498 erant
495 2429 626 2498 nobiles
651 2431 686 2497 in
710 2427 860 2496 districtu
881 2427 1084 2515 Florentino,
1111 2425 1266 2515 Senensi,

126 2521 269 2594 Aretino
287 2532 321 2594 et
339 2525 487 2598 Clusino.
523 2529 565 2597 Et
581 2527 683 2598 eredo
703 2526 795 2615 quod
811 2525 944 2594 luerunt
961 2525 1139 2613 plusquam
1165 2527 1268 2611 quin-

127 2625 234 2709 genti.
259 2623 343 2693 ltem
368 2628 471 2696 multa
496 2627 563 2696 alia
593 2632 703 2696 castra
728 2625 955 2715 particularia,
985 2621 1027 2692 de
1054 2623 1173 2709 quibus
1199 2639 1268 2691 uon

127 2721 298 2792 recordor.
336 2725 399 2794 Pro
431 2727 548 2794 maiori
579 2732 674 2816 parte
710 2741 830 2794 omnes
858 2724 914 2792 uel
940 2728 1105 2791 venerunt
1131 2727 1164 2790 et
1190 2726 1269 2789 tune

127 2821 333 2914 iuraverunt,
359 2823 414 2892 vel
434 2827 595 2895 miserunt
621 2833 655 2894 et
679 2830 758 2892 tunc
775 2826 830 2892 isti
850 2824 905 2891 vel
928 2824 1120 2891 iuraverunt
1136 2820 1267 2910 publice

127 2921 184 2988 vel
209 2921 351 2991 occulte.
375 2919 488 3012 Aliqui
506 2942 573 2994 non
594 2923 763 2992 audebant
786 2921 932 3013 publice,
958 2940 1036 3008 qma
1054 2922 1166 2988 statim
1179 2919 1268 2988 iuis-

127 3025 206 3088 scnt
231 3019 395 3089 destructi
420 3041 481 3111 per
505 3021 754 3112 inobedientes,
779 3038 854 3090 eum
871 3037 992 3089 ornnes
1014 3037 1085 3088 non
1108 3019 1269 3108 baberent

126 3118 204 3186 loca
228 3117 338 3188 lortia.
363 3121 404 3189 Et
428 3119 525 3214 iorte,
541 3120 632 3209 quod
647 3122 762 3191 verius
775 3119 819 3188 de
835 3119 988 3208 pluribus
1007 3118 1122 3209 crede,
1137 3119 1267 3207 publice

127 3217 292 3286 nolebant
316 3219 435 3311 iurare,
463 3239 537 3289 cum
569 3220 645 3288 salsi
672 3227 790 3288 essent
815 3226 849 3287 et
873 3220 906 3286 in
932 3217 1032 3286 corde
1058 3235 1120 3286 suo
1145 3217 1268 3285 inobe-

129 3314 275 3406 dientes,
304 3317 367 3386 sed
391 3320 545 3388 iurabant
570 3319 713 3410 coemto,
740 3336 783 3386 ne
811 3319 841 3386 si
867 3316 1020 3386 dominus
1043 3315 1268 3385 obedientiam

127 3413 268 3483 haberet
294 3418 462 3486 civitatum
485 3421 644 3488 maiorum
663 3424 696 3486 et
714 3434 912 3503 magnorum
933 3416 1149 3507 dominorum,
1178 3412 1269 3503 quod

127 3514 197 3601 ipsi
229 3519 371 3605 postca,
399 3518 427 3586 si
453 3535 521 3588 non
547 3519 735 3607 iurassent,
761 3515 1021 3584 destruerentur.
1066 3515 1269 3584 Generaliter

127 3619 247 3684 contra
273 3613 428 3707 rebelles,
455 3619 571 3705 etqui
603 3633 671 3684 non
696 3621 859 3684 venerant
883 3616 939 3684 vel
963 3615 1111 3700 legitime
1137 3630 1176 3681 se
1203 3630 1268 3680 err-

127 3718 350 3804 curaverant,
375 3716 550 3802 posuimus
582 3730 706 3800 graves
738 3731 843 3802 penas
870 3713 913 3782 ad
939 3719 1111 3782 terrorem.
1145 3711 1270 3779 Postea

125 3812 283 3880 venimus
309 3812 344 3878 in
371 3812 586 3884 castilionem
610 3811 793 3881 Aretinum.
819 3811 869 3880 lbi
889 3811 1111 3881 obediverunt
1135 3808 1179 3878 ad
1203 3826 1268 3877 vo-

128 3914 212 3998 tum,
238 3916 272 3978 et
296 3910 433 3980 multum
458 3931 523 3982 nos
549 3912 808 3982 honoraverunt.

206 4006 337 4078 Deinde
355 4012 508 4080 venimus
535 4011 714 4080 Cortonam
721 4061 732 4100 ,
754 4011 811 4097 qui
835 4009 971 4078 multum
988 4025 1053 4076 nos
1072 4007 1267 4077 honorave-

126 4111 220 4195 runt,
245 4106 307 4176 sed
333 4115 448 4198 aperte
473 4117 594 4180 vocato
619 4110 745 4200 populo
769 4111 877 4176 iurare
897 4107 1085 4197 noluerunt,
1110 4107 1191 4176 lieet
1206 4123 1268 4196 pcr

127 4203 309 4293 syndicum
334 4208 516 4280 iurassent>
536 4208 622 4290 Quin
647 4210 753 4298 primo
775 4223 835 4276 eos
860 4207 1045 4296 citavimus,
1072 4211 1106 4274 et
1124 4208 1159 4275 in
1176 4206 1266 4274 mul·-
