3052 4878
441 199 559 248 utconlu
580 201 624 247 rr.
646 200 786 248 ucrnonr.
807 201 940 254 nummo,
1187 172 1257 244 137

119 337 297 410 obedirent
304 361 313 428 3
339 345 459 428 postea
486 342 764 431 commissionem,
791 359 889 428 quam
907 343 1026 430 petivit
1047 337 1090 408 de
1116 341 1168 410 sui
1194 355 1340 412 (to-1313

118 441 307 529 remotione,
335 440 369 506 in
395 439 580 508 continenti
606 439 731 509 habuit.
773 439 846 507 ileo
871 441 982 509 omnia
1008 439 1146 528 lecistis,
1172 440 1257 508 utin

118 544 208 607 statu
235 537 349 606 debito
374 539 519 628 positus,
546 537 704 628 superbia
729 538 912 625 aliquorum
934 557 995 628 per
1010 556 1085 607 eum
1103 537 1257 608 refrena-

118 643 219 727 retur,
247 654 333 724 quos
349 637 414 704 iam
432 637 545 705 nullus
564 637 666 706 audet
686 644 825 724 tangere
846 645 982 727 propter
1008 655 1059 728 ea,
1087 656 1151 725 que
1170 636 1258 707 lacta

118 743 198 806 sunt
217 753 369 826 percos,
398 742 431 805 et
454 736 564 805 adbuc
585 742 729 826 possent
753 737 872 805 similia
890 743 924 805 et
940 739 1065 806 maiora
1085 735 1165 826 fieri,
1191 737 1257 804 nisi

118 842 239 904 essem
270 835 439 904 humiliati.
485 835 590 905 Modo
625 837 702 923 quia
733 834 865 905 fortuna
897 854 967 905 non
997 837 1107 904 arrisit
1133 834 1197 902 sibi
1222 837 1257 904 iu

118 934 226 1024 ltalia,
254 938 287 1002 et
313 936 402 1004 omni
430 933 483 1003 die
509 934 685 1002 timebatur
702 933 744 1002 de
769 940 857 1003 statu
874 952 947 1025 suo,
975 940 1010 1004 et
1024 936 1101 1021 quia
1118 950 1255 1024 pauper,

120 1041 153 1102 et
181 1035 260 1121 quia
285 1033 430 1102 infinitos
461 1033 590 1102 babens
618 1033 779 1124 rebelles,
807 1036 954 1122 oportuit
979 1033 1021 1102 de
1052 1033 1256 1102 necessitate

119 1132 211 1220 quod
245 1139 389 1202 vestram
421 1135 561 1220 gratiam
590 1131 631 1200 ab
659 1150 699 1201 eo
727 1132 959 1223 retraheretis,
992 1135 1145 1200 timentes
1171 1149 1256 1220 pro-

117 1232 282 1322 babiliter,
310 1231 400 1320 quod
416 1234 445 1300 si
461 1251 533 1300 oum
555 1237 668 1300 vestra
682 1233 791 1318 gratia
805 1233 839 1298 in
857 1231 1099 1321 displicentiam
1118 1231 1256 1300 aliorum

118 1330 281 1400 deficeret
306 1331 517 1421 simpliciter,
544 1331 599 1399 vel
626 1337 746 1398 statum
766 1329 922 1419 perderet
947 1331 1149 1420 aliqualiter,
1177 1330 1256 1416 quin

117 1430 216 1500 vobis
252 1434 285 1497 et
312 1430 457 1499 ecclesie
492 1448 534 1498 ex
559 1429 626 1499 hoc
650 1431 793 1498 maxima
819 1429 962 1519 dampna
988 1437 1021 1498 et
1046 1427 1257 1498 incommoda

118 1530 303 1597 evenirent
344 1528 441 1598 Unde
468 1527 601 1597 dicebat
627 1527 717 1616 quod
744 1532 854 1595 certus
881 1535 960 1619 erat,
989 1527 1124 1615 quodsi
1141 1544 1256 1612 regem

116 1626 296 1696 Robertum
323 1629 409 1696 iusta
437 1633 471 1695 et
496 1627 736 1696 rationabiliter
761 1626 859 1694 bonis
887 1626 1123 1716 temporalibus
1137 1629 1256 1714 priva-

117 1733 186 1794 tum
212 1731 350 1815 propter
377 1729 643 1796 commissionem
670 1727 812 1794 criminis
838 1726 911 1794 lese
937 1726 1121 1794 maiestatis
1148 1723 1255 1792 deca-

116 1828 241 1915 pitaret
272 1831 428 1913 unquam
455 1825 609 1915 dignum,
637 1823 728 1913 quod
745 1827 914 1893 sanctitati
939 1831 1051 1893 vestre
1079 1823 1255 1912 displicere

115 1943 184 1994 non
220 1923 377 2016 deberet,
413 1924 475 1993 sed
506 1925 659 2015 placere,
693 1930 727 1993 et
752 1925 863 1992 omnia
898 1941 963 2011 que
995 1929 1074 1992 sunt
1109 1923 1255 1991 ecclesie

115 2022 275 2113 Romane,
294 2023 452 2092 videlicet
468 2042 607 2110 regnum
625 2030 658 2092 et
674 2021 816 2110 quedam
836 2023 912 2107 alia,
930 2022 974 2091 ad
987 2040 1104 2092 manus
1123 2027 1255 2090 vestras

115 2123 220 2192 libere
247 2124 411 2212 recipere,
446 2128 479 2192 et
505 2123 562 2190 uni
585 2121 627 2190 de
653 2127 769 2190 vestro
796 2123 962 2209 sanguine
987 2123 1043 2192 vel
1069 2121 1162 2190 alteri
1187 2138 1255 2188 nc-

114 2221 170 2290 bili
198 2220 364 2312 conferre,
392 2221 434 2290 de
461 2240 528 2309 quo
554 2220 651 2290 vobis
682 2219 860 2289 videretur.

189 2321 288 2388 Pater
306 2323 439 2389 sancte!
467 2320 673 2390 Testimonin
695 2321 901 2388 conscientie
926 2337 998 2388 mee
1019 2319 1082 2387 alia
1109 2316 1152 2386 ad
1173 2333 1254 2405 pre-

115 2436 195 2488 sens
223 2421 341 2488 nescio
368 2420 530 2488 relatione
557 2419 670 2509 digua,
697 2420 762 2485 nisi
786 2418 876 2506 quod
896 2435 956 2506 per
979 2419 1119 2487 salutem
1146 2417 1254 2483 anime

114 2537 188 2586 mee
212 2518 311 2588 vobis
332 2518 419 2610 dico,
447 2518 537 2606 quod
558 2536 626 2586 non
645 2516 756 2607 oredo,
785 2517 876 2604 quod
894 2518 1013 2604 aliquis
1039 2519 1129 2584 vivat
1154 2513 1254 2582 hodie

114 2617 201 2685 inter
226 2619 397 2706 principes
423 2618 607 2707 seculares,
635 2618 691 2702 qui
709 2616 784 2704 plus
807 2615 913 2684 Deum
938 2615 1054 2702 diligat
1081 2621 1113 2682 et
1139 2611 1255 2679 ecole-

116 2717 200 2785 siam
212 2715 406 2808 Romanam,
418 2723 452 2786 et
468 2735 598 2787 omnem
613 2714 752 2804 probum
769 2717 884 2806 virum,
902 2732 999 2801 quam
1012 2716 1085 2804 ipse
1101 2709 1256 2782 iaciebat.

138 3166 394 3238 CHRONICON
415 3168 472 3238 DE
498 3168 684 3239 DUCIBUS
706 3165 936 3238 BAVARIAE.
964 3168 1054 3238 1311
1070 3169 1231 3240 -1372,

189 3397 307 3495 Anno
336 3426 470 3495 Domini
495 3426 650 3494 moccxi.
676 3425 830 3494 dominus
858 3421 936 3494 Otto
966 3442 1026 3493 rex
1052 3425 1197 3514 ngarie
1223 3433 1256 3496 et

113 3541 231 3594 comes
258 3525 429 3594 Palatinus
455 3522 538 3593 Remi
566 3531 600 3592 et
624 3525 693 3593 dux
717 3523 881 3593 inferioris
906 3524 1058 3615 Babarie,
1085 3525 1128 3593 de
1144 3528 1255 3614 capti-

110 3626 219 3692 vitate
242 3625 410 3712 Ungarica
436 3622 611 3692 salubriter
633 3623 792 3692 liberatus
820 3629 853 3691 et
878 3624 911 3690 in
936 3623 1111 3692 Babariam
1137 3642 1255 3692 rever-

109 3741 192 3811 sus,
230 3723 357 3791 invenit
397 3722 486 3810 quod
522 3721 627 3791 duces
659 3720 795 3790 Austrie
821 3722 942 3790 multas
969 3723 1098 3809 regioni
1124 3740 1186 3790 sue
1212 3721 1255 3790 de

110 3829 229 3890 castro
246 3822 442 3907 Newnburg
464 3822 637 3890 molestias
655 3827 804 3910 tempore
824 3839 886 3889 sue
913 3822 1113 3909 captivitatis
1136 3825 1169 3888 et
1190 3821 1255 3888 ab·

112 3922 229 3990 sentio
253 3922 444 3989 intulerunt.
487 3919 583 3989 Unde
604 3922 737 3989 nimium
755 3921 858 3988 iratus
886 3937 963 3988 mox
981 3921 1089 4006 ipsum
1112 3925 1342 4002 castrum1309

110 4039 174 4107 per
201 4020 260 4086 xix
278 4019 482 4089 ebdomadas
503 4021 537 4087 iu
562 4021 743 4107 asperrima
768 4019 888 4106 hyeme
915 4017 1057 4108 obsedit,
1086 4023 1119 4086 et
1145 4035 1256 4108 expu-
1302 4017 1306 4080 Ι

112 4125 259 4206 gnatum
285 4118 461 4208 dissipavit
485 4121 618 4207 penitus
640 4126 673 4186 et
698 4117 872 4186 destruxit.
914 4115 951 4183 ln
970 4118 1044 4204 ipso
1063 4123 1172 4186 autem
1189 4119 1256 4187 ob·
1273 4084 1341 4138 ¹³¹⁰

114 4217 263 4287 sidiomis
289 4219 383 4286 initio
408 4214 629 4310 Australibus,
662 4219 717 4306 qui
744 4236 785 4285 ex
813 4216 969 4304 opposito
997 4233 1097 4305 super
1123 4216 1255 4288 lluvium
