3096 4882
262 192 332 261 198
593 222 696 267 narare
717 221 852 266 nunrurcs
873 221 925 266 nas
946 222 1059 267 narrar.

259 361 384 450 labant,
411 359 585 450 iacientes
614 368 745 428 etcum
772 359 882 428 cordis
909 358 1125 428 amaritudine
1151 363 1393 450 proponentes,

261 460 353 548 quod
377 461 441 526 nisi
463 459 592 546 absque
613 477 776 547 processu
803 458 999 544 retrogrado
1019 460 1054 525 in
1071 459 1199 528 ltaliam
1222 459 1393 548 procede-

260 576 370 628 remus
398 559 439 627 ad
465 558 673 626 liberandum
700 575 760 625 eos
789 566 821 625 et
847 575 969 626 nomen
995 559 1122 645 imperii
1149 558 1392 649 sustinendum,

261 657 352 746 quod
371 675 413 726 ex
433 659 498 726 hoc
519 675 607 724 nunc
626 659 854 725 renuntiarent
869 656 947 724 tidei
966 656 1084 748 eidem,
1113 665 1145 725 et
1162 657 1251 746 quod
1268 657 1310 726 de
1325 675 1394 724 ne-

261 759 429 847 cessitate,
458 757 599 824 naturali
621 756 754 825 domino
776 758 903 845 relicto,
931 758 1024 844 ipsos
1043 773 1080 825 se
1101 763 1269 846 oporteret
1285 775 1391 845 pere-

260 859 355 944 grine
378 857 582 925 committere
607 856 770 946 servituti,
797 857 831 923 in
852 873 920 923 non
941 855 1106 924 modicum
1120 863 1281 947 nostrum,
1298 857 1394 944 prin-

260 958 368 1044 cipum
393 956 582 1044 electorum,
610 954 729 1024 domus
754 960 868 1023 nostre
885 947 1046 1022 Bavarie1
1066 960 1099 1023 et
1124 957 1226 1024 totius
1249 956 1395 1023 nationis

259 1052 456 1123 Alemannie
491 1054 704 1143 obprobrium
737 1060 771 1122 et
804 1052 1038 1122 verecundiam
1070 1055 1325 1145 perhennalem,
1361 1059 1396 1121 ot

261 1155 339 1241 quia
375 1153 535 1241 deinceps
570 1153 658 1240 apud
692 1153 799 1220 Deum
825 1159 858 1221 et
884 1153 1035 1221 homines
1067 1152 1108 1221 de
1141 1154 1206 1222 hoc
1232 1153 1395 1222 deberent

260 1254 366 1320 teneri
387 1251 431 1341 in:
441 1257 636 1341 perpetuum
661 1254 820 1319 excusati.
861 1251 932 1320 Nos
955 1270 1035 1321 vero
1058 1251 1109 1320 his
1130 1253 1250 1321 auditis
1272 1253 1393 1342 multiS,

260 1368 325 1439 que
359 1368 422 1418 nos
450 1354 534 1418 sicut
565 1351 638 1420 Deo
664 1353 789 1440 placuit
815 1353 1014 1441 tetigerunt,
1043 1351 1302 1420 adversitatibus
1329 1370 1393 1419 su-

258 1451 403 1540 peratis,
437 1469 480 1518 ne
506 1453 629 1519 nostris
656 1450 859 1539 temporrbus
891 1468 1037 1539 persone
1065 1455 1098 1517 et
1123 1451 1242 1519 domus
1275 1456 1390 1518 nostre

257 1550 399 1618 Bavarie
432 1568 471 1617 ao
497 1551 600 1618 totius
628 1551 832 1638 Theutonie,
861 1556 895 1617 et
921 1548 1110 1637 specialiter
1140 1569 1182 1618 ne
1203 1553 1275 1618 iura
1295 1551 1394 1639 prin-

259 1651 368 1738 cipum
392 1647 574 1717 Romanum
595 1652 775 1739 principem
802 1649 1011 1739 eligentium,
1039 1647 1081 1715 de
1107 1667 1245 1737 quorum
1265 1667 1395 1737 propa-

258 1751 338 1834 gine
365 1754 399 1815 et
423 1766 487 1816 nos
513 1751 751 1838 processimus
780 1754 813 1815 et
838 1751 871 1815 in
900 1765 1037 1837 quorum
1058 1749 1157 1816 etiam
1182 1767 1256 1816 cum
1277 1753 1396 1816 nostra

257 1849 455 1934 posteritate
473 1865 610 1915 numero
632 1866 756 1937 sumuS,
784 1849 835 1914 sic
860 1846 1112 1937 dampnabiliter
1126 1848 1394 1937 absorberentur,

260 1951 293 2012 et
324 1964 386 2033 per
420 1946 616 2014 indirectum
651 1952 893 2035 occuparentur
918 1965 979 2036 per
1004 1947 1158 2014 nationes
1185 1948 1313 2014 alienas
1322 1999 1332 2036 ,
1361 1952 1395 2014 et

258 2043 450 2131 frequenter
463 2048 655 2113 antecessui
671 2043 891 2114 Alemannico
906 2044 1105 2134 invidentes,
1121 2064 1262 2132 regnum
1281 2044 1397 2113 mundi

257 2143 359 2210 multo
377 2161 547 2228 generoso
566 2141 823 2212 Alamannorum
847 2148 1012 2231 sanguine
1032 2146 1230 2231 acquisitum
1248 2144 1292 2212 ad
1310 2161 1398 2212 eos-

259 2241 333 2310 dem
356 2242 576 2311 deduceretur
592 2250 725 2312 exteros
746 2252 780 2312 et
799 2250 968 2332 raptores:
996 2243 1038 2311 de
1057 2244 1199 2312 consilio
1216 2261 1398 2333 procerum

259 2347 293 2409 et
317 2343 514 2431 sapientum,
545 2349 622 2410 ante
649 2345 731 2412 mori
760 2362 857 2430 quam
882 2347 994 2412 vivere
1015 2350 1048 2410 et
1073 2343 1169 2411 huius
1196 2348 1399 2430 exspectare

258 2443 459 2528 improperia
485 2443 638 2528 eligimus
646 2463 656 2532 ,
690 2442 778 2509 illius
805 2442 1032 2512 misericordie
1059 2459 1123 2510 nos
1150 2444 1397 2511 committentes

258 2558 317 2628 per
352 2559 449 2628 quem
485 2559 584 2627 reges
619 2548 762 2628 regnant
795 2547 828 2609 et
859 2544 1026 2631 principes
1062 2540 1271 2609 dominantur
1301 2543 1398 2610 etin

259 2641 351 2707 ouius
386 2640 537 2708 manibus
572 2658 628 2709 cor
660 2647 809 2709 nostrum
844 2647 915 2731 est,
942 2640 1099 2709 videlicet
1132 2640 1256 2708 domini
1287 2642 1399 2708 nostri

260 2737 338 2805 lesu
366 2737 501 2829 Christi,
538 2739 581 2806 ad
606 2739 740 2807 laudem
765 2746 799 2806 et
823 2739 983 2807 honorem
1013 2741 1119 2826 ipsius
1146 2739 1208 2806 Dei
1234 2741 1399 2826 omnipo-

258 2839 358 2903 tentis
387 2842 421 2904 et
445 2838 617 2905 beatorum
643 2838 868 2926 apostolorum
895 2839 983 2906 Petri
1009 2843 1043 2905 et
1069 2837 1179 2928 Pauli,
1207 2855 1247 2904 ao
1275 2843 1398 2906 sancte

258 2937 371 3001 matris
388 2942 503 3003 nostre
528 2937 671 3004 ecclesie
692 2935 851 3027 Romane,
877 2946 1075 3006 nontamen
1094 2938 1158 3004 iam
1176 2936 1397 3027 presidentis,

259 3032 359 3100 etad
389 3034 624 3103 exaltrdmnem
650 3037 757 3104 nostri
782 3037 945 3127 nominis,
971 3039 1234 3126 perpetuumque
1261 3053 1301 3102 ac
1327 3034 1399 3104 de-

259 3130 436 3200 siderabile
454 3133 661 3202 commodum
676 3136 819 3202 omnium
835 3134 980 3203 fidelium
999 3135 1185 3223 amicorum,
1208 3133 1251 3202 ad
1271 3138 1400 3203 statum

257 3232 386 3319 imperii
411 3250 470 3319 pro
496 3234 621 3302 viribus
640 3233 908 3301 conservandum
925 3233 1171 3324 descendimus,
1199 3239 1233 3300 et
1259 3231 1300 3300 ad
1327 3235 1401 3300 im-

257 3329 396 3418 perialia
432 3329 622 3400 'diademata
661 3331 875 3401 assumenda.
932 3332 1141 3422 Quapropter
1182 3331 1400 3400 dilectionem

259 3435 348 3496 tuam
375 3446 417 3496 ex
440 3431 554 3498 intimo
582 3432 703 3500 allecta
729 3432 791 3498 sub
818 3432 1013 3520 planissima
1040 3431 1161 3499 fiducia
1192 3433 1398 3519 requirimus

259 3534 293 3596 et
318 3529 502 3619 hortamur,
535 3528 580 3597 ad
604 3529 793 3598 huiusmodi
826 3537 975 3599 nostrum
1001 3521 1229 3620 propositum²
1253 3530 1401 3598 feliciter

259 3626 507 3715 assequendum
543 3634 633 3697 tuum
662 3632 697 3696 in
734 3647 880 3717 persona
913 3634 1063 3720 propria,
1097 3630 1150 3697 vel
1182 3629 1299 3698 saltem
1332 3647 1402 3716 per

258 3732 429 3814 potentem
456 3733 490 3795 et
513 3735 663 3816 paratum
680 3734 770 3796 tuum
795 3730 988 3820 exercitum,
1017 3731 1170 3798 celeriter
1192 3727 1289 3796 nobis
1303 3745 1401 3795 oon—

258 3823 347 3894 leras
380 3829 552 3918 iuramen,
587 3844 712 3896 memor
747 3827 837 3914 quod
876 3827 919 3896 ad
951 3829 1017 3896 hoc
1046 3846 1110 3896 nos
1150 3845 1283 3916 semper
1316 3826 1402 3894 sol-

258 3923 414 4016 licitasti,
451 3925 609 4014 quodque
647 3927 744 3995 nobis
786 3928 820 3996 in
853 3927 982 3994 ltaliam
1015 3927 1159 4015 obsequi
1191 3926 1401 4018 promisisti,

259 4024 337 4107 quia
363 4025 471 4093 honor
496 4032 572 4094 tuns
599 4044 638 4094 ac
656 4027 721 4094 srlie
739 4031 804 4115 tue,
833 4026 1037 4095 conthoralis
1062 4031 1177 4094 nostre
1202 4025 1402 4116 karissime,

258 4128 435 4209 propterea
452 4126 694 4211 gloriosissime
717 4125 921 4216 sublimatur,
948 4144 1016 4194 non
1043 4127 1150 4193 minus
1178 4126 1274 4192 etiam
1301 4125 1403 4211 quod

294 4250 324 4315 1)
343 4263 372 4302 sc
382 4251 544 4308 vermuthele
558 4253 638 4308 schcn
647 4254 793 4310 Matthaeus
809 4260 870 4310 statt
880 4255 1002 4310 Rarcnie.
1022 4255 1053 4321 2)
1067 4255 1226 4324 prepositum
1238 4250 1405 4306 Matthaeus.
