3096 4882
510 201 578 249 vrrs
599 204 708 250 aaroni
729 203 836 260 carnari
849 205 917 251 1111.
1209 179 1280 251 237

146 340 277 430 prolixe
303 339 474 431 agebatur,
503 346 536 409 et
561 344 879 412 communicaveram
906 346 940 414 in
967 345 1103 437 eadem,
1131 352 1164 415 ct
1190 349 1361 419 noluirset

146 437 324 508 comedere
360 445 438 509 anto
472 442 618 511 missam.
666 441 746 510 Cum
780 449 889 512 autem
925 446 1004 512 irem
1039 445 1081 513 ad
1106 447 1281 536 prandium

146 537 269 610 dictum
291 538 352 608 luit
372 540 482 631 michi,
511 540 600 627 quod
624 539 745 610 familia
771 560 845 610 mea
870 543 979 612 subito
1001 545 1036 611 in
1061 545 1282 616 infirmitatem

144 633 339 729 ceciderit1,
374 644 408 706 et
433 640 623 728 specialiter
648 640 694 708 illi
722 643 777 727 qni
811 647 888 710 ante
917 641 1091 730 prandium
1117 646 1281 715 comedo·-

145 742 229 806 rant.
275 738 349 824 Ego
385 746 495 806 autem
528 738 663 807 sedens¹
688 741 722 808 iu
756 757 873 808 mensa
907 741 1082 810 comedere
1110 746 1219 836 nolui,
1248 749 1282 814 et

145 855 277 906 oramus
305 855 420 905 omnes
441 839 555 906 territi.
593 838 636 906 llt
654 839 704 906 sic
722 841 900 929 aspiciens,
927 840 996 908 vidi
1016 841 1183 912 bominum
1200 845 1280 932 pul-

144 935 257 1004 chrum
277 943 310 1003 et
327 937 459 1026 agilem,
476 955 573 1024 quem
590 954 658 1006 non
675 940 832 1024 cognovi,
848 939 904 1025 qui
922 939 1156 1010 deambulabat
1170 961 1281 1012 comm

143 1053 261 1104 mensa
279 1035 412 1121 fingens
433 1053 470 1104 se
489 1043 625 1105 mutum.
666 1036 717 1104 lle
736 1055 802 1124 quo
827 1037 939 1106 habita
963 1040 1156 1128 suspicione
1172 1044 1281 1130 ipsum

144 1135 313 1222 captivare
336 1135 409 1203 leci.
436 1133 499 1215 Qui
524 1141 602 1224 post
628 1136 728 1203 multa
754 1142 918 1204 tormenta
939 1140 1045 1206 tercia
1068 1139 1121 1208 die
1147 1141 1280 1210 locutus

146 1240 209 1324 est,
237 1240 271 1301 et
293 1232 472 1302 consessus
493 1233 563 1326 luit,
592 1234 682 1323 quod
700 1239 773 1324 ipsc
794 1237 827 1302 in
850 1229 1016 1323 coquina²
1034 1237 1167 1308 cibariis
1187 1241 1280 1309 toxi-

144 1350 218 1400 cum
244 1335 424 1401 immiserat
450 1333 492 1402 dc
518 1336 613 1403 iussu
640 1340 673 1402 et
698 1337 940 1423 procuracione
957 1330 1280 1408 Azonis³'Viocco-

143 1433 232 1500 mitis
260 1431 535 1502 Mediolanensis.
579 1433 629 1501 De
652 1434 709 1502 illo
729 1439 838 1502 autem
862 1436 973 1503 toxico
995 1434 1126 1505 lucmnt
1143 1440 1280 1506 mortui:

142 1531 310 1600 lebannes
329 1531 483 1600 dominus
503 1532 545 1601 de
563 1533 672 1619 Berge
698 1535 859 1619 magister
886 1536 975 1601 curie
1001 1553 1084 1626 mee,
1112 1535 1279 1606 lebannes

141 1629 184 1698 de
209 1629 383 1720 Honlririn,
411 1630 537 1719 Symon
554 1631 595 1699 de
617 1632 734 1723 Keyla,
762 1633 817 1719 qui
833 1631 1045 1701 deserviebat
1062 1652 1179 1703 mense
1193 1653 1279 1723 mee,

142 1734 177 1798 et
195 1730 420 1818 quamplures
438 1731 503 1799 alii.
555 1731 628 1817 Ego
656 1739 764 1800 autem
791 1732 964 1799 manebam
989 1732 1046 1802 illo
1073 1739 1220 1821 tempore
1244 1736 1279 1802 in

140 1831 346 1898 monasterio
365 1831 472 1898 sancti
489 1826 668 1916 Augustini
687 1831 742 1898 ubi
761 1848 882 1918 corpus
901 1849 996 1899 suum
1011 1834 1098 1900 iacet
1114 1834 1147 1899 in
1166 1833 1277 1924 Papia,

141 1927 279 2015 dequo
313 1931 518 1997 monasterio
554 1929 726 2018 expulerat
750 1929 942 1999 Lndovious
978 1930 1020 1998 de
1046 1932 1186 2000 Bavaria
1213 1932 1279 2001 ab·

138 2025 249 2096 batem
278 2032 312 2094 et
337 2030 519 2096 canonicos
546 2029 720 2114 regulares
745 2030 832 2097 illius
853 2032 1057 2100 monasterii.
1098 2029 1191 2111 Quos
1212 2049 1278 2118 ego

139 2143 304 2195 revocans
330 2129 363 2194 in
391 2126 573 2216 predictum
600 2130 834 2196 monasterium
860 2128 1041 2197 introduxi.
1084 2127 1181 2212 Quod
1201 2148 1278 2200 mo-

139 2226 321 2293 nasterium
348 2232 427 2314 post
453 2227 577 2294 obitum
603 2227 731 2295 illorum
759 2227 893 2295 fratrum
916 2247 1004 2316 papa
1019 2228 1186 2297 lohannes
1202 2225 1279 2299 Au-

140 2325 407 2416 gustincnsibus,
435 2343 572 2412 quorum
591 2324 673 2394 ordo
697 2325 859 2394 hodierna
885 2325 938 2393 die
964 2327 1125 2416 possidet,
1154 2334 1279 2397 contu·-

140 2424 187 2514 lit‚
215 2422 406 2491 dominante
422 2429 517 2511 patre
538 2441 623 2514 meo,
652 2425 770 2512 quibus
792 2431 885 2512 pater
910 2443 1003 2493 meus
1025 2430 1278 2513 possessionem

140 2520 286 2590 tradidit.
335 2521 464 2590 Deinde
496 2523 541 2589 ivi
568 2522 611 2590 ad
643 2529 771 2612 patrem
805 2541 912 2592 meum
942 2525 976 2591 in
1003 2526 1166 2592 civitatem
1193 2527 1277 2595 Par-

140 2638 301 2710 mensem,
330 2627 364 2688 et
389 2639 478 2689 eram
504 2623 630 2689 intrans
656 2640 778 2690 annum
805 2628 933 2691 sentum
960 2622 1132 2692 decimum.
1182 2624 1278 2692 Pater

140 2727 251 2788 autem
283 2737 376 2788 meus
407 2722 570 2789 commisit
594 2723 744 2807 regimen
771 2723 915 2789 omnium
940 2721 1069 2791 illomm
1096 2728 1130 2790 ct
1155 2725 1278 2791 tuicio-

140 2837 216 2888 nem
237 2821 301 2886 mei
321 2818 454 2888 domino
471 2818 644 2889 Ludovico
670 2820 712 2888 dc
734 2821 907 2888 comitibus
927 2820 1105 2912 sabaudie,
1133 2823 1280 2909 quierat

142 2936 241 2988 socer
273 2914 400 2987 Azouis
427 2918 639 2988 vicecomitis
675 2923 709 2987 et
742 2920 975 3006 gubernatoris
1003 2920 1277 2990 Mediolanensis.

138 3016 317 3086 Recedens
350 3017 393 3086 de
419 3017 535 3088 Parma
565 3021 625 3086 ivit
656 3020 691 3086 in
724 3019 913 3109 Frondem,
951 3025 985 3087 et
1016 3019 1151 3088 tradidit
1180 3021 1278 3089 liliam

139 3135 234 3186 suam
249 3116 560 3207 secundogenitam‚
588 3135 738 3186 sororem
759 3135 877 3208 meam,
903 3119 1037 3187 nomine
1062 3119 1190 3209 Gutum,
1217 3119 1278 3189 lo-

139 3215 242 3284 banni
276 3215 343 3284 lilio
375 3218 598 3306 primogenito
625 3217 765 3306 Philippi
791 3220 881 3304 regis
906 3217 1054 3288 Francie.
1101 3219 1278 3306 Primogo-

137 3317 242 3383 mitam
270 3321 379 3382 autem
405 3314 629 3402 Margaretam
660 3315 805 3384 babebat
831 3317 1006 3384 Heinricus
1034 3317 1101 3386 dux
1126 3318 1277 3387 Bavarie.

216 3415 381 3503 Tempore
398 3415 453 3484 illo
475 3433 541 3503 qrro
562 3433 784 3484 remanseram
800 3434 873 3483 cum
893 3415 981 3483 dicto
1006 3416 1141 3485 domino
1157 3417 1277 3486 Ludo·
1336 3493 1338 3500 ,

135 3516 215 3582 vico
242 3512 286 3582 de
313 3512 482 3582 Sabaudia
507 3516 541 3582 in
568 3515 688 3604 Ytalia,
715 3513 866 3583 lecerunt
889 3515 991 3600 ligam
1012 3522 1143 3584 secrete
1162 3521 1277 3584 contra

137 3619 243 3682 meet
268 3619 394 3702 patrem
421 3632 547 3681 mcum:
574 3612 739 3682 Robertus
755 3633 815 3683 rex
835 3611 967 3705 Apulie,
993 3615 1185 3703 Florentini,
1213 3613 1277 3680 Vi-

139 3729 297 3781 oecomes
324 3709 414 3781 Acro
442 3712 645 3799 gubernator
669 3713 946 3803 Mediolanensis,
974 3714 1178 3800 gubernator
1202 3711 1277 3780 Ve-

140 3813 298 3881 ronensis
333 3813 389 3899 qui
425 3817 572 3900 tempore
611 3813 669 3881 illo
705 3813 841 3881 tenebat
875 3812 1037 3904 Paduam,
1073 3812 1275 3902 lrcvisium,

137 3911 367 4002 Vincenoiam,
394 3911 598 3980 Feltrensem
618 3918 650 3981 et
669 3912 893 3981 Belunensem
914 3914 1076 4001 civitates,
1104 3910 1276 3997 guberna·
1378 3963 1379 3966 ,

139 4017 193 4079 tor
218 4008 422 4078 Mantuanus
450 4013 506 4098 qui
532 4017 610 4079 ante
636 4011 733 4080 nobis
759 4014 955 4101 promiserat
979 4010 1180 4100 fidelitatem,
1208 4010 1276 4078 ie-

175 4163 207 4228 1)
226 4161 355 4216 ceciderat
374 4162 448 4216 bein.
499 4163 530 4228 2)
550 4164 635 4218 culina
653 4163 727 4218 llein.
775 4163 806 4228 3)
825 4161 861 4214 So
879 4160 951 4215 liein.
981 4160 1085 4215 Luccmi
1104 4160 1141 4213 bs.
1171 4159 1277 4214 beness.

139 4230 238 4299 spncm
256 4229 354 4286 bierbei
372 4245 424 4285 von
441 4231 560 4296 belinus.
