3096 4882
452 227 516 273 nne.
536 227 660 276 numam
680 225 843 274 nuncvreus
864 226 929 273 unu.
1186 195 1256 270 18⁷

123 372 235 437 netam
250 365 474 435 marchionem
492 371 526 434 et
537 364 774 454 Baylardiuum
786 364 828 434 de
838 365 1017 452 Nogarolis
1029 362 1164 435 iniende
1172 365 1259 435 inter
1276 376 1343 432 tans

121 465 328 536 Ludevicum
361 465 526 534 Bavarum
560 471 594 534 et
623 462 774 534 Ancncm
806 465 1045 534 vicecomitem
1077 463 1259 534 concordie

36 584 38 592 ·
123 564 253 658 medies
289 566 423 632 mittens
456 569 490 632 et
519 565 689 632 remittens
696 585 705 652 5
740 569 893 654 preterea
928 569 960 632 et
993 562 1192 633 Parmenses
1219 580 1260 632 ao

122 662 273 750 Reginos
289 663 441 732 consiliis
463 668 497 732 et
513 662 729 732 hortamentis
751 663 898 732 assiduis
916 661 1046 732 levens.
1083 661 1259 750 Frequenss

122 771 174 832 ter
200 761 364 849 siquidem
388 761 574 830 Marsilium
600 761 641 832 de
669 760 816 830 Carraria
841 760 1044 851 Paduanum,
1070 760 1260 830 Rubeorum

122 863 351 932 Parmensium
377 863 680 950 consanguineum,
708 860 751 929 ad
772 879 833 930 eos
859 858 1069 930 roborandos
1096 861 1258 950 dirigens,

122 960 366 1046 rebellioniquc
399 960 544 1029 ecclesie
571 962 775 1029 coanimans.
821 960 933 1028 Semel
965 976 1099 1047 quoque
1125 959 1350 1047 quidemrnnr.

123 1061 213 1130 circa
245 1060 380 1126 martias
406 1059 472 1128 kal.
498 1062 646 1127 evocatis
672 1058 839 1128 Paduanis
866 1065 900 1128 et
924 1057 1147 1146 undecunque
1173 1057 1260 1128 sub·
1303 1034 1317 1086 ¹

124 1157 201 1228 ditis
235 1157 371 1226 Verona
405 1174 566 1244 egressus
592 1158 763 1226 Mantuam
789 1175 908 1226 versus
935 1159 1034 1248 exiit,
1060 1175 1261 1246 quamquam

124 1275 167 1326 ea
192 1255 259 1345 die,
286 1274 386 1324 verso
413 1273 584 1325 excausa
610 1275 679 1326 non
703 1257 856 1326 omnibus
882 1263 963 1325 nota
987 1258 1174 1347 proposito,
1200 1274 1261 1325 re-

123 1356 218 1446 diret,
245 1354 460 1444 plurimisque
482 1354 600 1424 diebus
618 1358 652 1425 in
673 1355 809 1425 Verona
824 1355 971 1444 presidia
997 1356 1133 1424 militum
1161 1356 1261 1442 equi-

123 1461 261 1542 tumque
295 1455 330 1522 in
357 1456 454 1523 armis
481 1457 603 1545 tenuit,
630 1454 708 1523 belli
734 1456 769 1522 in
796 1473 1026 1542 quamcunque
1052 1461 1178 1543 partem
1203 1455 1261 1522 in·-

123 1552 255 1624 lerendi
281 1555 381 1639 signa
407 1553 522 1623 edens.
564 1552 625 1623 Cui
650 1561 684 1623 et
703 1553 896 1622 Ludevicus
917 1553 959 1624 de
979 1554 1140 1640 Gcnzaga
1156 1553 1262 1621 Man·-

122 1660 302 1724 tnanorum
335 1651 488 1722 domiuus
524 1671 584 1741 per
619 1655 730 1722 omnia
762 1651 929 1722 adherens
967 1653 1187 1743 inserviebat,
1211 1651 1261 1720 uti

124 1752 309 1822 dominium
336 1752 451 1820 occiso
478 1751 657 1820 Passarino
684 1750 726 1819 ab
752 1752 808 1820 illo
835 1767 1101 1838 recognoscens.

195 1852 315 1920 Estote
339 1851 374 1919 in
392 1851 456 1918 hac
474 1851 608 1936 legatus
635 1852 670 1918 in
686 1856 778 1919 tanto
801 1850 932 1921 icrtune
951 1869 1033 1921 casu
1050 1849 1162 1919 omnia
1181 1847 1260 1915 bel-

119 1951 186 2019 lica
211 1966 331 2039 parare
356 1950 539 2041 instruere,
572 1950 705 2018 navalia
731 1950 830 2018 etiam
856 1966 956 2040 vasa,
989 1950 1105 2036 galeas
1132 1947 1262 2014 seilicet

121 2049 207 2118 duas
234 2048 387 2116 Bononie
415 2047 593 2118 fabricatas
600 2103 610 2140 ,
643 2050 774 2135 aliaque
800 2051 937 2135 navigia
963 2049 1113 2116 tabulata
1136 2046 1260 2115 Ferra-

120 2151 203 2217 riam
231 2147 358 2214 traduci
383 2145 529 2239 iaciens,
555 2149 732 2236 pararique
763 2151 932 2217 onerarias
959 2147 1166 2217 diversorum
1193 2161 1261 2231 ge-

120 2265 242 2316 nerum
273 2252 374 2317 rates.
421 2245 473 2315 Ab
500 2247 614 2316 unicis
640 2246 780 2314 Venetis
815 2253 881 2316 tres
915 2247 1033 2334 galeas
1066 2244 1260 2334 postulavit,

118 2363 206 2416 vasa
233 2346 362 2414 scilicet
387 2344 550 2415 duntaxat
576 2351 609 2414 et
635 2347 847 2436 armamenta,
875 2362 939 2433 que
960 2344 1129 2414 conductu
1148 2349 1181 2410 et
1199 2343 1262 2410 sti-

118 2445 249 2536 pendio
276 2444 420 2514 ecclesie
446 2451 547 2515 naute
575 2449 608 2512 et
633 2444 814 2513 bellatores
841 2444 883 2513 ad
909 2444 1014 2532 prelia
1040 2443 1204 2511 luleirent.

196 2542 391 2613 Ludevicus
416 2549 526 2612 autern
548 2543 696 2612 Bavarus
723 2561 782 2631 per
803 2544 953 2612 colonias
975 2541 1159 2610 Mediolani
1178 2556 1262 2628 per-

117 2649 287 2732 vagatus,
322 2642 400 2711 binc
433 2648 534 2729 atque
572 2642 650 2710 binc
683 2648 793 2710 castra
825 2641 1033 2729 frequentius
1058 2638 1261 2728 immutabat,

117 2742 213 2810 unde
241 2742 414 2829 copiosius
449 2747 515 2810 tam
544 2741 623 2810 viris
650 2760 749 2830 quam
774 2742 890 2811 bestiis
917 2740 1074 2809 alimonia
1101 2742 1263 2826 suppete-

117 2847 208 2910 rent
251 2839 371 2908 Paucis
399 2846 518 2931 autem,
546 2846 581 2909 et
598 2842 663 2909 iam
681 2841 751 2910 iere
768 2842 867 2910 nullis
885 2849 997 2929 preter
1014 2838 1137 2907 Canem
1156 2836 1263 2904 Gran-

117 2939 199 3009 dem
225 2938 350 3008 italicis
376 2940 582 3028 principibus
609 2946 665 3009 aut
689 2942 822 3030 popidis
845 2940 1004 3027 sutfragia
1025 2935 1263 3027 prestantibus,

116 3039 266 3127 ipseque
293 3036 412 3129 Canis,
448 3057 491 3107 ne
516 3038 631 3124 legato
659 3057 736 3108 sese
769 3041 901 3109 hostem
926 3037 1134 3107 manifestius
1160 3039 1263 3124 pate-

116 3137 260 3226 laceret,
287 3136 429 3227 modica,
456 3143 666 3225 preterquam
684 3137 726 3206 de
749 3138 992 3209 summittendis
1016 3154 1060 3205 ex
1084 3136 1155 3203 suis
1174 3152 1263 3202 eon-

116 3235 357 3306 tubernalibus
384 3254 446 3323 pro
471 3253 556 3324 pace
582 3238 800 3324 interipsum
827 3244 860 3306 et
884 3236 1160 3306 Mediolanenses
1188 3238 1261 3301 tra-

114 3334 263 3424 ctanda,
298 3334 449 3403 subsidia
483 3328 666 3423 prestabat
716 3335 837 3424 Sieqne
863 3335 1054 3404 Ludevicus
1084 3333 1262 3403 exinanitis

112 3432 261 3504 aliunde
287 3451 387 3520 quarn
414 3451 550 3502 suorum
577 3434 813 3503 Germanorum
839 3434 965 3503 viribus
992 3451 1072 3520 egre
1099 3450 1137 3502 sc
1163 3432 1263 3499 ineis

109 3531 360 3619 Longobardie
386 3533 507 3600 linibus
535 3533 737 3602 continebat.
778 3534 914 3622 lamque
936 3551 1023 3623 pene
1050 3535 1083 3600 in
1100 3529 1264 3599 Alcman-

110 3636 212 3702 niam
237 3636 486 3700 retrocessurus
509 3632 551 3700 ab
577 3631 811 3718 Longobardis
837 3634 991 3702 omnibus
1010 3631 1134 3701 Italicis
1162 3632 1265 3717 puta·

113 3733 234 3804 batur.

194 3830 337 3900 Debeo
363 3835 473 3899 autem
497 3830 671 3900 Ludevicc
684 3882 695 3920 ,
723 3847 781 3897 cur
807 3830 956 3899 nondum
982 3829 1090 3916 ipsum
1116 3842 1266 3894 cesarem

112 3936 178 4001 aut
197 3930 435 4017 imperatorem
450 3931 692 4019 vocaverimus,
720 3922 934 4017 depromere¹
956 3945 1025 3996 ncn
1044 3929 1266 4011 incongruum

110 4035 293 4121 putamus.
318 4029 407 4097 Vere
426 4028 560 4116 quidem
580 4029 779 4097 electionem
796 4029 990 4118 primitivam
1012 4024 1266 4112 averisimperii

112 4127 329 4200 electoribus
345 4129 429 4196 satis
446 4127 602 4196 idoneam
618 4126 714 4196 lateri
732 4144 800 4196 non
815 4126 1036 4216 prohibemur.
1069 4123 1218 4213 Itemque
1233 4128 1267 4192 et

149 4258 188 4324 t)
210 4253 409 4324 deprimerimus
427 4253 502 4310 lesen
521 4253 564 4310 die
581 4251 722 4320 ausgabcn.
