<?xml version="1.0" encoding="UTF-8"?>
<!DOCTYPE html PUBLIC "-//W3C//DTD XHTML 1.0 Transitional//EN"
    "http://www.w3.org/TR/xhtml1/DTD/xhtml1-transitional.dtd">
<html xmlns="http://www.w3.org/1999/xhtml" xml:lang="en" lang="en">
 <head>
  <title>
</title>
<meta http-equiv="Content-Type" content="text/html;charset=utf-8" />
  <meta name='ocr-system' content='tesseract 3.04.00' />
  <meta name='ocr-capabilities' content='ocr_page ocr_carea ocr_par ocr_line ocrx_word'/>
</head>
<body>
  <div class='ocr_page' id='page_1' title='image "./fontesrerumgerm02hubegoog_0214.png"; bbox 0 0 3096 4882; ppageno 0'>
   <div class='ocr_carea' id='block_1_1' title="bbox 526 173 1247 256">
    <p class='ocr_par' dir='ltr' id='par_1_1' title="bbox 526 173 1247 256">
     <span class='ocr_line' id='line_1_1' title="bbox 526 173 1247 256; baseline -0.006 -3"><span class='ocrx_word' id='word_1_1' title='bbox 526 207 620 254; x_wconf 80' lang='lat' dir='ltr'>norun</span> <span class='ocrx_word' id='word_1_2' title='bbox 640 207 824 256; x_wconf 82' lang='lat' dir='ltr'>nrsromenrr.</span> <span class='ocrx_word' id='word_1_3' title='bbox 955 173 956 176; x_wconf 25' lang='lat'>¹</span> <span class='ocrx_word' id='word_1_4' title='bbox 1177 179 1247 250; x_wconf 71' lang='grc'>169</span> 
     </span>
    </p>
   </div>
   <div class='ocr_carea' id='block_1_2' title="bbox 113 344 1340 3708">
    <p class='ocr_par' dir='ltr' id='par_1_2' title="bbox 114 344 1340 2324">
     <span class='ocr_line' id='line_1_2' title="bbox 115 344 1330 436; baseline 0.013 -22"><span class='ocrx_word' id='word_1_5' title='bbox 115 344 254 414; x_wconf 89' lang='lat' dir='ltr'>dentum.</span> <span class='ocrx_word' id='word_1_6' title='bbox 292 347 355 414; x_wconf 91' lang='lat' dir='ltr'>Die</span> <span class='ocrx_word' id='word_1_7' title='bbox 371 345 536 416; x_wconf 90' lang='lat' dir='ltr'>dominioo</span> <span class='ocrx_word' id='word_1_8' title='bbox 552 347 657 436; x_wconf 93' lang='lat' dir='ltr'>primo</span> <span class='ocrx_word' id='word_1_9' title='bbox 678 350 783 416; x_wconf 92' lang='lat' dir='ltr'>martii</span> <span class='ocrx_word' id='word_1_10' title='bbox 801 345 906 417; x_wconf 86' lang='lat' dir='ltr'>Obizo</span> <span class='ocrx_word' id='word_1_11' title='bbox 924 347 1069 418; x_wconf 86' lang='lat' dir='ltr'>marchio</span> <span class='ocrx_word' id='word_1_12' title='bbox 1088 367 1244 422; x_wconf 90' lang='lat' dir='ltr'>reversus</span> <span class='ocrx_word' id='word_1_13' title='bbox 1264 375 1330 429; x_wconf 78' lang='lat' dir='ltr'>rear</span> 
     </span>
     <span class='ocr_line' id='line_1_3' title="bbox 115 445 1337 533; baseline 0.007 -21"><span class='ocrx_word' id='word_1_14' title='bbox 115 450 266 533; x_wconf 88' lang='lat' dir='ltr'>exparte</span> <span class='ocrx_word' id='word_1_15' title='bbox 292 447 384 532; x_wconf 83' lang='lat' dir='ltr'>regis</span> <span class='ocrx_word' id='word_1_16' title='bbox 407 447 499 514; x_wconf 91' lang='lat' dir='ltr'>venit</span> <span class='ocrx_word' id='word_1_17' title='bbox 523 445 692 515; x_wconf 79' lang='lat' dir='ltr'>Veronam</span> <span class='ocrx_word' id='word_1_18' title='bbox 718 453 752 516; x_wconf 87' lang='lat' dir='ltr'>et</span> <span class='ocrx_word' id='word_1_19' title='bbox 777 448 911 516; x_wconf 87' lang='lat' dir='ltr'>loeutus</span> <span class='ocrx_word' id='word_1_20' title='bbox 936 453 990 515; x_wconf 88' lang='lat' dir='ltr'>est</span> <span class='ocrx_word' id='word_1_21' title='bbox 1015 464 1089 516; x_wconf 91' lang='lat' dir='ltr'>oum</span> <span class='ocrx_word' id='word_1_22' title='bbox 1109 449 1337 520; x_wconf 65' lang='lat' dir='ltr'>dominoffli·</span> 
     </span>
     <span class='ocr_line' id='line_1_4' title="bbox 117 513 1304 635; baseline 0.007 -24"><span class='ocrx_word' id='word_1_23' title='bbox 117 541 219 635; x_wconf 87' lang='lat' dir='ltr'>Cana,</span> <span class='ocrx_word' id='word_1_24' title='bbox 255 549 289 614; x_wconf 92' lang='lat' dir='ltr'>et</span> <span class='ocrx_word' id='word_1_25' title='bbox 315 546 425 613; x_wconf 87' lang='lat' dir='ltr'>statim</span> <span class='ocrx_word' id='word_1_26' title='bbox 452 546 607 632; x_wconf 83' lang='lat' dir='ltr'>sequenti</span> <span class='ocrx_word' id='word_1_27' title='bbox 643 545 696 614; x_wconf 91' lang='lat' dir='ltr'>die</span> <span class='ocrx_word' id='word_1_28' title='bbox 722 563 877 616; x_wconf 86' lang='lat' dir='ltr'>reversus</span> <span class='ocrx_word' id='word_1_29' title='bbox 905 552 958 616; x_wconf 87' lang='lat' dir='ltr'>est</span> <span class='ocrx_word' id='word_1_30' title='bbox 984 547 1177 617; x_wconf 81' lang='lat' dir='ltr'>Tridentum</span> <span class='ocrx_word' id='word_1_31' title='bbox 1203 550 1244 618; x_wconf 92' lang='lat' dir='ltr'>ad</span> <span class='ocrx_word' id='word_1_32' title='bbox 1291 513 1304 564; x_wconf 81' lang='lat'><strong>¹</strong></span> 
     </span>
     <span class='ocr_line' id='line_1_5' title="bbox 115 643 1306 730; baseline 0.004 -20"><span class='ocrx_word' id='word_1_33' title='bbox 115 660 234 730; x_wconf 84' lang='lat' dir='ltr'>regem.</span> <span class='ocrx_word' id='word_1_34' title='bbox 275 643 450 713; x_wconf 85' lang='lat' dir='ltr'>Die‘iovis</span> <span class='ocrx_word' id='word_1_35' title='bbox 476 663 498 712; x_wconf 93' lang='lat' dir='ltr'>v</span> <span class='ocrx_word' id='word_1_36' title='bbox 521 645 636 713; x_wconf 88' lang='lat' dir='ltr'>muroii</span> <span class='ocrx_word' id='word_1_37' title='bbox 660 644 815 713; x_wconf 93' lang='lat' dir='ltr'>dominus</span> <span class='ocrx_word' id='word_1_38' title='bbox 841 644 941 714; x_wconf 85' lang='lat' dir='ltr'>Canis</span> <span class='ocrx_word' id='word_1_39' title='bbox 967 646 1029 713; x_wconf 82' lang='lat' dir='ltr'>ivit</span> <span class='ocrx_word' id='word_1_40' title='bbox 1052 646 1245 718; x_wconf 80' lang='lat' dir='ltr'>Tridentum</span> <span class='ocrx_word' id='word_1_41' title='bbox 1289 665 1306 715; x_wconf 80' lang='lat' dir='ltr'>a</span> 
     </span>
     <span class='ocr_line' id='line_1_6' title="bbox 116 741 1245 837; baseline 0.008 -28"><span class='ocrx_word' id='word_1_42' title='bbox 116 741 153 811; x_wconf 89' lang='lat' dir='ltr'>ad</span> <span class='ocrx_word' id='word_1_43' title='bbox 177 760 305 829; x_wconf 85' lang='lat' dir='ltr'>regem.</span> <span class='ocrx_word' id='word_1_44' title='bbox 342 743 384 811; x_wconf 89' lang='lat' dir='ltr'>Et</span> <span class='ocrx_word' id='word_1_45' title='bbox 407 743 529 811; x_wconf 84' lang='lat' dir='ltr'>iactum</span> <span class='ocrx_word' id='word_1_46' title='bbox 547 749 600 813; x_wconf 89' lang='lat' dir='ltr'>est</span> <span class='ocrx_word' id='word_1_47' title='bbox 618 743 821 832; x_wconf 87' lang='lat' dir='ltr'>oolloquium</span> <span class='ocrx_word' id='word_1_48' title='bbox 838 744 966 830; x_wconf 81' lang='lat' dir='ltr'>grande</span> <span class='ocrx_word' id='word_1_49' title='bbox 991 745 1099 837; x_wconf 92' lang='lat' dir='ltr'>nimis,</span> <span class='ocrx_word' id='word_1_50' title='bbox 1125 749 1160 815; x_wconf 92' lang='lat' dir='ltr'>in</span> <span class='ocrx_word' id='word_1_51' title='bbox 1178 765 1245 836; x_wconf 87' lang='lat' dir='ltr'>quo</span> 
     </span>
     <span class='ocr_line' id='line_1_7' title="bbox 117 842 1243 938; baseline 0.005 -29"><span class='ocrx_word' id='word_1_52' title='bbox 117 859 184 909; x_wconf 90' lang='lat' dir='ltr'>oum</span> <span class='ocrx_word' id='word_1_53' title='bbox 216 842 351 912; x_wconf 93' lang='lat' dir='ltr'>domiuo</span> <span class='ocrx_word' id='word_1_54' title='bbox 386 859 468 928; x_wconf 85' lang='lat' dir='ltr'>rege</span> <span class='ocrx_word' id='word_1_55' title='bbox 495 849 603 911; x_wconf 88' lang='lat' dir='ltr'>orant:</span> <span class='ocrx_word' id='word_1_56' title='bbox 639 842 707 910; x_wconf 88' lang='lat' dir='ltr'>dux</span> <span class='ocrx_word' id='word_1_57' title='bbox 732 843 921 934; x_wconf 88' lang='lat' dir='ltr'>Karinthie,</span> <span class='ocrx_word' id='word_1_58' title='bbox 949 843 1104 914; x_wconf 90' lang='lat' dir='ltr'>dominus</span> <span class='ocrx_word' id='word_1_59' title='bbox 1131 844 1243 938; x_wconf 85' lang='lat' dir='ltr'>Canis,</span> 
     </span>
     <span class='ocr_line' id='line_1_8' title="bbox 118 939 1246 1034; baseline 0.004 -26"><span class='ocrx_word' id='word_1_60' title='bbox 118 939 265 1008; x_wconf 93' lang='lat' dir='ltr'>dominus</span> <span class='ocrx_word' id='word_1_61' title='bbox 292 941 508 1032; x_wconf 77' lang='lat' dir='ltr'>PassarinuS,</span> <span class='ocrx_word' id='word_1_62' title='bbox 536 940 661 1010; x_wconf 92' lang='lat' dir='ltr'>domini</span> <span class='ocrx_word' id='word_1_63' title='bbox 686 944 896 1012; x_wconf 74' lang='lat' dir='ltr'>marchiones</span> <span class='ocrx_word' id='word_1_64' title='bbox 923 942 1105 1034; x_wconf 80' lang='lat' dir='ltr'>Estenses,</span> <span class='ocrx_word' id='word_1_65' title='bbox 1133 944 1246 1013; x_wconf 91' lang='lat' dir='ltr'>domi-</span> 
     </span>
     <span class='ocr_line' id='line_1_9' title="bbox 116 1038 1246 1132; baseline 0.004 -25"><span class='ocrx_word' id='word_1_66' title='bbox 116 1057 174 1107; x_wconf 88' lang='lat' dir='ltr'>nus</span> <span class='ocrx_word' id='word_1_67' title='bbox 199 1039 355 1108; x_wconf 81' lang='lat' dir='ltr'>Marcius</span> <span class='ocrx_word' id='word_1_68' title='bbox 381 1040 591 1132; x_wconf 88' lang='lat' dir='ltr'>Vioeeomas,</span> <span class='ocrx_word' id='word_1_69' title='bbox 617 1038 690 1110; x_wconf 81' lang='lat' dir='ltr'>Anu</span> <span class='ocrx_word' id='word_1_70' title='bbox 717 1044 790 1110; x_wconf 91' lang='lat' dir='ltr'>eius</span> <span class='ocrx_word' id='word_1_71' title='bbox 817 1059 936 1132; x_wconf 87' lang='lat' dir='ltr'>nepos,</span> <span class='ocrx_word' id='word_1_72' title='bbox 964 1041 1117 1111; x_wconf 91' lang='lat' dir='ltr'>dominus</span> <span class='ocrx_word' id='word_1_73' title='bbox 1138 1044 1246 1112; x_wconf 86' lang='lat' dir='ltr'>Tran-</span> 
     </span>
     <span class='ocr_line' id='line_1_10' title="bbox 116 1137 1245 1230; baseline 0.004 -24"><span class='ocrx_word' id='word_1_74' title='bbox 116 1139 226 1208; x_wconf 88' lang='lat' dir='ltr'>ohinus</span> <span class='ocrx_word' id='word_1_75' title='bbox 261 1138 370 1208; x_wconf 88' lang='lat' dir='ltr'>Rusoa</span> <span class='ocrx_word' id='word_1_76' title='bbox 404 1139 447 1208; x_wconf 90' lang='lat' dir='ltr'>de</span> <span class='ocrx_word' id='word_1_77' title='bbox 482 1137 611 1230; x_wconf 82' lang='lat' dir='ltr'>Cumis,</span> <span class='ocrx_word' id='word_1_78' title='bbox 647 1141 798 1209; x_wconf 90' lang='lat' dir='ltr'>etmulti</span> <span class='ocrx_word' id='word_1_79' title='bbox 825 1140 880 1208; x_wconf 88' lang='lat' dir='ltr'>alii</span> <span class='ocrx_word' id='word_1_80' title='bbox 906 1141 1052 1210; x_wconf 89' lang='lat' dir='ltr'>barones</span> <span class='ocrx_word' id='word_1_81' title='bbox 1079 1147 1114 1210; x_wconf 90' lang='lat' dir='ltr'>et</span> <span class='ocrx_word' id='word_1_82' title='bbox 1138 1144 1245 1211; x_wconf 90' lang='lat' dir='ltr'>nuntii</span> 
     </span>
     <span class='ocr_line' id='line_1_11' title="bbox 116 1236 1246 1330; baseline 0.003 -23"><span class='ocrx_word' id='word_1_83' title='bbox 116 1239 279 1308; x_wconf 78' lang='lat' dir='ltr'>civitatum</span> <span class='ocrx_word' id='word_1_84' title='bbox 297 1236 532 1306; x_wconf 87' lang='lat' dir='ltr'>Gibellinarnm</span> <span class='ocrx_word' id='word_1_85' title='bbox 555 1238 756 1308; x_wconf 89' lang='lat' dir='ltr'>Lombardie</span> <span class='ocrx_word' id='word_1_86' title='bbox 783 1246 817 1308; x_wconf 91' lang='lat' dir='ltr'>et</span> <span class='ocrx_word' id='word_1_87' title='bbox 835 1241 968 1330; x_wconf 90' lang='lat' dir='ltr'>Tusoie,</span> <span class='ocrx_word' id='word_1_88' title='bbox 995 1241 1109 1309; x_wconf 90' lang='lat' dir='ltr'>nunoii</span> <span class='ocrx_word' id='word_1_89' title='bbox 1133 1242 1246 1330; x_wconf 92' lang='lat' dir='ltr'>impe-</span> 
     </span>
     <span class='ocr_line' id='line_1_12' title="bbox 118 1338 1246 1428; baseline 0.004 -24"><span class='ocrx_word' id='word_1_90' title='bbox 118 1340 230 1406; x_wconf 90' lang='lat' dir='ltr'>ratoris</span> <span class='ocrx_word' id='word_1_91' title='bbox 260 1338 448 1427; x_wconf 89' lang='lat' dir='ltr'>Greoorum,</span> <span class='ocrx_word' id='word_1_92' title='bbox 475 1339 588 1406; x_wconf 88' lang='lat' dir='ltr'>nunoii</span> <span class='ocrx_word' id='word_1_93' title='bbox 612 1339 703 1424; x_wconf 85' lang='lat' dir='ltr'>regis</span> <span class='ocrx_word' id='word_1_94' title='bbox 721 1338 870 1408; x_wconf 85' lang='lat' dir='ltr'>Tederiei</span> <span class='ocrx_word' id='word_1_95' title='bbox 886 1339 1008 1408; x_wconf 89' lang='lat' dir='ltr'>Sieilie.</span> <span class='ocrx_word' id='word_1_96' title='bbox 1044 1338 1083 1406; x_wconf 92' lang='lat' dir='ltr'>In</span> <span class='ocrx_word' id='word_1_97' title='bbox 1100 1357 1167 1428; x_wconf 89' lang='lat' dir='ltr'>quo</span> <span class='ocrx_word' id='word_1_98' title='bbox 1186 1357 1246 1409; x_wconf 85' lang='lat' dir='ltr'>rex</span> 
     </span>
     <span class='ocr_line' id='line_1_13' title="bbox 115 1435 1246 1526; baseline 0.004 -22"><span class='ocrx_word' id='word_1_99' title='bbox 115 1435 291 1526; x_wconf 87' lang='lat' dir='ltr'>Lodoyous</span> <span class='ocrx_word' id='word_1_100' title='bbox 317 1437 457 1505; x_wconf 88' lang='lat' dir='ltr'>tirmavit</span> <span class='ocrx_word' id='word_1_101' title='bbox 483 1455 526 1505; x_wconf 86' lang='lat' dir='ltr'>an</span> <span class='ocrx_word' id='word_1_102' title='bbox 550 1443 622 1505; x_wconf 90' lang='lat' dir='ltr'>toto</span> <span class='ocrx_word' id='word_1_103' title='bbox 646 1439 759 1506; x_wconf 87' lang='lat' dir='ltr'>venire</span> <span class='ocrx_word' id='word_1_104' title='bbox 782 1437 1009 1507; x_wconf 80' lang='lat' dir='ltr'>Mediolanum</span> <span class='ocrx_word' id='word_1_105' title='bbox 1030 1455 1091 1526; x_wconf 93' lang='lat' dir='ltr'>pro</span> <span class='ocrx_word' id='word_1_106' title='bbox 1119 1455 1246 1508; x_wconf 89' lang='lat' dir='ltr'>eorona</span> 
     </span>
     <span class='ocr_line' id='line_1_14' title="bbox 116 1534 1245 1626; baseline 0.002 -23"><span class='ocrx_word' id='word_1_107' title='bbox 116 1535 221 1626; x_wconf 85' lang='lat' dir='ltr'>Italia,</span> <span class='ocrx_word' id='word_1_108' title='bbox 264 1535 395 1604; x_wconf 86' lang='lat' dir='ltr'>demum</span> <span class='ocrx_word' id='word_1_109' title='bbox 427 1534 564 1605; x_wconf 90' lang='lat' dir='ltr'>Romam</span> <span class='ocrx_word' id='word_1_110' title='bbox 594 1554 654 1626; x_wconf 93' lang='lat' dir='ltr'>pro</span> <span class='ocrx_word' id='word_1_111' title='bbox 686 1555 810 1607; x_wconf 87' lang='lat' dir='ltr'>eorona</span> <span class='ocrx_word' id='word_1_112' title='bbox 835 1538 975 1626; x_wconf 89' lang='lat' dir='ltr'>imperii.</span> <span class='ocrx_word' id='word_1_113' title='bbox 1029 1535 1245 1605; x_wconf 87' lang='lat' dir='ltr'>Marehiones</span> 
     </span>
     <span class='ocr_line' id='line_1_15' title="bbox 115 1635 1244 1728; baseline 0.001 -25"><span class='ocrx_word' id='word_1_114' title='bbox 115 1635 273 1705; x_wconf 86' lang='lat' dir='ltr'>Estenses</span> <span class='ocrx_word' id='word_1_115' title='bbox 290 1636 481 1703; x_wconf 91' lang='lat' dir='ltr'>iuraverunt</span> <span class='ocrx_word' id='word_1_116' title='bbox 500 1640 626 1724; x_wconf 89' lang='lat' dir='ltr'>partem</span> <span class='ocrx_word' id='word_1_117' title='bbox 643 1635 850 1728; x_wconf 84' lang='lat' dir='ltr'>Gibellinam,</span> <span class='ocrx_word' id='word_1_118' title='bbox 877 1643 911 1705; x_wconf 94' lang='lat' dir='ltr'>et</span> <span class='ocrx_word' id='word_1_119' title='bbox 924 1635 1112 1704; x_wconf 89' lang='lat' dir='ltr'>habuerunt</span> <span class='ocrx_word' id='word_1_120' title='bbox 1127 1655 1146 1704; x_wconf 91' lang='lat' dir='ltr'>a</span> <span class='ocrx_word' id='word_1_121' title='bbox 1163 1653 1244 1722; x_wconf 85' lang='lat' dir='ltr'>rege</span> 
     </span>
     <span class='ocr_line' id='line_1_16' title="bbox 116 1734 1243 1824; baseline 0.001 -22"><span class='ocrx_word' id='word_1_122' title='bbox 116 1736 220 1803; x_wconf 87' lang='lat' dir='ltr'>omnia</span> <span class='ocrx_word' id='word_1_123' title='bbox 246 1753 313 1822; x_wconf 90' lang='lat' dir='ltr'>que</span> <span class='ocrx_word' id='word_1_124' title='bbox 338 1734 524 1824; x_wconf 90' lang='lat' dir='ltr'>voluerunt,</span> <span class='ocrx_word' id='word_1_125' title='bbox 551 1741 585 1803; x_wconf 87' lang='lat' dir='ltr'>ot</span> <span class='ocrx_word' id='word_1_126' title='bbox 610 1734 687 1803; x_wconf 87' lang='lat' dir='ltr'>iaoti</span> <span class='ocrx_word' id='word_1_127' title='bbox 715 1742 794 1803; x_wconf 92' lang='lat' dir='ltr'>sunt</span> <span class='ocrx_word' id='word_1_128' title='bbox 818 1737 931 1804; x_wconf 88' lang='lat' dir='ltr'>vioarii</span> <span class='ocrx_word' id='word_1_129' title='bbox 957 1735 1087 1823; x_wconf 88' lang='lat' dir='ltr'>imperii</span> <span class='ocrx_word' id='word_1_130' title='bbox 1107 1735 1142 1802; x_wconf 93' lang='lat' dir='ltr'>in</span> <span class='ocrx_word' id='word_1_131' title='bbox 1161 1735 1243 1803; x_wconf 86' lang='lat' dir='ltr'>Este</span> 
     </span>
     <span class='ocr_line' id='line_1_17' title="bbox 117 1833 1243 1924; baseline 0.001 -24"><span class='ocrx_word' id='word_1_132' title='bbox 117 1840 147 1900; x_wconf 91' lang='lat' dir='ltr'>et</span> <span class='ocrx_word' id='word_1_133' title='bbox 170 1834 328 1902; x_wconf 82' lang='lat' dir='ltr'>Ferraria.</span> <span class='ocrx_word' id='word_1_134' title='bbox 374 1833 537 1903; x_wconf 87' lang='lat' dir='ltr'>Dominus</span> <span class='ocrx_word' id='word_1_135' title='bbox 572 1833 671 1903; x_wconf 85' lang='lat' dir='ltr'>Canis</span> <span class='ocrx_word' id='word_1_136' title='bbox 704 1834 814 1903; x_wconf 86' lang='lat' dir='ltr'>iaetus</span> <span class='ocrx_word' id='word_1_137' title='bbox 847 1840 898 1902; x_wconf 92' lang='lat' dir='ltr'>est</span> <span class='ocrx_word' id='word_1_138' title='bbox 929 1834 1071 1903; x_wconf 89' lang='lat' dir='ltr'>vioarius</span> <span class='ocrx_word' id='word_1_139' title='bbox 1097 1833 1243 1924; x_wconf 82' lang='lat' dir='ltr'>Veromo,</span> 
     </span>
     <span class='ocr_line' id='line_1_18' title="bbox 118 1931 1244 2024; baseline 0.002 -26"><span class='ocrx_word' id='word_1_140' title='bbox 118 1931 277 2024; x_wconf 85' lang='lat' dir='ltr'>Vioentie,</span> <span class='ocrx_word' id='word_1_141' title='bbox 303 1931 403 2000; x_wconf 87' lang='lat' dir='ltr'>Feltri</span> <span class='ocrx_word' id='word_1_142' title='bbox 430 1939 463 2002; x_wconf 91' lang='lat' dir='ltr'>et</span> <span class='ocrx_word' id='word_1_143' title='bbox 489 1932 625 2024; x_wconf 86' lang='lat' dir='ltr'>Cenete,</span> <span class='ocrx_word' id='word_1_144' title='bbox 653 1939 687 2002; x_wconf 86' lang='lat' dir='ltr'>et</span> <span class='ocrx_word' id='word_1_145' title='bbox 713 1934 935 2021; x_wconf 85' lang='lat' dir='ltr'>quodeunque</span> <span class='ocrx_word' id='word_1_146' title='bbox 960 1932 1066 2002; x_wconf 86' lang='lat' dir='ltr'>voluit</span> <span class='ocrx_word' id='word_1_147' title='bbox 1092 1932 1244 2001; x_wconf 89' lang='lat' dir='ltr'>obtinuit.</span> 
     </span>
     <span class='ocr_line' id='line_1_19' title="bbox 116 2031 1245 2123; baseline 0.002 -25"><span class='ocrx_word' id='word_1_148' title='bbox 116 2031 273 2100; x_wconf 87' lang='lat' dir='ltr'>Dominus</span> <span class='ocrx_word' id='word_1_149' title='bbox 297 2031 495 2100; x_wconf 69' lang='lat' dir='ltr'>Passarinu&#39;s</span> <span class='ocrx_word' id='word_1_150' title='bbox 525 2033 670 2100; x_wconf 89' lang='lat' dir='ltr'>vioarius</span> <span class='ocrx_word' id='word_1_151' title='bbox 699 2033 837 2101; x_wconf 88' lang='lat' dir='ltr'>Mantue</span> <span class='ocrx_word' id='word_1_152' title='bbox 859 2038 894 2100; x_wconf 86' lang='lat' dir='ltr'>et</span> <span class='ocrx_word' id='word_1_153' title='bbox 913 2031 1060 2123; x_wconf 86' lang='lat' dir='ltr'>Mutine,</span> <span class='ocrx_word' id='word_1_154' title='bbox 1091 2031 1245 2100; x_wconf 92' lang='lat' dir='ltr'>dominus</span> 
     </span>
     <span class='ocr_line' id='line_1_20' title="bbox 116 2127 1246 2224; baseline 0 -26"><span class='ocrx_word' id='word_1_155' title='bbox 116 2131 315 2199; x_wconf 86' lang='lat' dir='ltr'>Tranohinus</span> <span class='ocrx_word' id='word_1_156' title='bbox 347 2133 491 2200; x_wconf 80' lang='lat' dir='ltr'>vicarius</span> <span class='ocrx_word' id='word_1_157' title='bbox 525 2129 717 2224; x_wconf 87' lang='lat' dir='ltr'>Cumarum,</span> <span class='ocrx_word' id='word_1_158' title='bbox 750 2131 903 2201; x_wconf 91' lang='lat' dir='ltr'>dominus</span> <span class='ocrx_word' id='word_1_159' title='bbox 937 2130 1093 2200; x_wconf 88' lang='lat' dir='ltr'>Marohus</span> <span class='ocrx_word' id='word_1_160' title='bbox 1131 2127 1246 2222; x_wconf 88' lang='lat' dir='ltr'>Campi</span> 
     </span>
     <span class='ocr_line' id='line_1_21' title="bbox 114 2229 1340 2324; baseline -0.001 -25"><span class='ocrx_word' id='word_1_161' title='bbox 114 2229 227 2299; x_wconf 88' lang='lat' dir='ltr'>duotor</span> <span class='ocrx_word' id='word_1_162' title='bbox 252 2231 418 2299; x_wconf 86' lang='lat' dir='ltr'>exereitus</span> <span class='ocrx_word' id='word_1_163' title='bbox 444 2232 548 2316; x_wconf 80' lang='lat' dir='ltr'>regis,</span> <span class='ocrx_word' id='word_1_164' title='bbox 1338 2313 1340 2324; x_wconf 33' lang='grc' dir='ltr'>Ι</span> 
     </span>
    </p>

    <p class='ocr_par' dir='ltr' id='par_1_3' title="bbox 114 2327 1310 3094">
     <span class='ocr_line' id='line_1_22' title="bbox 181 2327 1310 2416; baseline -0.003 -18"><span class='ocrx_word' id='word_1_165' title='bbox 181 2330 246 2398; x_wconf 90' lang='lat' dir='ltr'>Die</span> <span class='ocrx_word' id='word_1_166' title='bbox 272 2328 402 2398; x_wconf 92' lang='lat' dir='ltr'>sabbati</span> <span class='ocrx_word' id='word_1_167' title='bbox 425 2330 493 2400; x_wconf 86' lang='lat' dir='ltr'>xiiii</span> <span class='ocrx_word' id='word_1_168' title='bbox 515 2331 627 2398; x_wconf 89' lang='lat' dir='ltr'>maroii</span> <span class='ocrx_word' id='word_1_169' title='bbox 653 2329 807 2399; x_wconf 92' lang='lat' dir='ltr'>dominus</span> <span class='ocrx_word' id='word_1_170' title='bbox 833 2327 1016 2416; x_wconf 84' lang='lat' dir='ltr'>Ludoyous</span> <span class='ocrx_word' id='word_1_171' title='bbox 1042 2346 1101 2396; x_wconf 88' lang='lat' dir='ltr'>rex</span> <span class='ocrx_word' id='word_1_172' title='bbox 1126 2329 1243 2396; x_wconf 87' lang='lat' dir='ltr'>exiens</span> <span class='ocrx_word' id='word_1_173' title='bbox 1277 2330 1310 2386; x_wconf 80' lang='lat'>14</span> 
     </span>
     <span class='ocr_line' id='line_1_23' title="bbox 116 2422 1243 2521; baseline -0.001 -26"><span class='ocrx_word' id='word_1_174' title='bbox 116 2427 303 2497; x_wconf 85' lang='lat' dir='ltr'>Tridentum</span> <span class='ocrx_word' id='word_1_175' title='bbox 320 2422 650 2521; x_wconf 82' lang='lat' dir='ltr'>venit1Pergamum,</span> <span class='ocrx_word' id='word_1_176' title='bbox 678 2436 711 2498; x_wconf 92' lang='lat' dir='ltr'>et</span> <span class='ocrx_word' id='word_1_177' title='bbox 726 2429 868 2517; x_wconf 88' lang='lat' dir='ltr'>predioti</span> <span class='ocrx_word' id='word_1_178' title='bbox 886 2427 941 2494; x_wconf 91' lang='lat' dir='ltr'>alii</span> <span class='ocrx_word' id='word_1_179' title='bbox 954 2428 1111 2518; x_wconf 79' lang='lat' dir='ltr'>herenee,</span> <span class='ocrx_word' id='word_1_180' title='bbox 1131 2427 1243 2496; x_wconf 91' lang='lat' dir='ltr'>domi-</span> 
     </span>
     <span class='ocr_line' id='line_1_24' title="bbox 116 2525 1242 2620; baseline -0.001 -26"><span class='ocrx_word' id='word_1_181' title='bbox 116 2544 174 2596; x_wconf 92' lang='lat' dir='ltr'>nus</span> <span class='ocrx_word' id='word_1_182' title='bbox 204 2526 316 2620; x_wconf 85' lang='lat' dir='ltr'>Canis,</span> <span class='ocrx_word' id='word_1_183' title='bbox 342 2529 552 2620; x_wconf 90' lang='lat' dir='ltr'>Passarinus,</span> <span class='ocrx_word' id='word_1_184' title='bbox 580 2529 787 2598; x_wconf 87' lang='lat' dir='ltr'>marohiones</span> <span class='ocrx_word' id='word_1_185' title='bbox 815 2532 849 2595; x_wconf 92' lang='lat' dir='ltr'>et</span> <span class='ocrx_word' id='word_1_186' title='bbox 871 2529 982 2594; x_wconf 92' lang='lat' dir='ltr'>nunoii</span> <span class='ocrx_word' id='word_1_187' title='bbox 1006 2528 1175 2594; x_wconf 85' lang='lat' dir='ltr'>civitatum</span> <span class='ocrx_word' id='word_1_188' title='bbox 1199 2525 1242 2593; x_wconf 90' lang='lat' dir='ltr'>ad</span> 
     </span>
     <span class='ocr_line' id='line_1_25' title="bbox 115 2623 1310 2716; baseline -0.003 -22"><span class='ocrx_word' id='word_1_189' title='bbox 115 2629 243 2716; x_wconf 89' lang='lat' dir='ltr'>propria</span> <span class='ocrx_word' id='word_1_190' title='bbox 261 2633 339 2696; x_wconf 90' lang='lat' dir='ltr'>sunt</span> <span class='ocrx_word' id='word_1_191' title='bbox 354 2629 492 2697; x_wconf 89' lang='lat' dir='ltr'>reversi.</span> <span class='ocrx_word' id='word_1_192' title='bbox 522 2628 586 2697; x_wconf 90' lang='lat' dir='ltr'>Die</span> <span class='ocrx_word' id='word_1_193' title='bbox 603 2629 754 2696; x_wconf 88' lang='lat' dir='ltr'>merourii</span> <span class='ocrx_word' id='word_1_194' title='bbox 768 2627 972 2696; x_wconf 82' lang='lat' dir='ltr'>xviiimaroii</span> <span class='ocrx_word' id='word_1_195' title='bbox 985 2644 1044 2694; x_wconf 88' lang='lat' dir='ltr'>rex</span> <span class='ocrx_word' id='word_1_196' title='bbox 1058 2623 1241 2713; x_wconf 85' lang='lat' dir='ltr'>Ludoyous</span> <span class='ocrx_word' id='word_1_197' title='bbox 1277 2637 1310 2690; x_wconf 83' lang='lat' dir='ltr'>ra</span> 
     </span>
     <span class='ocr_line' id='line_1_26' title="bbox 115 2723 1242 2813; baseline -0.002 -20"><span class='ocrx_word' id='word_1_198' title='bbox 115 2729 201 2795; x_wconf 82' lang='lat' dir='ltr'>uenit</span> <span class='ocrx_word' id='word_1_199' title='bbox 232 2726 428 2813; x_wconf 84' lang='lat' dir='ltr'>Pergamum</span> <span class='ocrx_word' id='word_1_200' title='bbox 456 2726 574 2796; x_wconf 83' lang='lat' dir='ltr'>attuit</span> <span class='ocrx_word' id='word_1_201' title='bbox 607 2729 644 2795; x_wconf 93' lang='lat' dir='ltr'>in</span> <span class='ocrx_word' id='word_1_202' title='bbox 678 2727 782 2796; x_wconf 89' lang='lat' dir='ltr'>tribus</span> <span class='ocrx_word' id='word_1_203' title='bbox 817 2723 936 2793; x_wconf 89' lang='lat' dir='ltr'>diebus</span> <span class='ocrx_word' id='word_1_204' title='bbox 963 2730 997 2792; x_wconf 90' lang='lat' dir='ltr'>et</span> <span class='ocrx_word' id='word_1_205' title='bbox 1022 2724 1101 2792; x_wconf 87' lang='lat' dir='ltr'>ieoit</span> <span class='ocrx_word' id='word_1_206' title='bbox 1125 2741 1242 2812; x_wconf 90' lang='lat' dir='ltr'>paoem</span> 
     </span>
     <span class='ocr_line' id='line_1_27' title="bbox 116 2821 1244 2917; baseline -0.002 -25"><span class='ocrx_word' id='word_1_207' title='bbox 116 2844 264 2912; x_wconf 84' lang='lat' dir='ltr'>maguam</span> <span class='ocrx_word' id='word_1_208' title='bbox 288 2826 324 2893; x_wconf 91' lang='lat' dir='ltr'>iu</span> <span class='ocrx_word' id='word_1_209' title='bbox 351 2828 494 2917; x_wconf 87' lang='lat' dir='ltr'>eivitate,</span> <span class='ocrx_word' id='word_1_210' title='bbox 520 2828 653 2896; x_wconf 89' lang='lat' dir='ltr'>vinetos</span> <span class='ocrx_word' id='word_1_211' title='bbox 677 2825 848 2913; x_wconf 86' lang='lat' dir='ltr'>relaxavit,</span> <span class='ocrx_word' id='word_1_212' title='bbox 877 2841 993 2892; x_wconf 91' lang='lat' dir='ltr'>omnes</span> <span class='ocrx_word' id='word_1_213' title='bbox 1012 2821 1244 2912; x_wconf 89' lang='lat' dir='ltr'>condempna-</span> 
     </span>
     <span class='ocr_line' id='line_1_28' title="bbox 115 2920 1309 3012; baseline -0.003 -21"><span class='ocrx_word' id='word_1_214' title='bbox 115 2925 218 2993; x_wconf 91' lang='lat' dir='ltr'>tiones</span> <span class='ocrx_word' id='word_1_215' title='bbox 244 2924 378 2994; x_wconf 90' lang='lat' dir='ltr'>amovit.</span> <span class='ocrx_word' id='word_1_216' title='bbox 426 2924 518 2993; x_wconf 91' lang='lat' dir='ltr'>ldem</span> <span class='ocrx_word' id='word_1_217' title='bbox 543 2925 623 2995; x_wconf 87' lang='lat' dir='ltr'>ieoit</span> <span class='ocrx_word' id='word_1_218' title='bbox 654 2925 779 3012; x_wconf 85' lang='lat' dir='ltr'>Cumis;</span> <span class='ocrx_word' id='word_1_219' title='bbox 806 2941 882 2992; x_wconf 88' lang='lat' dir='ltr'>nam</span> <span class='ocrx_word' id='word_1_220' title='bbox 904 2922 957 2992; x_wconf 90' lang='lat' dir='ltr'>dio</span> <span class='ocrx_word' id='word_1_221' title='bbox 982 2921 1151 2992; x_wconf 84' lang='lat' dir='ltr'>dominico</span> <span class='ocrx_word' id='word_1_222' title='bbox 1174 2920 1243 2992; x_wconf 83' lang='lat' dir='ltr'>xxii</span> <span class='ocrx_word' id='word_1_223' title='bbox 1276 2934 1309 2988; x_wconf 84' lang='lat'>22</span> 
     </span>
     <span class='ocr_line' id='line_1_29' title="bbox 114 3023 498 3094; baseline 0.005 -3"><span class='ocrx_word' id='word_1_224' title='bbox 114 3025 223 3092; x_wconf 92' lang='lat' dir='ltr'>maroii</span> <span class='ocrx_word' id='word_1_225' title='bbox 249 3025 340 3094; x_wconf 89' lang='lat' dir='ltr'>venit</span> <span class='ocrx_word' id='word_1_226' title='bbox 366 3023 498 3094; x_wconf 86' lang='lat' dir='ltr'>Cumas.</span> 
     </span>
    </p>

    <p class='ocr_par' dir='ltr' id='par_1_4' title="bbox 113 3117 1321 3708">
     <span class='ocr_line' id='line_1_30' title="bbox 183 3117 1321 3248; baseline -0.002 -57"><span class='ocrx_word' id='word_1_227' title='bbox 183 3123 245 3191; x_wconf 92' lang='lat' dir='ltr'>Die</span> <span class='ocrx_word' id='word_1_228' title='bbox 266 3123 377 3192; x_wconf 90' lang='lat' dir='ltr'>martis</span> <span class='ocrx_word' id='word_1_229' title='bbox 396 3126 441 3192; x_wconf 89' lang='lat' dir='ltr'>vii</span> <span class='ocrx_word' id='word_1_230' title='bbox 462 3123 574 3212; x_wconf 88' lang='lat' dir='ltr'>aprilis</span> <span class='ocrx_word' id='word_1_231' title='bbox 596 3141 616 3192; x_wconf 89' lang='lat' dir='ltr'>a</span> <span class='ocrx_word' id='word_1_232' title='bbox 639 3123 824 3211; x_wconf 90' lang='lat' dir='ltr'>septimana</span> <span class='ocrx_word' id='word_1_233' title='bbox 855 3123 971 3189; x_wconf 86' lang='lat' dir='ltr'>saneta</span> <span class='ocrx_word' id='word_1_234' title='bbox 993 3117 1132 3188; x_wconf 88' lang='lat' dir='ltr'>Romani</span> <span class='ocrx_word' id='word_1_235' title='bbox 1154 3119 1242 3189; x_wconf 89' lang='lat' dir='ltr'>saoto</span> <span class='ocrx_word' id='word_1_236' title='bbox 1262 3140 1321 3248; x_wconf 57' lang='lat' dir='ltr'>rr7u</span> 
     </span>
     <span class='ocr_line' id='line_1_31' title="bbox 116 3197 1302 3308; baseline -0.002 -19"><span class='ocrx_word' id='word_1_237' title='bbox 116 3239 233 3308; x_wconf 82' lang='lat' dir='ltr'>magno</span> <span class='ocrx_word' id='word_1_238' title='bbox 251 3228 393 3291; x_wconf 88' lang='lat' dir='ltr'>traetatu</span> <span class='ocrx_word' id='word_1_239' title='bbox 410 3224 581 3292; x_wconf 77' lang='lat' dir='ltr'>eiecerunt</span> <span class='ocrx_word' id='word_1_240' title='bbox 604 3221 646 3290; x_wconf 93' lang='lat' dir='ltr'>de</span> <span class='ocrx_word' id='word_1_241' title='bbox 667 3221 748 3289; x_wconf 92' lang='lat' dir='ltr'>urbe</span> <span class='ocrx_word' id='word_1_242' title='bbox 770 3219 973 3308; x_wconf 82' lang='lat' dir='ltr'>Stephanum</span> <span class='ocrx_word' id='word_1_243' title='bbox 992 3217 1034 3285; x_wconf 92' lang='lat' dir='ltr'>de</span> <span class='ocrx_word' id='word_1_244' title='bbox 1059 3197 1302 3308; x_wconf 79' lang='lat' dir='ltr'>Columpna⁷</span> 
     </span>
     <span class='ocr_line' id='line_1_32' title="bbox 116 3315 1244 3410; baseline -0.001 -22"><span class='ocrx_word' id='word_1_245' title='bbox 116 3327 147 3388; x_wconf 88' lang='lat' dir='ltr'>et</span> <span class='ocrx_word' id='word_1_246' title='bbox 169 3321 354 3390; x_wconf 78' lang='lat' dir='ltr'>Porcellum</span> <span class='ocrx_word' id='word_1_247' title='bbox 381 3321 422 3390; x_wconf 88' lang='lat' dir='ltr'>de</span> <span class='ocrx_word' id='word_1_248' title='bbox 450 3323 589 3410; x_wconf 84' lang='lat' dir='ltr'>Ursinis,</span> <span class='ocrx_word' id='word_1_249' title='bbox 617 3320 725 3390; x_wconf 88' lang='lat' dir='ltr'>iaotos</span> <span class='ocrx_word' id='word_1_250' title='bbox 751 3319 872 3388; x_wconf 81' lang='lat' dir='ltr'>milites</span> <span class='ocrx_word' id='word_1_251' title='bbox 898 3335 957 3406; x_wconf 92' lang='lat' dir='ltr'>per</span> <span class='ocrx_word' id='word_1_252' title='bbox 979 3315 1159 3386; x_wconf 85' lang='lat' dir='ltr'>Robertum</span> <span class='ocrx_word' id='word_1_253' title='bbox 1184 3337 1244 3387; x_wconf 91' lang='lat' dir='ltr'>re-</span> 
     </span>
     <span class='ocr_line' id='line_1_33' title="bbox 114 3413 1245 3512; baseline -0.003 -24"><span class='ocrx_word' id='word_1_254' title='bbox 114 3437 187 3504; x_wconf 84' lang='lat' dir='ltr'>gem</span> <span class='ocrx_word' id='word_1_255' title='bbox 211 3418 342 3512; x_wconf 83' lang='lat' dir='ltr'>Apulia,</span> <span class='ocrx_word' id='word_1_256' title='bbox 371 3439 411 3490; x_wconf 93' lang='lat' dir='ltr'>eo</span> <span class='ocrx_word' id='word_1_257' title='bbox 440 3421 530 3509; x_wconf 89' lang='lat' dir='ltr'>quod</span> <span class='ocrx_word' id='word_1_258' title='bbox 555 3419 796 3511; x_wconf 85' lang='lat' dir='ltr'>proourabant,</span> <span class='ocrx_word' id='word_1_259' title='bbox 824 3415 914 3506; x_wconf 86' lang='lat' dir='ltr'>quod</span> <span class='ocrx_word' id='word_1_260' title='bbox 939 3413 1104 3486; x_wconf 91' lang='lat' dir='ltr'>Robertus</span> <span class='ocrx_word' id='word_1_261' title='bbox 1130 3417 1245 3486; x_wconf 90' lang='lat' dir='ltr'>urbem</span> 
     </span>
     <span class='ocr_line' id='line_1_34' title="bbox 114 3513 1245 3606; baseline -0.003 -21"><span class='ocrx_word' id='word_1_262' title='bbox 114 3518 283 3589; x_wconf 89' lang='lat' dir='ltr'>obtineret.</span> <span class='ocrx_word' id='word_1_263' title='bbox 331 3518 483 3589; x_wconf 89' lang='lat' dir='ltr'>Castrum</span> <span class='ocrx_word' id='word_1_264' title='bbox 506 3521 559 3588; x_wconf 90' lang='lat' dir='ltr'>sti.</span> <span class='ocrx_word' id='word_1_265' title='bbox 583 3517 706 3606; x_wconf 84' lang='lat' dir='ltr'>Angeii</span> <span class='ocrx_word' id='word_1_266' title='bbox 731 3519 779 3586; x_wconf 90' lang='lat' dir='ltr'>eis</span> <span class='ocrx_word' id='word_1_267' title='bbox 805 3535 824 3584; x_wconf 91' lang='lat' dir='ltr'>a</span> <span class='ocrx_word' id='word_1_268' title='bbox 845 3513 1002 3584; x_wconf 88' lang='lat' dir='ltr'>Romanis</span> <span class='ocrx_word' id='word_1_269' title='bbox 1030 3516 1174 3584; x_wconf 87' lang='lat' dir='ltr'>ablatum</span> <span class='ocrx_word' id='word_1_270' title='bbox 1193 3521 1245 3583; x_wconf 90' lang='lat' dir='ltr'>est</span> 
     </span>
     <span class='ocr_line' id='line_1_35' title="bbox 113 3615 1243 3708; baseline -0.003 -24"><span class='ocrx_word' id='word_1_271' title='bbox 113 3633 182 3686; x_wconf 91' lang='lat' dir='ltr'>oum</span> <span class='ocrx_word' id='word_1_272' title='bbox 209 3619 363 3688; x_wconf 86' lang='lat' dir='ltr'>omnibus</span> <span class='ocrx_word' id='word_1_273' title='bbox 393 3637 507 3688; x_wconf 90' lang='lat' dir='ltr'>eorum</span> <span class='ocrx_word' id='word_1_274' title='bbox 531 3617 712 3708; x_wconf 82' lang='lat' dir='ltr'>fortilioiis,</span> <span class='ocrx_word' id='word_1_275' title='bbox 745 3621 779 3684; x_wconf 91' lang='lat' dir='ltr'>et</span> <span class='ocrx_word' id='word_1_276' title='bbox 801 3621 937 3684; x_wconf 89' lang='lat' dir='ltr'>servant</span> <span class='ocrx_word' id='word_1_277' title='bbox 956 3615 1071 3683; x_wconf 86' lang='lat' dir='ltr'>urbam</span> <span class='ocrx_word' id='word_1_278' title='bbox 1091 3633 1152 3703; x_wconf 91' lang='lat' dir='ltr'>pro</span> <span class='ocrx_word' id='word_1_279' title='bbox 1177 3616 1243 3681; x_wconf 93' lang='lat' dir='ltr'>im-</span> 
     </span>
    </p>
   </div>
   <div class='ocr_carea' id='block_1_3' title="bbox 113 3723 1309 3904">
    <p class='ocr_par' dir='ltr' id='par_1_5' title="bbox 113 3723 1309 3904">
     <span class='ocr_line' id='line_1_36' title="bbox 134 3723 269 3789; baseline 0.03 -5"><span class='ocrx_word' id='word_1_280' title='bbox 134 3723 269 3789; x_wconf 85' lang='lat' dir='ltr'>oratore.</span> 
     </span>
     <span class='ocr_line' id='line_1_37' title="bbox 113 3734 1309 3904; baseline -0.009 -19"><span class='ocrx_word' id='word_1_281' title='bbox 113 3734 131 3804; x_wconf 70' lang='lat' dir='ltr'>p</span> <span class='ocrx_word' id='word_1_282' title='bbox 185 3816 246 3885; x_wconf 92' lang='lat' dir='ltr'>Die</span> <span class='ocrx_word' id='word_1_283' title='bbox 272 3816 439 3885; x_wconf 87' lang='lat' dir='ltr'>dominico</span> <span class='ocrx_word' id='word_1_284' title='bbox 461 3835 526 3883; x_wconf 88' lang='lat' dir='ltr'>xxv</span> <span class='ocrx_word' id='word_1_285' title='bbox 550 3805 685 3904; x_wconf 83' lang='lat' dir='ltr'>aprilis²</span> <span class='ocrx_word' id='word_1_286' title='bbox 709 3811 863 3882; x_wconf 91' lang='lat' dir='ltr'>dominus</span> <span class='ocrx_word' id='word_1_287' title='bbox 892 3810 1098 3880; x_wconf 89' lang='lat' dir='ltr'>Guillielmus</span> <span class='ocrx_word' id='word_1_288' title='bbox 1129 3825 1242 3878; x_wconf 81' lang='lat' dir='ltr'>eomes</span> <span class='ocrx_word' id='word_1_289' title='bbox 1276 3821 1309 3874; x_wconf 76' lang='grc' dir='ltr'>ει</span> 
     </span>
    </p>
   </div>
   <div class='ocr_carea' id='block_1_4' title="bbox 114 3909 1244 4106">
    <p class='ocr_par' dir='ltr' id='par_1_6' title="bbox 114 3909 1244 4106">
     <span class='ocr_line' id='line_1_38' title="bbox 114 3909 1244 4002; baseline -0.006 -21"><span class='ocrx_word' id='word_1_290' title='bbox 114 3911 332 3984; x_wconf 87' lang='lat' dir='ltr'>Montisiortis</span> <span class='ocrx_word' id='word_1_291' title='bbox 360 3933 435 3983; x_wconf 90' lang='lat' dir='ltr'>oum</span> <span class='ocrx_word' id='word_1_292' title='bbox 461 3918 563 4002; x_wconf 88' lang='lat' dir='ltr'>gente</span> <span class='ocrx_word' id='word_1_293' title='bbox 589 3915 680 4000; x_wconf 81' lang='lat' dir='ltr'>regis</span> <span class='ocrx_word' id='word_1_294' title='bbox 695 3912 915 3983; x_wconf 88' lang='lat' dir='ltr'>Romanorum</span> <span class='ocrx_word' id='word_1_295' title='bbox 942 3909 1093 3978; x_wconf 87' lang='lat' dir='ltr'>transivit</span> <span class='ocrx_word' id='word_1_296' title='bbox 1117 3912 1244 3997; x_wconf 92' lang='lat' dir='ltr'>poten-</span> 
     </span>
     <span class='ocr_line' id='line_1_39' title="bbox 114 4007 1244 4106; baseline -0.004 -27"><span class='ocrx_word' id='word_1_297' title='bbox 114 4017 162 4080; x_wconf 87' lang='lat' dir='ltr'>ter</span> <span class='ocrx_word' id='word_1_298' title='bbox 193 4014 337 4106; x_wconf 89' lang='lat' dir='ltr'>Padum,</span> <span class='ocrx_word' id='word_1_299' title='bbox 370 4014 507 4082; x_wconf 84' lang='lat' dir='ltr'>muniuit</span> <span class='ocrx_word' id='word_1_300' title='bbox 540 4014 693 4082; x_wconf 91' lang='lat' dir='ltr'>omnibus</span> <span class='ocrx_word' id='word_1_301' title='bbox 727 4010 928 4080; x_wconf 79' lang='lat' dir='ltr'>necessariis</span> <span class='ocrx_word' id='word_1_302' title='bbox 962 4009 1101 4094; x_wconf 78' lang='lat' dir='ltr'>burgum</span> <span class='ocrx_word' id='word_1_303' title='bbox 1134 4007 1244 4075; x_wconf 86' lang='lat' dir='ltr'>saneti</span> 
     </span>
    </p>
   </div>
   <div class='ocr_carea' id='block_1_5' title="bbox 114 4156 1249 4301">
    <p class='ocr_par' dir='ltr' id='par_1_7' title="bbox 114 4156 1249 4301">
     <span class='ocr_line' id='line_1_40' title="bbox 114 4156 1249 4285; baseline -0.002 -69"><span class='ocrx_word' id='word_1_304' title='bbox 114 4161 246 4285; x_wconf 38' lang='grc' dir='ltr'>ᾑρέθη</span> <span class='ocrx_word' id='word_1_305' title='bbox 263 4162 333 4285; x_wconf 53' lang='grc' dir='ltr'>ιιιοιιι</span> <span class='ocrx_word' id='word_1_306' title='bbox 350 4161 456 4218; x_wconf 84' lang='lat' dir='ltr'>heissen</span> <span class='ocrx_word' id='word_1_307' title='bbox 474 4164 528 4218; x_wconf 87' lang='lat' dir='ltr'>ivit.</span> <span class='ocrx_word' id='word_1_308' title='bbox 573 4162 604 4227; x_wconf 82' lang='lat'>2]</span> <span class='ocrx_word' id='word_1_309' title='bbox 623 4161 686 4218; x_wconf 89' lang='lat' dir='ltr'>Hier</span> <span class='ocrx_word' id='word_1_310' title='bbox 703 4162 737 4216; x_wconf 89' lang='lat' dir='ltr'>ist</span> <span class='ocrx_word' id='word_1_311' title='bbox 756 4162 798 4216; x_wconf 91' lang='lat' dir='ltr'>ein</span> <span class='ocrx_word' id='word_1_312' title='bbox 818 4159 931 4229; x_wconf 86' lang='lat' dir='ltr'>irrtirum,</span> <span class='ocrx_word' id='word_1_313' title='bbox 950 4158 996 4214; x_wconf 85' lang='lat' dir='ltr'>der</span> <span class='ocrx_word' id='word_1_314' title='bbox 1013 4161 1125 4226; x_wconf 78' lang='lat' dir='ltr'>sonntag</span> <span class='ocrx_word' id='word_1_315' title='bbox 1142 4156 1185 4215; x_wconf 85' lang='lat' dir='ltr'>iret</span> <span class='ocrx_word' id='word_1_316' title='bbox 1204 4157 1249 4214; x_wconf 87' lang='lat' dir='ltr'>aui</span> 
     </span>
     <span class='ocr_line' id='line_1_41' title="bbox 227 4246 612 4301; baseline 0.003 -15"><span class='ocrx_word' id='word_1_317' title='bbox 227 4246 300 4301; x_wconf 87' lang='lat' dir='ltr'>apn.</span> <span class='ocrx_word' id='word_1_318' title='bbox 610 4261 612 4264; x_wconf 94' lang='lat'>·</span> 
     </span>
    </p>
   </div>
   <div class='ocr_carea' id='block_1_6' title="bbox 0 0 1552 4882">
    <p class='ocr_par' dir='ltr' id='par_1_8' title="bbox 0 0 1552 4882">
     <span class='ocr_line' id='line_1_42' title="bbox 0 0 1552 4882; baseline 0 0"><span class='ocrx_word' id='word_1_319' title='bbox 0 0 1552 4882; x_wconf 95' lang='lat' dir='ltr'> </span> 
     </span>
    </p>
   </div>
  </div>
 </body>
</html>
