3044 4882
281 125 352 195 352
602 155 749 204 ronnnnns
770 133 985 202 vroronrmrsrs.
1021 158 1046 224 3,
1063 155 1087 208 ε.

280 293 364 362 colis
391 299 476 362 terre
503 310 645 363 concors
671 293 790 386 lactus,
817 303 926 366 castra
952 299 1065 388 munit,
1092 297 1227 366 militem
1253 296 1351 380 acuit,
1375 299 1406 361 nt

281 398 432 461 occurrat
449 393 603 462 hostibus
618 411 656 461 se
673 396 853 486 componit,
864 393 963 464 lratre
980 398 1168 483 lantgravio
1182 396 1244 464 sibi
1256 401 1407 462 strennuo
1505 475 1506 480 Ἰ

281 491 472 560 adherente.
508 493 581 562 Rex
605 511 686 562 vero
711 500 830 562 terram
854 497 1110 584 circumquaque
1135 510 1332 582 aggressus
1359 495 1409 559 ln-

281 589 406 660 cendiis
434 608 474 661 ao
499 592 616 680 spoliis
644 591 828 661 demolitur.
865 591 1014 662 Occurrit
1030 595 1188 684 marchio,
1216 592 1408 681 etpartibus

281 692 315 758 in
340 689 462 758 bellum
489 693 698 780 acuminatis,
726 690 883 762 cordibus
903 695 1038 780 agitatis
1062 693 1098 760 lit
1115 693 1313 780 congressio
1334 693 1410 760 satis

281 788 372 858 dura.
406 791 447 859 nt
464 789 522 857 diu
538 790 600 858 sub
621 789 758 858 volubili
783 793 913 878 rotagio
942 798 1100 861 certatum
1128 799 1190 880 est,
1217 792 1326 860 donec
1346 795 1410 858 ter·
1505 859 1506 864 ,

280 889 392 958 ricolis
426 890 632 977 prosperitas
659 887 835 981 arrideret,
863 895 896 958 et
923 897 1111 960 exterorum
1136 893 1227 960 acies
1255 896 1411 977 quatere·
1505 963 1506 980 ἢ

280 994 378 1057 retur.
411 989 462 1057 Ex
478 988 598 1075 quibus
615 988 669 1055 alii
685 987 889 1080 occiduntur,
917 990 971 1058 alli
983 991 1210 1080 vulnerantur,
1234 989 1289 1056 alii
1303 988 1410 1076 capti·
1505 1055 1506 1080 ,

279 1093 414 1176 vantur;
443 1092 476 1154 et
501 1088 551 1156 sic
576 1088 666 1156 acies
692 1088 873 1156 inclinante
899 1089 1024 1178 populo
1046 1089 1217 1178 provincie
1243 1088 1411 1155 victoriam

279 1191 488 1274 pepererunt.
519 1183 591 1254 Rex
617 1185 847 1276 considerans,
876 1188 967 1274 quod
984 1190 1095 1256 varius
1111 1188 1208 1275 prelii
1236 1187 1279 1255 sit
1306 1204 1411 1254 even·
1505 1179 1506 1234 l

279 1288 351 1373 tus,
387 1289 420 1352 et
445 1302 533 1352 nuno
558 1284 646 1352 hunc
672 1303 761 1353 nunc
784 1285 876 1353 illum
901 1289 1067 1355 consumit
1092 1286 1243 1376 gladius,
1271 1291 1305 1354 et
1332 1287 1414 1352 siout

280 1381 359 1450 dicit
386 1381 490 1451 Catho
516 1385 550 1451 in
568 1382 652 1451 libro
673 1383 714 1452 de
739 1402 774 1451 re
797 1385 940 1454 militari:
967 1386 1028 1476 „ln
1055 1385 1129 1454 aliis
1154 1385 1254 1454 rebus
1281 1386 1311 1453 si
1338 1383 1414 1470 quid

280 1488 422 1550 erratum
449 1488 517 1572 est,
543 1488 657 1570 potest
681 1483 892 1571 postmodum
920 1485 1061 1572 corrigi,
1088 1483 1267 1573 preliorum
1294 1483 1413 1551 delicta

280 1581 558 1650 emendationem
578 1599 647 1650 non
681 1581 861 1672 recipiunt,
889 1599 963 1651 cum
994 1601 1084 1671 pena
1118 1585 1228 1652 statim
1255 1589 1415 1669 sequatur

279 1677 466 1767 errorem;“
491 1681 591 1748 animi
619 1682 734 1767 nquior
752 1679 858 1749 lactus
881 1678 923 1749 de
946 1683 1084 1771 captivis
1112 1681 1314 1753 redimendis
1342 1681 1414 1750 sol-

277 1778 482 1848 licitudinem
515 1797 669 1864 magnam
703 1780 821 1864 gessit.
864 1779 953 1848 lnter
978 1779 1126 1850 lamosos
1156 1781 1200 1848 ibi
1228 1780 1414 1849 Fridericus

276 1879 474 1967 purgravius
507 1877 549 1945 de
574 1877 769 1946 Nb'rnbereh
802 1895 875 1946 curn
910 1880 1018 1948 multis
1051 1881 1126 1948 aliis
1161 1879 1330 1949 nobilibus
1357 1879 1415 1947 suit

279 1982 409 2066 captus,
436 1982 469 2044 et
494 1979 652 2046 terminus
680 1976 885 2045 induciarum
911 1977 954 2046 ad
979 1977 1184 2046 redeundum
1210 1980 1303 2048 iuxta
1329 1996 1416 2047 con·
1505 2031 1506 2040 ,

278 2073 437 2143 ditionem
476 2082 648 2163 pactorum
686 2077 973 2144 intercurrentium
1013 2079 1218 2163 assignatus
1261 2077 1414 2147 Marabio

279 2175 395 2264 etiam,
427 2172 527 2242 tratre
561 2175 596 2241 in
630 2175 762 2266 civitate
782 2174 990 2263 ,Liptzkonsi
1024 2177 1058 2244 in
1090 2175 1223 2245 lratrum
1249 2175 1414 2245 Minorum
1505 2165 1506 2174 '

279 2274 482 2342 monasterio
515 2272 690 2343 vulnerato
718 2279 752 2342 et
780 2291 850 2342 non
883 2275 986 2362 longe
1012 2279 1093 2364 post
1118 2274 1294 2367 defuncto,
1322 2276 1414 2344 Thu·
1505 2289 1506 2314 ε

278 2373 418 2458 ringiam
445 2377 497 2440 est
523 2371 676 2461 adeptus.

352 2470 426 2540 Hoc
441 2473 475 2540 in
496 2477 645 2560 ternpore
663 2489 745 2558 rege
767 2472 809 2541 ad
831 2472 965 2560 propria
989 2473 1053 2540 iam
1073 2491 1221 2565 reverso,
1236 2473 1410 2541 Heinricus

279 2569 383 2638 abbas
410 2570 637 2662 villariensis,
673 2573 766 2640 cuius
799 2570 911 2639 habita
934 2577 997 2662 xest
1023 2576 1147 2642 mentio
1173 2573 1207 2640 in
1232 2572 1413 2661 premissis,

278 2671 371 2737 venit
389 2667 607 2738 industriam
633 2672 768 2738 nuntius
795 2669 949 2760 directus,
976 2675 1096 2759 petens
1122 2670 1297 2740 Elisabeth
1317 2670 1412 2738 liliam
1505 2683 1506 2746 1

278 2770 368 2855 regis
394 2769 572 2859 Friderico,
600 2768 785 2838 Theobaldi
811 2768 907 2836 ducis
921 2769 1141 2856 Lothoringie
1169 2770 1247 2860 lilio,
1275 2771 1309 2837 in
1325 2786 1411 2836 uxo-
1505 2817 1506 2832 ,

277 2884 357 2935 rem.
393 2865 470 2934 Cuis
496 2868 623 2952 legatio
648 2868 824 2955 utrobique
851 2867 961 2954 dignis
983 2867 1166 2937 bonoribus
1186 2873 1409 2956 compensata,
1505 2889 1506 2944 l

279 2965 521 3054 sollempnibus
555 2967 677 3052 nuptiis
710 2966 754 3034 ad
785 2965 939 3034 ellectum
972 2964 1227 3036 desiderabilem
1255 2973 1309 3035 est
1333 2983 1412 3056 por-

278 3062 387 3132 ducta.
423 3061 495 3143 Qua
509 3065 625 3151 genuit
642 3064 751 3154 lilium,
777 3063 953 3133 Rudollum
976 3067 1120 3154 nomine,
1149 3068 1204 3154 qui
1229 3065 1331 3135 bodie
1356 3064 1409 3131 s·
1505 3093 1506 3106 ε

280 3162 385 3230 liciter
411 3161 607 3254 dominatur,
635 3171 667 3233 et
684 3164 783 3232 filiam
807 3181 872 3251 que
891 3164 1049 3233 lobannis
1075 3164 1296 3234 Bohemorum
1322 3163 1410 3250 regis

280 3257 417 3329 lilio‘ex
442 3261 592 3331 secunda
619 3265 763 3350 coniuge
785 3263 941 3353 sociatur,
969 3269 1003 3331 et
1020 3263 1197 3352 utrobique
1214 3265 1412 3332 Francorum

281 3377 397 3445 regum
424 3361 580 3447 sanguini
605 3363 779 3431 vicinatur.

353 3458 428 3527 lloc
455 3461 553 3528 etiam
580 3465 728 3550 tempore
754 3479 813 3530 rex
837 3461 975 3528 llranoie
1003 3465 1036 3528 et
1063 3479 1123 3531 rex
1147 3458 1270 3548 Anglie
1298 3475 1411 3529 omnes
1505 3485 1506 3528 r

279 3556 403 3627 ludens
430 3576 450 3625 a
476 3559 590 3645 regnis
618 3561 687 3628 suis
715 3561 912 3648 expulerunt
921 3612 931 3650 ,
959 3565 993 3627 et
1018 3560 1108 3629 bona
1134 3578 1247 3629 eorum
1272 3562 1306 3628 in
1331 3575 1410 3626 usus
1505 3633 1506 3646 ξ

191 3741 192 3745 ¹
280 3659 434 3746 proprios
465 3658 684 3748 redegerunt,
721 3661 798 3746 quia
832 3664 948 3727 contra
975 3657 1180 3728 Christianos
1206 3661 1240 3728 in
1266 3657 1410 3747 partibus

280 3757 506 3825 transmarinis
521 3757 702 3844 gentilibus
721 3757 933 3826 adheserunt.
959 3756 1030 3825 Rex
1044 3759 1141 3825 etiam
1158 3759 1295 3826 Francia
1313 3757 1410 3843 quin·
1505 3823 1506 3838 p

280 3857 440 3943 quaginta
457 3856 646 3944 civesville
673 3856 870 3924 Parisiensis
899 3854 1060 3944 suspendi
1086 3858 1227 3945 precipit
1243 3862 1409 3942 antepor-
1505 3849 1506 3870 l

281 3961 342 4044 tas,
370 3955 448 4041 quia
464 3954 726 4023 Flandrensibus
748 3954 949 4024 favorabiles
971 3954 1178 4024 videbantur.
1203 3956 1410 4044 Insuperper

280 4050 429 4144 diversas
455 4061 568 4141 partes
595 4056 690 4140 regni
718 4071 833 4122 omnes
860 4053 1067 4142 templarios
1094 4055 1283 4144 captivavit,
1309 4058 1409 4119 etre-

281 4149 388 4220 dactis
415 4151 510 4220 bonis
539 4170 651 4222 eorum
677 4156 710 4220 in
737 4171 831 4221 surim
859 4152 995 4244 liscum,
1030 4154 1273 4241 quinquaginta
1297 4170 1336 4220 ex
1361 4147 1407 4214 eis
