3096 4882
274 187 344 260 182
601 221 666 267 nus.
687 219 810 267 nussam
831 218 993 268 nuocvrcus
1015 221 1080 268 xxv.

186 370 255 426 1328
273 357 366 428 sidiis
392 375 487 448 spem
512 356 646 448 babere,
672 359 789 448 procul
818 359 1026 429 Ludovicum
1051 359 1164 448 ipsum
1188 360 1395 450 productione

273 475 371 545 quarn
398 457 494 526 bellis
512 457 634 546 apertis
657 455 808 545 fatigare.
850 458 998 528 Noverat
1017 457 1182 546 siquidem
1203 461 1316 549 populi
1333 457 1397 528 Ro·

271 559 358 624 mani
384 556 599 626 mobilitatem
626 562 726 644 atquc
753 557 1028 650 inconstantiam,
1056 557 1215 646 quodque
1242 560 1308 628 illis
1331 558 1397 626 Lu-

272 654 411 724 dovicus
430 657 504 743 plus
522 657 626 747 oneri,
655 674 753 743 quarn
773 657 996 726 emolumento
1019 657 1116 747 soret,
1144 656 1221 726 dum
1246 677 1320 726 cum
1337 658 1399 726 suis

272 754 455 844 Germania,
483 760 585 840 gente
612 756 722 824 solnta
749 760 782 823 et
806 756 993 847 licentiosa,
1019 757 1086 825 illis
1106 754 1241 826 fastidia
1265 757 1400 826 danno-

272 871 378 941 saque
405 853 494 922 tedia
520 852 666 924 inferret.
708 852 861 942 Curaque
888 873 1014 924 summe
1029 854 1175 925 Rcberto
1194 862 1275 948 erat,
1301 874 1342 925 ne
1364 853 1401 924 de

274 955 345 1022 suis
372 954 493 1021 finibus
520 953 683 1040 terrisque
710 955 806 1040 regni
832 956 1022 1046 perplana,
1050 972 1111 1044 per
1131 971 1259 1043 equora
1273 955 1402 1024 Romam

273 1070 407 1121 annona
439 1052 661 1139 victualiaque
689 1050 913 1143 deferrentur,
949 1072 1088 1141 quorum
1114 1057 1261 1124 carentia
1285 1053 1403 1123 Roma-

242 1169 335 1244 nus
361 1152 505 1239 populus
532 1149 730 1221 afficeretur.
770 1150 876 1239 quue
902 1149 1046 1221 Rcberto
1073 1152 1116 1221 ad
1140 1159 1256 1223 votum
1283 1169 1402 1222 succe-

270 1248 381 1318 debat.
429 1249 512 1318 Nam
547 1249 655 1318 subito
676 1249 793 1344 ¹Rome
827 1251 929 1319 multa
958 1253 1089 1340 irrepsit
1113 1269 1220 1321 rerum
1246 1253 1400 1338 carentia,

271 1354 385 1436 quaet
402 1348 585 1418 Germanos
607 1355 640 1417 et
656 1348 823 1418 Romanos
851 1348 1028 1418 admodum
1054 1351 1311 1438 coangustabat.
1353 1347 1401 1417 Ab

270 1448 485 1516 auxiliaribus
512 1449 663 1536 tyrannis
688 1447 886 1517 Lombardis
915 1449 1101 1537 Tusorsque
1117 1449 1313 1519 Ludovicus
1336 1449 1404 1518 ire-

270 1553 411 1634 quanter
437 1546 588 1616 subsidia
614 1548 816 1640 postulabat,
844 1549 901 1635 qui
926 1548 1016 1616 illurn
1036 1548 1210 1638 plurinum
1235 1551 1404 1638 pollicita-

268 1647 415 1715 tionibus
441 1645 678 1718 frustabuntur.
722 1645 914 1714 Castrucius
941 1652 1052 1716 tamen
1078 1665 1152 1715 curn
1178 1649 1289 1716 multis
1309 1649 1405 1716 Pisa-

268 1763 386 1814 norum
402 1745 604 1814 Lucensium
621 1753 653 1814 et
670 1763 803 1814 suorum
825 1745 1033 1814 subditorum
1050 1745 1166 1838 turbis,
1193 1749 1255 1834 uiri
1278 1747 1403 1816 strenui

270 1846 355 1912 sicut
382 1851 452 1913 erat
476 1847 571 1913 vices
593 1861 712 1934 agens,
738 1843 874 1913 Romam
899 1845 942 1913 ad
958 1843 1166 1914 Ludovioum
1192 1863 1230 1913 se
1257 1846 1405 1915 contulit.

267 1942 332 2010 Ubi
366 1944 486 2012 eximio
518 1942 631 2012 favore
664 1949 842 2032 susceptus
869 1963 889 2012 a
914 1943 1088 2012 Ludovico
1120 1949 1153 2012 ot
1177 1945 1305 2032 populo
1331 1944 1401 2012 Ro-

267 2058 384 2132 mano,
418 2060 497 2110 mox
528 2042 619 2110 urbis
654 2041 757 2111 Rome
789 2048 924 2112 senator
956 2048 1085 2112 creatus
1113 2047 1184 2132 est,
1213 2046 1404 2131 curiamque

268 2139 429 2208 Ludovici
456 2139 541 2208 adeo
568 2143 660 2208 auxit
684 2140 913 2226 magnitudine
939 2159 980 2210 ac
1006 2142 1132 2234 favore,
1159 2147 1196 2210 ut
1218 2144 1406 2231 quibusque

269 2239 448 2327 imperialis
482 2241 585 2328 partis
612 2258 672 2328 per
696 2241 887 2308 universam
913 2240 1043 2309 Italiam
1069 2241 1185 2310 amicis
1214 2259 1295 2332 spes
1323 2259 1407 2311 suc-

271 2344 471 2428 crescerent,
499 2339 637 2428 reliquis
664 2357 787 2425 magno
814 2341 914 2408 metui
942 2338 1062 2408 forent.
1526 2335 1527 2350 ¹

343 2437 489 2506 Ioannes
512 2457 600 2527 papa
627 2440 728 2508 tantis
757 2437 961 2509 anfractibus
990 2439 1246 2527 rumoribusquc
1270 2438 1409 2508 assidue

268 2536 570 2629 invalescentibus,
609 2540 673 2607 etsi
698 2543 808 2607 mente
834 2538 890 2608 vel
918 2536 1019 2606 corde
1046 2538 1198 2630 timidus,
1225 2538 1273 2606 nil
1300 2545 1410 2607 tamen

269 2635 416 2723 ambigui
441 2638 475 2704 in
502 2638 648 2725 patulum
675 2637 871 2728 ostendens,
898 2635 961 2705 Dei
979 2639 1119 2706 maxime
1138 2637 1260 2706 fiducia
1278 2637 1411 2706 adira-

269 2741 354 2802 trum
382 2735 618 2823 curialiumque
646 2736 897 2805 exhortationes
917 2736 1118 2827 erigebatur,
1145 2736 1212 2806 boc
1229 2754 1300 2804 non
1323 2753 1411 2805 oon-

270 2835 398 2919 tingere
437 2836 551 2924 aiens,
585 2835 650 2901 nisi
683 2840 721 2903 ut
746 2835 798 2902 his
831 2835 1068 2903 luctationibus
1105 2853 1145 2903 ac
1170 2835 1409 2905 vexationibus

269 2938 387 3000 sancta
413 2937 545 3000 crescat
570 2932 722 3002 ecclesia.
763 2932 918 3001 Inimioos
946 2953 1007 3002 sua
1032 2935 1181 3022 ipsorum
1208 2937 1409 3003 exterminet

268 3031 447 3118 pernicies.
472 3029 691 3119 Edictumque
706 3031 816 3099 subito
834 3034 1092 3120 peruniversam
1107 3033 1284 3101 ecclesiam
1295 3035 1412 3102 omni·-

268 3129 331 3196 bus
347 3128 500 3196 fidelibus
518 3131 642 3198 emisit:
668 3132 893 3198 aurocrorum
914 3134 1088 3199 missarum
1109 3132 1327 3217 solomonium
1352 3131 1407 3216 cs-

264 3227 350 3308 dcr'c's
368 3231 447 3314 post
462 3229 566 3296 Pater
588 3229 708 3297 Noster
724 3231 905 3297 oraticnem
918 3229 1095 3316 specialem
1112 3231 1160 3297 cd
1175 3231 1302 3299 altorio
1322 3247 1410 3300 con-

269 3327 357 3391 tari:
381 3331 538 3394 siccaret
555 3329 646 3395 Deras
667 3330 815 3396 inimicos
830 3345 893 3395 sna
908 3332 1033 3413 virtute,
1058 3331 1096 3395 at
1112 3330 1256 3397 ecclesia
1275 3330 1327 3398 illc·
1350 3327 1411 3397 rud

268 3423 368 3490 solito
392 3427 425 3492 et
452 3443 515 3500 sao
547 3426 695 3495 libertate
724 3429 911 3494 consenciat
941 3445 1000 3494 serr
1030 3426 1221 3496 subserviat.
1272 3427 1406 3497 Addita

268 3525 414 3612 psalmo:
442 3523 560 3591 letetur
578 3543 649 3592 sanc
665 3528 699 3593 in
717 3525 776 3609 bis,
803 3544 864 3612 quc
887 3527 977 3594 dicto
992 3530 1068 3594 sant
1085 3525 1170 3610 mibi,
1197 3531 1257 3594 etc.

342 3623 463 3692 Mirum
489 3622 569 3710 quid
597 3629 676 3712 post
705 3625 805 3693 edicti
832 3625 930 3692 huius
962 3625 1229 3694 decantationem
1263 3631 1415 3695 notatur.

267 3722 388 3790 Evenit
414 3724 511 3812 enim,
537 3728 574 3791 ut
592 3723 663 3790 eius
681 3724 802 3792 virtute
830 3725 927 3808 signa
951 3741 1011 3813 per
1037 3740 1097 3792 eos
1126 3723 1198 3794 dies
1221 3724 1415 3794 subsecuta

269 3823 345 3890 sint.
387 3821 583 3890 Passerinus
609 3821 746 3890 Mantua
773 3828 945 3912 tyrannus,
973 3823 1022 3890 vir
1047 3824 1285 3914 astutissimus,
1313 3827 1416 3892 cuius

269 3923 409 3988 maxime
445 3920 546 3989 ductu
581 3921 802 4008 consultoque
827 3919 1022 3992 Ludovious
1056 3925 1091 3990 in
1126 3922 1252 3990 Italiam
1278 3929 1415 3992 tractus

270 4021 434 4110 extiterat,
462 4019 503 4087 ab
523 4019 695 4089 Ludovieo
719 4019 761 4088 de
782 4020 941 4107 Gonzaga
961 4029 993 4090 et
1009 4021 1086 4112 ilio,
1114 4038 1157 4089 ex
1174 4022 1415 4092 coniuratione

271 4135 343 4191 curn
379 4117 469 4186 Cane
504 4119 627 4188 Grandi
659 4119 748 4188 della
781 4119 879 4188 Scala
915 4121 1043 4210 habita,
1079 4119 1295 4208 presidioque
1336 4123 1415 4191 eius

270 4217 377 4286 inscio
403 4217 582 4287 Passarino
614 4220 648 4286 in
674 4219 843 4288 Mantuam
870 4227 1027 4309 accepto,
1056 4219 1269 4288 obtruncatus
1294 4237 1415 4290 neca-
