3044 4882
464 234 613 282 vonimus
635 235 846 282 vrorornrnsrs.
881 232 907 301 3,
925 234 948 287 a.
1202 206 1272 278 335

227 371 325 464 „Heu
352 373 528 464 Meinbart,
555 381 648 442 actor
673 377 768 462 pacis
796 374 931 463 litisque
958 375 1127 467 subactor,

253 470 393 541 Cenobii
419 471 525 544 tactor
551 473 662 564 buius,
690 475 765 562 pius
792 479 826 542 ct
850 474 1055 563 benefactor,

252 567 315 650 Qui
342 572 482 641 similem
508 574 628 663 nescit,
656 572 724 640 dux
750 574 789 640 ct'
810 590 924 644 comes
950 575 1004 643 bic
1028 573 1221 663 requiescit,

252 668 309 738 Bis
336 672 585 758 quingentenos
612 689 720 742 annos
747 671 930 761 deciesque
956 675 1106 761 vicenos,
1135 705 1138 712 ¹

252 767 294 836 Et
319 787 519 856 nonagenus
546 773 667 857 iungas
694 771 824 840 medios
852 788 988 860 quoque
1014 771 1122 841 denos

252 867 333 936 Post
358 877 464 938 ortum
492 869 626 957 Christi,
654 877 733 938 tune
758 871 816 938 lux
841 870 904 940 bec
929 872 1054 942 tollitur
1079 871 1150 940 isti:

251 965 357 1047 Quem
384 966 503 1038 fratres
530 971 584 1038 isti
612 969 789 1058 deplorant
814 976 950 1058 pectore
977 965 1117 1040 tristi¹.“

200 1063 303 1136 Anno
327 1065 453 1138 domini
479 1069 730 1139 mcclxxxxvi.
744 1068 891 1137 Adolfus
911 1072 945 1138 in
962 1070 1106 1139 lttisnam
1121 1072 1155 1136 et
1173 1061 1351 1147 Thu-1295

127 1164 266 1250 ringiam
292 1168 463 1255 componit
489 1169 680 1258 exercitum,
707 1185 792 1256 quas
819 1174 924 1237 terras
946 1169 1110 1238 liudolfus
1128 1185 1186 1235 rex
1203 1167 1270 1235 im·
1286 1161 1352 1216 ¹29⁶

127 1265 221 1352 perio
247 1265 330 1333 mira
355 1265 567 1353 providentia
592 1266 761 1355 quondam
789 1267 948 1358 subdidit,
975 1287 1064 1337 nunc
1083 1284 1176 1356 vero,
1204 1283 1269 1334 ex·

127 1365 207 1432 ortis
242 1365 520 1434 commotionibus
554 1365 694 1458 ibidem,
729 1384 772 1435 nc
805 1369 976 1454 imperium
1010 1365 1165 1455 perderet
1197 1367 1269 1432 iura

127 1479 199 1553 sua,
226 1479 287 1532 rex
311 1464 495 1534 incolarum
521 1465 719 1534 insolentias
746 1465 924 1534 retundere
943 1467 1113 1552 cogitavit.
1148 1464 1270 1532 Senior

126 1563 216 1630 enim
241 1562 449 1649 lantgravius
475 1582 574 1634 veros
600 1564 745 1633 heredes
772 1565 843 1632 suis
869 1563 968 1634 bonis
983 1561 1268 1653 patrimonialibus

124 1661 231 1730 voluit
257 1662 414 1752 spoliare,
442 1681 528 1752 quos
544 1682 614 1732 ‘rex
639 1665 674 1732 in
701 1681 764 1732 sua
796 1663 923 1732 iustitia
957 1665 1087 1733 consuit
1121 1661 1268 1732 solidare

124 1766 158 1828 et
183 1777 292 1846 regno
318 1759 497 1832 fidelitates
523 1762 656 1831 debitas
686 1779 899 1832 conservare.

198 1856 273 1940 Quo
301 1858 389 1930 facto
416 1861 514 1930 rediit
539 1867 573 1930 ct
590 1861 790 1932 insolentius
806 1878 910 1947 agere
928 1862 1028 1951 cepit.
1062 1859 1129 1930 Res
1150 1857 1267 1928 eccle-

124 1958 247 2028 siarum
275 1965 391 2028 contra
416 1959 469 2030 fas
496 1966 530 2030 et
554 1961 712 2030 iustitiam
738 1959 918 2051 infestavit,
952 1962 1119 2029 civitatem
1145 1976 1267 2028 novam

123 2059 298 2147 exstruxit,
317 2058 360 2127 ad
377 2077 518 2148 eamque
541 2061 691 2149 episcopi
717 2059 906 2147 blaguntini
933 2065 967 2128 et
992 2060 1130 2130 aliorum
1156 2058 1266 2127 bomi-

122 2174 200 2226 num
230 2156 387 2227 nobilium
414 2158 566 2228 bomines
592 2161 749 2250 invitans,
776 2159 919 2229 libertati
946 2159 1095 2248 donavit,
1114 2162 1148 2226 et
1166 2173 1267 2228 veros

122 2255 279 2325 dominos
307 2259 377 2326 suis
404 2258 576 2346 obsequiis
604 2259 771 2348 spoliavit.
815 2258 856 2326 Et
882 2260 931 2326 sic
962 2277 1050 2346 pene
1084 2263 1202 2326 contra
1227 2273 1267 2324 se

122 2372 243 2430 ornnes
270 2356 403 2426 nobiles
429 2358 619 2426 concitavit.
666 2358 760 2427 Bene
786 2358 922 2426 meritos
949 2357 1081 2426 nobiles
1108 2356 1265 2424 bumilia-

119 2455 176 2542 vit,
205 2454 290 2524 viles
317 2462 352 2524 ct
377 2455 566 2543 degeneres
593 2456 762 2546 exalavit,
789 2462 823 2524 et
850 2473 911 2524 eos
939 2457 995 2544 qui
1021 2474 1094 2524 curn
1113 2460 1266 2524 avertere

119 2555 298 2624 voluerant
331 2557 548 2646 contempsit,
582 2563 616 2624 ct
650 2555 768 2624 salutis
803 2571 844 2624 ac
876 2555 1015 2623 bonoris
1047 2555 1171 2623 monita
1202 2570 1265 2641 pro

120 2652 247 2722 nichilo
275 2656 451 2745 reputavit,
477 2655 635 2724 nesciens
662 2671 800 2742 regnum
835 2671 931 2722 suum
965 2655 1000 2721 in
1033 2670 1172 2722 numero
1198 2669 1265 2740 ap-

116 2753 287 2840 pensione
314 2758 347 2822 et
372 2753 538 2823 divisione
565 2755 791 2845 constitutum,
824 2752 1048 2843 complendum
1083 2750 1264 2820 finiendum

117 2858 152 2920 ct
179 2852 276 2920 alteri
303 2851 463 2922 divinitus
489 2855 553 2922 iam
578 2855 759 2942 provisum.
809 2850 892 2920 Nam
926 2858 1056 2921 cometa
1091 2869 1151 2940 per
1176 2849 1264 2920 idem

117 2954 255 3045 tempus
282 2969 447 3041 apparens
474 2950 604 3021 futuros
631 2959 794 3043 eventus,
829 2957 867 3020 ut
900 2969 951 3040 ea,
980 2969 1046 3039 que
1074 2951 1163 3020 circa
1182 2953 1263 3018 ‘eum

116 3057 221 3137 gesta
247 3055 325 3118 sunt
349 3056 481 3141 postea,
507 3051 640 3120 videtur
665 3050 852 3122 manifestis
887 3051 1033 3142 indiciis,
1069 3049 1175 3138 longo
1205 3050 1264 3118 in-

114 3151 270 3218 vestiens
296 3167 375 3220 aera
400 3155 559 3240 tempore,
585 3167 803 3240 presagasse.

192 3245 293 3316 Anno
326 3248 452 3318 domiui
484 3249 751 3320 mcclxxxxmii.
783 3245 977 3318 Bonifaeius
1010 3263 1101 3336 papa
1132 3249 1263 3316 sextum
1280 3257 1347 3316 tter

114 3344 344 3417 Decretafium
370 3350 590 3437 compositum
625 3349 823 3438 publicavit,
857 3349 892 3416 in
929 3363 995 3433 quo
1029 3344 1071 3413 de
1106 3343 1263 3416 friderici

114 3445 263 3516 secundi
289 3446 501 3536 depositione
527 3449 728 3518 mentionem
755 3446 844 3518 facit.
889 3445 1094 3514 Scenitarum
1113 3441 1263 3514 ordinem

112 3545 158 3614 ad
198 3544 413 3638 CarmelitaS,
447 3546 671 3615 Wifbelmitas
705 3546 747 3615 ad
780 3545 969 3616 Heremitas
1003 3542 1181 3613 transtulit
1221 3541 1264 3612 Et

114 3644 253 3714 Saccito
280 3645 413 3732 quidem
448 3651 527 3716 sunt
560 3646 691 3715 sublati.
743 3645 947 3714 Wilbelmite
982 3641 1262 3712 convalescentes

112 3745 237 3814 iterum
263 3751 488 3834 surrexerunt,
514 3745 654 3834 plurima
681 3751 748 3812 turn
767 3745 842 3814 foca
862 3761 977 3814 eorum
996 3739 1263 3828 Augustinemsi-

112 3843 182 3912 bus
208 3835 465 3932 provenerunt².
507 3843 773 3932 Columpneuses
800 3862 840 3912 ac
875 3860 988 3912 eorum
1022 3846 1165 3931 nepotes
1198 3858 1264 3910 us-

113 3960 185 4031 que
212 3941 255 4010 ad
282 3943 438 4030 quintam.
455 3945 707 4029 generationem
744 3961 788 4012 nc
815 3941 858 4012 ad
884 3941 1066 4027 dignitates
1092 3939 1264 4027 recipian-

113 4049 171 4110 tur
200 4041 450 4112 ecclesiasticas
478 4041 747 4133 condempnavit,
775 4044 940 4111 civitatem
968 4045 1001 4109 ct
1028 4044 1170 4109 castrum
1198 4055 1263 4108 eo·-

110 4157 189 4210 rum
215 4143 431 4232 expugnavit,
459 4147 493 4210 ct
518 4141 592 4210 aliis
618 4141 897 4230 possessionibus
916 4139 1082 4228 spoliavit,
1102 4154 1165 4206 nec
1184 4137 1263 4226 pla·-

149 4260 185 4327 1)
205 4259 257 4314 fler
274 4261 355 4316 letzte
373 4271 434 4314 vers
451 4259 486 4313 ist
503 4262 599 4313 zusatz.
633 4259 650 4312 2
652 4268 665 4327 j
684 4257 840 4314 saeuiturum
864 4253 904 4310 bis
921 4257 1099 4325 prevenerunt
1116 4255 1151 4308 ist
1168 4257 1265 4308 zusatz.
