3096 4882
313 174 384 242 illi
644 201 708 246 nno.
732 199 854 246 nussam
875 199 1038 246 nuuoucus
1060 199 1126 247 unu.

229 341 417 427 tetraptota
438 341 490 408 uu
511 339 653 426 plotium
674 355 740 406 uon
757 339 895 422 omittat,
921 341 1128 424 etquattuor
1148 337 1430 425 tpstllomarttpo-

311 440 447 522 tuerint,
471 442 508 506 ut
530 442 700 523 utromque
725 438 853 521 semor,
878 437 1082 522 spiritualem
1108 437 1381 524 attemperatum,
1402 440 1432 506 tn

310 538 390 606 urbe
404 538 538 605 oldeout
551 555 593 604 ao
605 537 750 621 faueant,
776 536 889 604 oolartt
905 542 936 603 et
952 541 1153 620 uenerantur,
1171 555 1294 623 operas
1313 537 1432 620 dadum
1519 593 1520 600 ,

310 637 517 722 llmoaueque
539 635 613 703 urht
639 635 762 719 factem
791 634 1036 703 mouarohr‘oaru
1058 636 1148 704 orbis
1175 641 1262 704 terre
1287 635 1433 704 obserua-

311 736 396 806 huot.
433 736 522 823 Papa
546 734 749 821 legationem
766 733 986 803 Romanorum
1004 735 1153 822 benigno
1177 735 1276 804 allatu
1303 735 1434 804 lucetis-
1519 819 1520 830 χ

311 853 376 923 quo
404 834 679 923 allocutionibus,
716 832 992 920 quemadmodum
1019 835 1085 904 alte
1111 834 1303 922 eloquentie
1329 837 1435 903 scien·
1519 831 1520 922 ]

311 937 424 1022 tieque
443 933 592 1022 preditus
612 937 693 1023 erat,
712 935 911 1023 suscipione,
931 933 1179 1002 deliberandum
1198 934 1435 1002 cumfratribus

312 1031 471 1102 sibilare
497 1033 610 1119 magni
638 1034 795 1101 momenti
824 1034 1009 1101 consilium.
1054 1034 1140 1102 Dum
1166 1051 1276 1121 neque
1302 1035 1336 1101 in
1360 1051 1437 1122 pro·
1519 1029 1520 1036 ἶ

311 1133 422 1222 posito
450 1131 549 1200 solito
574 1130 710 1200 Romam
736 1135 784 1200 ire
804 1134 1017 1223 consisteret,
1044 1133 1176 1220 legatos
1195 1132 1313 1201 mediis
1334 1133 1436 1201 verbis

310 1250 372 1319 por
398 1230 470 1300 dies
496 1230 609 1320 plures
637 1247 824 1318 suspensos
850 1234 965 1300 tenuit.
1004 1232 1090 1300 Dum
1110 1237 1143 1300 et
1160 1238 1283 1301 certum
1298 1249 1437 1321 respon-

238 1357 294 1396 mn.
313 1347 385 1398 sum
405 1331 631 1418 querentibus,
658 1348 785 1397 moram
799 1332 1067 1416 interponendam
1079 1332 1170 1416 iufra
1184 1349 1284 1417 quam
1299 1331 1437 1399 Romane
1519 1371 1520 1416 3

244 1410 277 1463 ²⁷
313 1429 450 1496 eoeleste
467 1430 670 1497 commodior
685 1431 912 1514 opportunitas
926 1434 1125 1515 captaretur,
1141 1430 1325 1518 respondit.
1349 1431 1438 1513 liant,
1519 1425 1520 1476 ³

312 1528 451 1596 eoeleste
470 1531 567 1596 matri
584 1545 642 1594 sue
656 1529 755 1610 fidem
776 1527 954 1596 abacelam
974 1534 1111 1596 seruent.
1153 1529 1228 1596 Nou
1252 1530 1437 1610 toleratos,
1519 1529 1520 1536 ’

312 1629 443 1714 qucum
473 1626 644 1711 focaudus
669 1645 691 1694 a
712 1631 818 1694 matre
846 1627 989 1695 eeclesia
1012 1645 1139 1713 semper
1162 1628 1225 1712 foti
1250 1633 1350 1714 atque
1374 1627 1439 1694 otto
1519 1631 1520 1712 ζ

310 1726 391 1810 siut,
417 1727 552 1811 imperto
577 1725 726 1801 Romano
747 1725 1058 1812 imperatoribusque
1083 1728 1271 1794 iamdudum
1295 1728 1438 1795 aduersis
1519 1715 1520 1780 t

311 1829 344 1892 et
367 1823 662 1910 mecamoamr'hus.
712 1824 849 1908 Norint,
876 1826 956 1910 quta
987 1825 1175 1911 specialiter
1207 1843 1230 1892 a
1265 1827 1438 1908 Germaro'o,

310 1927 528 2008 quantumque
544 1924 594 1990 sut
618 1924 760 1990 maiores
780 1941 909 2010 semper
932 1925 1200 1992 contumeliorum
1221 1930 1254 1991 et
1261 1941 1438 2010 pressura·
1519 1933 1520 1958 i

309 2039 383 2089 rum
405 2023 601 2106 acceperint,
627 2026 733 2088 matre
756 2023 899 2102 eeclesia
921 2041 1153 2110 usquequaque
1178 2024 1371 2108 consonante
1388 2024 1441 2090 aut
1519 2063 1520 2086 t

309 2137 453 2205 uuquam
469 2121 645 2202 deficiente.
684 2119 804 2207 Legati
826 2140 906 2209 egre
927 2141 1052 2212 apapa
1070 2124 1236 2192 conciliati
1259 2122 1439 2192 disceden-
1519 2141 1520 2148 ¹

310 2225 363 2288 tes
389 2217 525 2288 Romam
551 2219 751 2307 applicuere.

384 2316 523 2386 Romani
546 2319 589 2386 iis
615 2317 901 2409 frustrationibus
928 2325 965 2387 ut
990 2338 1009 2386 a
1037 2339 1123 2409 papa
1146 2320 1251 2410 illusi,
1279 2319 1440 2388 communi
1519 2399 1520 2416 χ

311 2433 456 2485 assensu
482 2417 525 2486 ad
550 2417 755 2486 Ludovicum
782 2420 917 2487 nuntios
943 2420 1127 2487 miserunt:
1152 2418 1289 2487 Romam
1315 2420 1440 2497 uertat·
1519 2429 1520 2518 t

308 2514 487 2600 lloruoru's,
516 2517 716 2603 imperioque
740 2535 800 2584 suo
828 2517 927 2585 libero
946 2520 1112 2603 potiatur,
1139 2520 1191 2585 oui
1215 2537 1252 2586 sa
1271 2521 1440 2604 parituros

307 2614 400 2699 ferro
425 2617 492 2702 taut
524 2615 671 2684 omuibus
699 2615 861 2702 obsequtts
886 2617 1097 2702 spondebant.
1143 2617 1227 2686 Mox
1250 2616 1439 2687 Ludovicus

309 2731 543 2802 prosperarum
576 2733 684 2783 rerum
710 2733 903 2785 successum
929 2734 998 2784 non
1024 2733 1187 2806 renuens,
1214 2715 1439 2786 Mediolanum
1519 2801 1520 2806 Ἰ

310 2829 482 2904 egressus,
508 2832 568 2902 por
583 2813 753 2882 breviores
773 2821 902 2884 meatus
917 2815 1148 2885 Lambardiam
1167 2831 1367 2907 peragrans,
1387 2833 1441 2903 per
1519 2873 1520 2900 ,

308 2909 485 2980 Lunenses
500 2929 601 2998 agros
614 2913 710 2980 Pisas
724 2915 907 3004 contendit,
934 2913 1080 3002 indeque
1093 2916 1192 2983 celeri
1210 2933 1308 2982 cursu
1325 2914 1439 3004 paucis
1519 2907 1520 2930 ¹

225 3008 409 3076 benedictis
433 3008 568 3079 Romam
591 3013 765 3097 ingressus
789 3019 851 3083 est.
871 3014 1017 3102 Populus
1035 3013 1214 3104 Romanae,
1240 3020 1278 3082 ut
1299 3014 1376 3083 Deo
1401 3013 1439 3080 ab

235 3101 291 3208 ¹21⁴·
310 3109 453 3176 excelsis
468 3113 624 3178 veniente
640 3113 790 3202 gavisuS,
806 3113 896 3182 illum
915 3115 1046 3200 magnis
1067 3113 1293 3182 alaonmtibus
1316 3130 1439 3203 preco·
1519 3111 1520 3152 ³

307 3207 502 3294 niorumque
529 3210 743 3296 applausibus
771 3215 911 3301 excepit.
1519 3205 1520 3252 ³

382 3305 444 3374 Per
469 3325 529 3376 ecs
556 3307 628 3376 dies
655 3309 846 3399 Stephanus
874 3311 916 3380 de
947 3309 1109 3379 Columna
1134 3317 1168 3378 et
1192 3311 1373 3380 Ponzellus
1400 3308 1439 3378 de
1519 3371 1520 3380 ,

308 3403 435 3474 Ursinis
462 3424 482 3471 a
506 3404 651 3475 Roberto
684 3427 767 3494 rege
798 3411 895 3478 zonis
927 3411 1123 3478 militaribus
1155 3411 1270 3501 chroti,
1297 3428 1361 3498 pro
1388 3427 1438 3496 eo,
1519 3413 1520 3480 ἶ

307 3503 398 3591 quod
424 3503 467 3572 ob
493 3505 527 3572 id
552 3506 678 3594 populo
704 3511 852 3598 suspecti
879 3509 1088 3600 haberentur,
1116 3509 1157 3577 ah
1173 3511 1332 3597 ingressu
1350 3508 1439 3577 urbis

307 3603 497 3672 abstinuere
522 3605 557 3673 in
583 3605 741 3691 proximis
768 3609 909 3677 coloniis
937 3609 1169 3678 subsistentes.
1222 3609 1321 3677 Sarra
1347 3623 1438 3696 vcro,

306 3701 408 3772 irater
435 3703 614 3792 Stephani,
640 3705 766 3792 populo
795 3708 964 3798 complex,
992 3715 1025 3776 et
1049 3711 1253 3796 imperatoris
1279 3709 1439 3796 imperia·
1519 3745 1520 3792 ,

304 3802 414 3891 lisque
440 3805 543 3892 partis
568 3803 694 3871 relator
721 3821 760 3872 ac
785 3805 903 3896 lautos,
931 3809 1057 3896 populo
1083 3809 1116 3874 in
1144 3825 1259 3876 omnes
1284 3809 1380 3874 vices
1407 3808 1439 3872 et
1519 3841 1520 3848 κ

305 3902 576 3972 necessitudines
603 3901 743 3983 adhesit
792 3905 833 3972 Et
858 3907 931 3994 ipse
958 3907 1163 3995 Stephanum
1189 3912 1222 3974 et
1247 3906 1440 3975 Ponzellum
1519 3939 1520 3958 κ

307 3998 512 4094 detestatus,
545 4001 718 4072 ludovico
751 4019 789 4070 se
815 4001 977 4074 fautorem
1012 4007 1305 4093 consultorumque
1338 4004 1439 4074 adhi-

305 4097 386 4169 buit.
434 4101 557 4188 Sicque
589 4101 751 4170 Ludovici
777 4101 997 4173 Romanorum
1024 4107 1114 4189 regis
1139 4123 1261 4174 nomen
1288 4123 1328 4173 ac
1356 4107 1439 4172 titu-

304 4197 382 4288 lum,
408 4200 613 4271 vociferante
639 4201 781 4292 populo,
808 4204 899 4272 illum
923 4206 1030 4272 atcere
1054 4221 1097 4271 ao
1121 4220 1281 4290 reptare,
1308 4205 1343 4272 iu
1371 4202 1439 4270 Ca·
1519 4217 1520 4224 ¹
