3044 4882
473 225 615 274 ronanuus
635 225 842 274 ricronrrnsrs.
877 225 902 294 a,
921 225 944 280 6.
1202 197 1273 270 3¹7

135 365 216 434 tioni
243 383 317 434 cum
344 381 460 434 omnes
487 381 691 434 consensum
717 364 899 435 tribuerent
925 373 959 437 et
984 367 1188 458 gaudenter,
1216 386 1275 438 rex

135 464 270 533 indutus
297 464 476 553 regalibus,
506 464 635 532 vexillis
663 470 697 532 et
722 465 829 550 signis
863 467 1104 556 principatuum
1137 466 1274 554 predic-

133 569 240 632 torum
268 562 486 654 radiantibus,
512 560 686 630 Albertum
712 561 830 632 ducem
855 561 990 634 Austrie
1018 572 1052 633 et
1078 565 1185 654 Stiria,
1206 565 1273 635 do·

133 666 258 732 minum
284 661 457 748 Carniole;
482 659 659 730 lludollum
692 661 811 730 ducem
844 659 1008 755 Swevic¹,
1041 663 1273 732 Meinbardum

134 761 254 830 ducem
280 761 451 828 Karintbic
479 760 687 850 designavit,
722 763 778 848 qui
803 764 939 848 triginta
972 763 1060 831 milia
1091 780 1272 832 marcarum

134 863 207 946 regi
234 859 353 928 dicitur
378 859 553 948 optulisse,
580 859 635 927 alii
661 859 775 927 dicunt
803 860 989 930 Carniolam
1017 861 1080 929 sibi
1099 863 1274 950 impigno-

132 966 236 1028 ratam
263 976 323 1048 pro
350 959 468 1044 viginti
495 955 626 1026 milibus
653 976 835 1026 marcarum
859 959 902 1027 ad
926 958 1054 1030 Albcrti
1081 961 1197 1046 generi
1222 960 1273 1028 sui

135 1059 278 1146 gloriam
304 1056 584 1146 prosequendam.
619 1055 690 1126 Rex
716 1063 826 1127 autem
851 1056 1024 1127 Albcrtum
1050 1059 1189 1149 dimisit,
1217 1060 1274 1126 in-

135 1164 296 1226 structum
324 1156 366 1225 ad
393 1173 496 1244 opera
520 1156 707 1247 probitatis,
734 1162 770 1224 ut
797 1159 983 1247 sapientum
1018 1158 1166 1226 consiliis
1193 1164 1273 1225 utc-

130 1263 234 1343 retur,
262 1256 364 1323 nichil
389 1255 625 1343 precipitanter
651 1261 776 1346 ageret,
799 1273 966 1346 pauperes
986 1275 1054 1326 nou
1073 1257 1273 1344 despiceret,

131 1356 267 1425 nobiles
303 1353 456 1440 diligeret
490 1360 523 1421 et
561 1371 598 1422 sc
641 1355 793 1422 omuibus
836 1354 1074 1444 conformaret,
1118 1355 1273 1424 versibus

133 1453 312 1523 Claudiani
337 1452 381 1521 ad
407 1452 644 1542 Theodosium,
672 1454 727 1540 qui
754 1453 846 1522 dicit.

236 1603 481 1620 .....
532 1552 651 1642 „Tunc
676 1551 908 1621 observantior
934 1552 1011 1639 equi

235 1652 286 1720 Fit
311 1650 467 1740 populus,
494 1667 559 1718 nec
583 1649 670 1718 serre
696 1657 808 1743 negat,
836 1670 908 1722 oum
934 1650 1055 1719 viderit
1080 1651 1187 1738 ipsum

236 1747 414 1819 Auctorem
438 1767 557 1838 parere
584 1750 657 1818 sibi.
698 1748 912 1839 Componitur
938 1749 1027 1818 orbis

234 1848 337 1936 Regis
363 1848 407 1917 ad
433 1848 638 1937 exemplum3
669 1866 732 1916 nec
759 1851 807 1918 sio
832 1849 1002 1920 inflectere
1029 1861 1151 1916 sensus

235 1948 408 2016 Humauos
435 1946 544 2016 edicta
568 1947 680 2015 valent
707 1965 804 2034 qaam
828 1950 896 2016 vita
916 1948 1076 2036 regentis,

237 2047 364 2116 Mobile
392 2052 534 2114 mutatur
560 2063 692 2135 semper
718 2065 791 2114 cum
817 2049 965 2136 principe
990 2040 1151 2130 vulgus“

131 2146 311 2215 Mandavit
337 2145 401 2213 sibi
428 2147 525 2214 ctiam
552 2144 594 2212 de
620 2147 743 2234 nuptiis
770 2145 877 2214 fratris
905 2151 937 2214 ct
957 2147 1080 2214 sororis
1101 2162 1173 2211 cum
1194 2142 1275 2228 glo·

131 2249 182 2314 ria
218 2243 438 2314 celebrandis.
485 2241 666 2332 Deputavit
702 2263 836 2332 quoque
876 2245 939 2313 sibi
976 2243 1199 2311 Hermannum
1233 2240 1275 2308 de

132 2343 391 2433 Lanuenbercb,
420 2341 642 2410 Eberhardum
669 2342 711 2410 de
738 2343 854 2411 Walse
881 2345 1093 2430 secretarios,
1122 2340 1275 2408 Swevice

132 2442 303 2530 nationis,
332 2439 506 2509 Australes
533 2441 576 2509 de
601 2440 801 2532 Micbsowc,
820 2441 862 2510 dc
881 2441 1026 2531 Capella,
1048 2439 1089 2507 de
1111 2439 1276 2524 Lengcn-

132 2542 244 2632 pach,
271 2541 314 2609 dc
340 2540 500 2608 Pucbaim
522 2540 731 2610 consiliarios
760 2541 790 2608 ci
816 2543 948 2629 statuit,
976 2542 1064 2608 viros
1084 2537 1215 2605 nobiles
1243 2544 1276 2604 et

131 2641 331 2732 prudentes,
359 2645 480 2728 optans
508 2641 538 2706 ci
563 2657 734 2728 prospera.
767 2639 883 2709 Filium
909 2640 957 2709 sic
984 2637 1117 2706 dimisit.
1159 2636 1275 2702 Gene-

132 2759 210 2810 rum
246 2755 341 2808 suum
375 2756 491 2825 regem
520 2738 679 2808 Bobcmie
712 2736 862 2806 brucldc
889 2740 1049 2826 episcopo
1076 2733 1274 2804 Babenbcr-

133 2840 239 2927 geusi
264 2837 483 2927 educandum,
511 2842 544 2904 et
569 2837 735 2906 nobilibus
763 2843 849 2906 terre
870 2836 1010 2905 fideliter
1023 2833 1276 2904 commendavit.

211 2933 369 3006 Albertus
395 2938 487 3006 iussa
511 2937 616 3024 patris
645 2936 794 3028 explens,
821 2954 880 3025 pro
907 2937 1025 3004 ceteris
1052 2933 1205 3002 iratribus
1233 2931 1274 2999 dc

128 3035 258 3106 Walse
282 3035 396 3104 Ulrico
427 3034 583 3103 Heinrioo
609 3033 778 3103 Fridcrico
805 3036 903 3104 misit.
940 3033 1003 3116 oar
1029 3033 1140 3102 natale
1167 3031 1275 3100 solum

133 3137 386 3225 relinquentes,
419 3130 556 3202 Alberto
589 3134 623 3200 iu
658 3134 811 3203 omnibus
843 3134 977 3202 casibus
1003 3131 1274 3201 constantissime

135 3235 363 3323 adheserunt,
389 3229 590 3302 Australium
619 3231 825 3320 Styrienscm
849 3232 1004 3318 sanguini
1024 3249 1062 3298 se
1082 3233 1274 3318 miscentes,

132 3333 300 3402 famosam
333 3338 366 3400 et
398 3332 500 3399 latam
534 3337 599 3399 tam
630 3332 665 3398 in
695 3331 823 3399 bonore
851 3349 948 3417 quam
974 3329 1095 3397 divitiis
1122 3328 1275 3398 familiam

133 3433 331 3522 elicocrunt,
360 3437 393 3498 et
406 3432 476 3499 suis
491 3432 525 3498 in
543 3437 712 3520 posterum
733 3430 808 3497 filiis
831 3429 929 3497 iidem
947 3446 1019 3496 oum
1037 3427 1136 3495 bonis
1158 3427 1274 3515 operi-

132 3531 199 3600 bus
226 3531 439 3618 rcliquerunt.
483 3529 561 3598 Dux
587 3530 685 3596 etiarn
718 3528 873 3618 operibus
907 3526 1113 3596 liberalitatis
1140 3532 1173 3593 et
1198 3543 1275 3592 rnu-

133 3630 306 3698 uilicentic
337 3628 530 3719 insistebat,
565 3627 696 3696 nobiles
732 3625 775 3694 ad
808 3645 846 3695 se
873 3629 1047 3696 venientes
1084 3621 1125 3692 de
1153 3623 1274 3694 exteris

134 3729 290 3818 partibus
305 3728 409 3813 largis
434 3725 632 3796 honorando
659 3725 859 3816 muneribus,
887 3744 1009 3794 nomen
1031 3717 1128 3792 suum
1144 3729 1177 3791 et
1194 3723 1273 3808 glo-

134 3829 220 3896 riam
244 3828 347 3913 longe
374 3825 507 3914 lateque
535 3824 721 3916 dilatando,
748 3827 839 3894 iuxta
859 3823 1076 3904 ¹Salomonem
1103 3823 1159 3910 qui
1182 3820 1274 3890 dicit:

135 3926 308 4018 „Gloriam
335 3930 368 3992 et
392 3925 553 3993 honorem
580 3926 738 4015 acquiret,
766 3927 820 4012 qui
848 3924 905 3992 dat
930 3917 1101 3990 munera.“

214 4025 355 4093 Moritur
375 4024 440 4092 boc
463 4043 552 4092 anno
582 4023 766 4093 Fridericus
793 4022 1063 4110 archiepiscopus
1094 4017 1273 4088 Salozbur-
1292 4033 1358 4086 last

173 4183 205 4248 l]
223 4183 287 4236 Dies
310 4183 345 4236 ist
367 4181 489 4248 irrtbum3
514 4181 611 4236 liudolf
631 4163 770 4236 erneuertc
787 4181 833 4236 das
850 4181 1015 4248 berzogtbum
1033 4179 1177 4234 Scbwabeu
1196 4177 1273 4245 nicbt,

135 4251 203 4306 aucb
223 4251 266 4304 bat
283 4251 339 4304 sict
357 4254 416 4304 scin
434 4250 500 4305 sobn
520 4253 564 4303 nie
582 4252 664 4304 einen
681 4251 778 4318 berzcg
796 4266 847 4304 von
868 4249 1013 4304 senneber
1031 4254 1157 4317 genuum.
