3002 4880
282 241 326 310 18
591 268 736 314 cunouron
757 268 794 312 nn
815 267 914 312 cnsrrs
935 269 1102 314 rnrucrrurr.

281 407 435 497 agendis,
463 425 501 476 se
520 411 570 476 eis
588 407 737 476 exhibuit
762 405 936 474 duriorem.
988 403 1086 486 Quod
1115 406 1316 476 dissimulare
1339 421 1397 471 non

282 510 452 596 valentes,
486 506 641 576 videlicet
665 507 775 595 ipsurn
807 523 876 572 non
903 521 981 572 esse
1010 507 1175 574 sincerum
1202 514 1311 574 contra
1335 519 1396 590 eos,
1488 584 1489 591 ἵ

283 608 368 675 rnala
401 606 572 674 voluntate
607 610 770 692 concepta
809 603 971 672 adversus
1006 622 1091 695 curm,
1126 607 1230 673 rarius
1257 610 1289 674 ef
1317 605 1397 671 lento

284 706 387 792 gradu
416 707 488 772 eius
516 707 637 774 curianr
663 704 934 792 frequentarunt.

360 805 441 874 Post
465 804 538 894 hec,
566 821 635 871 non
661 804 763 871 multo
791 804 963 869 interiecto
991 806 1149 891 ternpore,
1178 820 1265 871 anno
1290 761 1400 868 donini
1491 829 1492 850 r

201 895 568 976 129111111111111111
602 901 754 970 dominus
783 898 964 968 Ludwicus
992 901 1128 968 illustris
1162 899 1230 970 dux
1252 901 1400 986 Bawarie,

283 1023 356 1074 curn
384 1004 503 1071 esset
495 1021 528 1070 ur
546 1000 776 1090 Haidelberch,
804 999 1022 1068 infrrnritatern
1041 1017 1175 1085 gravem
1197 998 1308 1068 incidit
1332 1015 1400 1066 eor·

282 1103 440 1193 porafcnr,
468 1107 501 1169 et
519 1102 628 1169 subito
647 1103 903 1186 ingravescente
922 1101 1070 1186 corporis
1090 1091 1264 1167 molestia²
1284 1099 1400 1185 despe-
1489 1109 1491 1188 ,'

282 1204 362 1270 ratis
389 1221 409 1270 a
434 1199 571 1268 medicis
599 1200 782 1268 consulitur
807 1201 852 1289 ei,
887 1203 924 1266 ut
949 1199 1075 1284 cogitet
1100 1196 1142 1265 dc
1170 1198 1278 1266 salute
1305 1199 1401 1266 anime
1489 1205 1491 1248 ³

284 1307 317 1369 et
343 1299 558 1369 confessione
592 1300 707 1387 previa
749 1300 903 1366 viaticum
936 1298 1077 1384 recipiat
1109 1299 1261 1366 salutare.
1313 1292 1402 1376 Quod
1489 1351 1490 1354 ,

284 1399 396 1468 diuina
421 1401 604 1486 inspirante
631 1399 738 1484 gratia
764 1413 832 1464 non
858 1396 1050 1485 negligens,
1077 1397 1137 1464 rite
1173 1395 1402 1466 ecclesiasticis

282 1500 427 1587 receptis
455 1499 683 1587 sacramentis,
711 1497 859 1563 instante
885 1495 998 1562 ultima
1023 1494 1105 1563 bora
1130 1497 1196 1582 uite
1224 1513 1305 1586 sue,
1342 1509 1402 1560 non

282 1599 442 1666 inrneuror
474 1596 678 1666 fundationis
717 1612 778 1664 sue
815 1595 850 1662 in
875 1594 1095 1684 Fiirstenvelt,
1127 1595 1223 1678 jubet
1258 1613 1297 1663 se
1333 1595 1404 1682 post

283 1699 406 1765 exitum
441 1715 537 1764 suurn
572 1696 648 1764 illuc
675 1693 751 1761 duci
784 1710 824 1760 ac
851 1692 993 1781 sepeliri.
1043 1693 1084 1760 Et
1117 1692 1180 1761 bec
1207 1692 1349 1762 dicendo
1376 1695 1406 1758 et

166 1820 269 1862 nnn.
285 1796 350 1864 adia
377 1797 535 1864 salutaria
560 1795 685 1862 monita
710 1794 744 1858 in
779 1792 892 1876 vigilia
916 1790 1157 1879 purificationis
1183 1791 1283 1862 beate
1308 1789 1405 1860 Marie

227 1875 242 1927 ¹
283 1893 421 1962 feliciter
447 1894 637 1980 exspiravit.
688 1888 762 1970 Quo
789 1896 917 1958 rncrtuo
945 1889 1106 1958 cffrciales
1145 1893 1197 1959 sui
1224 1891 1267 1960 ad
1289 1899 1405 1961 terram

283 1997 437 2062 suamet
471 1991 513 2060 ad
540 1991 719 2058 claustrum
752 1988 957 2058 fundationis
994 2006 1054 2058 sue
1081 2008 1149 2059 non
1184 1992 1257 2058 sine
1285 2005 1404 2060 merore

283 2109 379 2159 suuni
412 2089 580 2159 dominum
617 2094 779 2157 mortuum
815 2087 1025 2156 reduxerunt.
1089 2087 1195 2169 Quern
1228 2109 1308 2159 vere
1342 2091 1405 2156 tcta

281 2191 433 2258 Bawaria
459 2190 620 2277 plangere
647 2187 807 2254 debuerat
834 2194 867 2254 et
891 2187 1039 2277 plorare,
1072 2190 1149 2275 quia
1174 2190 1249 2278 ipso
1277 2191 1406 2260 vivente

281 2307 388 2356 rerurn
415 2289 586 2376 opulentia
611 2291 644 2353 et
669 2287 763 2374 pacis
791 2285 1016 2354 habundantia
1043 2289 1076 2354 et
1106 2289 1208 2357 multo
1235 2285 1405 2358 commodo

281 2387 463 2473 fruebatur,
491 2389 565 2475 ipsc
593 2391 703 2452 autem
729 2382 771 2452 dc
798 2384 907 2452 ruedio
935 2384 1078 2473 sublato,
1104 2387 1215 2454 multis
1231 2391 1326 2458 rnafis
1344 2405 1406 2474 cp·

280 2503 401 2575 pressa
420 2487 492 2554 sine
507 2487 708 2573 cessatione,
736 2484 839 2552 multa
854 2484 1043 2576 discrimina
1062 2501 1123 2551 seu
1140 2487 1287 2571 pericula
1303 2501 1405 2572 usque
1492 2479 1493 2510 ³

280 2589 314 2655 in
341 2585 428 2654 dicun
453 2588 575 2674 patitur
600 2584 806 2652 hodiernum.
859 2581 940 2650 Cum
966 2588 1076 2651 autern
1093 2581 1225 2652 delatus
1253 2591 1348 2654 esset
1368 2580 1407 2649 ad

279 2685 390 2754 locum
417 2703 483 2771 quo
510 2687 583 2773 ipse
606 2687 770 2772 jusserat,
807 2680 849 2750 ad
880 2683 1058 2750 claustrum
1084 2680 1240 2751 uidelicet
1264 2685 1301 2752 in
1326 2683 1406 2751 ffu-

281 2785 436 2873 stcnuelt,
464 2783 555 2870 quod
580 2785 654 2871 ipse
681 2780 887 2871 fundauerat,
915 2781 959 2848 ibi
987 2780 1140 2848 dominus
1168 2778 1247 2850 Otto
1273 2781 1408 2851 illustris

281 2883 349 2954 dux
374 2883 544 2972 Bawarie,
580 2880 779 2948 venerabilis
806 2879 932 2948 Enicho
959 2878 1184 2965 Frisingensis
1217 2883 1408 2970 episcopus,

281 2979 435 3048 dominus
469 2978 634 3049 Reinboto
668 2979 881 3067 Eystetensis
916 2980 1115 3068 episcopus,
1152 2977 1409 3066 Ratisponensis

175 3167 178 3175 Ι
282 3081 461 3168 episcopus
489 3084 522 3145 et
556 3079 648 3146 rnulti
672 3079 790 3166 prelati
823 3077 886 3144 hiis
919 3077 1097 3147 interfuere
1125 3081 1294 3169 exequie,
1336 3079 1408 3147 frliis

282 3180 379 3246 etiarn
406 3179 476 3246 suis
494 3175 636 3248 Rudclfo
656 3183 689 3246 11
700 3174 862 3245 Ludwico
877 3177 1100 3265 presentibus,
1129 3181 1213 3245 terre
1232 3177 1410 3247 honestis-

281 3279 363 3345 sime
390 3275 646 3367 commendatur,
674 3278 768 3345 cuius
787 3277 895 3343 anirua
920 3277 954 3343 in
981 3284 1164 3365 conspectu
1177 3275 1311 3346 Domini
1339 3279 1410 3345 sine
1492 3323 1493 3366 ,

280 3375 346 3444 fine
382 3374 513 3462 gaudiis
549 3380 713 3444 mereatur
745 3373 866 3463 perfrui
900 3377 1120 3463 sempiternis.
1170 3374 1246 3444 Dux
1280 3379 1347 3445 iste
1379 3377 1413 3443 in

283 3475 457 3563 disciplina
484 3480 517 3541 et
542 3492 666 3542 nrorunr
693 3479 871 3541 venustate
898 3490 1014 3541 omncs
1042 3475 1126 3544 alios
1151 3476 1319 3563 principes
1349 3493 1412 3543 su-
1492 3471 1493 3498 ³

280 3576 409 3664 peravit
433 3575 556 3662 pariter
582 3579 615 3641 et
641 3575 799 3662 excessit,
827 3573 921 3640 cuius
947 3576 1159 3661 prerogative
1179 3576 1285 3659 gratie
1312 3575 1414 3643 heres

281 3675 388 3742 extitit
419 3670 602 3740 Ludwicus
644 3671 730 3739 filius
775 3688 856 3738 suus
891 3673 1095 3740 novissimus
1105 3725 1115 3762 ,
1153 3671 1270 3741 cadem
1305 3675 1416 3760 gratia
1492 3705 1493 3714 1

279 3791 425 3842 vernans
452 3773 573 3861 pariter
600 3775 633 3839 et
658 3786 852 3838 coruscans.

353 3873 435 3940 Post
461 3870 524 3939 hec
549 3887 653 3958 parvo
680 3870 796 3956 elapso
823 3874 972 3957 ternpore
994 3867 1137 3940 Adolfus
1164 3889 1232 3960 rex,
1260 3870 1415 3940 median-

280 3970 345 4039 bus
372 3971 526 4040 honestis
547 3971 626 4038 viris
646 3986 689 4037 ex
713 3973 854 4056 utraque
876 3975 969 4056 parte
991 3987 1060 4038 renr
1088 3969 1281 4060 agentibus
1309 3969 1417 4037 filiani

310 4161 340 4227 1)
360 4159 450 4214 Oefcfe
469 4161 524 4216 und
543 4160 585 4215 die
601 4161 640 4214 bs.
658 4159 743 4214 baben
763 4159 843 4226 1293,
868 4161 930 4215 aber
948 4161 993 4215 das
1017 4165 1158 4217 festancnt
1174 4161 1270 4228 herzog
1287 4160 1418 4227 Ludwigs

275 4227 322 4282 des
340 4233 430 4296 strong
432 4242 464 4282 en
490 4228 990 4309 1.1.Η1111111ῐς,1111.1291ιιι
1015 4229 1153 4298 (Sebeidt)
1179 4231 1243 4284 Bibf
1265 4231 1323 4284 bist.
1345 4229 1417 4284 cort.

274 4298 325 4352 219
343 4245 430 4364 11131,ἕ
438 4299 497 4351 dass
517 4298 589 4353 diese
607 4297 733 4367 augabe
726 4300 786 4365 rrrig
804 4299 846 4351 ist.
899 4299 931 4364 2)
950 4298 1069 4352 molestia
1087 4298 1126 4353 hs.
