3028 4878
535 220 663 267 nrcnnm
685 221 924 269 nsnnmcumsrs.
1228 194 1301 264 469

158 362 213 429 Dc
234 359 424 446 perdicione
449 361 482 425 ct
504 357 706 426 redebicione
736 361 849 446 oppidi
862 358 1058 444 dissensuri
1081 365 1114 429 ei
1138 363 1179 429 dc
1204 380 1298 429 ccm-

253 458 360 545 pcsiri
384 455 501 524 ibidem
524 459 701 526 victorioso
727 459 887 542 cooliiobr.

234 589 360 658 Eodem
396 608 530 677 quoque
563 610 652 662 anno
677 593 822 661 xxmviii.
850 591 978 658 scilicet
1003 591 1090 679 ydus
1116 591 1187 660 iulii
1213 593 1384 661 circaisse

158 688 330 756 meridiem
349 690 384 755 in
398 691 530 822 1campis
545 708 650 781 prope
668 689 825 779 oppidum
840 687 1043 758 Ohssenluri
1057 729 1106 740 -
1119 698 1299 781 propterea
1326 690 1380 795 ¹1⁰5*-

160 793 239 855 suni
264 788 419 857 astricti.

157 975 210 1043 lic
235 994 355 1063 mcpno
380 977 481 1064 Mopo
506 978 540 1042 ci
562 978 665 1042 unico
689 975 846 1044 incedito.

235 1107 383 1176 Subinde
408 1125 542 1197 quoque
566 1128 655 1178 anno
683 1110 808 1179 domini
833 1112 1039 1200 mmccxlii,
1067 1114 1122 1181 xii.
1143 1111 1208 1180 kal.
1231 1130 1296 1178 au·
1315 1128 1381 1182 ram

158 1208 249 1292 gusli
266 1209 300 1273 in
318 1205 373 1275 dic
390 1206 488 1275 beale
507 1208 675 1297 PranediS,
703 1211 831 1278 scilicet
857 1210 910 1279 die
938 1210 1113 1298 dominica,
1141 1216 1298 1277 sentuno
1321 1213 1374 1319 Ἠ·

157 1307 192 1372 in
219 1305 332 1391 vigilia
366 1311 482 1374 sancte
507 1307 613 1375 lllarie
639 1307 862 1397 Magdalene,
889 1309 931 1378 ab
968 1316 1042 1378 criu
1067 1309 1134 1376 diei
1161 1314 1194 1376 el
1219 1314 1296 1388 anie

157 1403 328 1470 meridiem
342 1403 515 1492 Herbipoli
532 1405 656 1492 Mogus
679 1405 798 1474 fluvius
822 1405 908 1476 adeo
932 1406 1126 1475 inundando
1149 1401 1295 1474 excrevit

157 1501 249 1588 quod
274 1519 362 1590 pons
388 1502 641 1591 Herbipolensis
667 1503 820 1593 lapideus
845 1513 878 1572 ei
900 1507 1068 1594 pretiosus
1094 1523 1166 1573 cum
1193 1506 1295 1572 lucri·
1351 1515 1364 1540 ⁹

155 1600 219 1667 bus
248 1606 281 1668 el
306 1602 407 1669 muris
434 1604 504 1670 suis
532 1607 566 1669 el
589 1602 696 1691 ipsius
723 1604 877 1691 civitatis,
905 1620 944 1671 ac
966 1604 1063 1670 eliam
1089 1603 1198 1670 mullis
1226 1603 1294 1672 dc-

154 1699 264 1766 mibus
288 1698 431 1787 lapideis
451 1699 572 1769 ibidem
591 1702 857 1791 circumquaque,
884 1702 994 1770 subilc
1012 1705 1217 1786 corruerunt.
1251 1701 1293 1768 Et

154 1797 347 1867 huiusmodi
379 1797 474 1883 Mogi
500 1817 659 1884 aquarum
688 1799 869 1868 inundacio
897 1818 999 1888 super
1025 1799 1184 1886 gradibus
1210 1816 1294 1887 pcr-

154 1898 242 1964 lious
270 1897 413 1964 ecclesie
432 1895 686 1985 Herbipolensis
711 1916 816 1986 prope
842 1900 964 1986 primas
990 1906 1118 1966 statuas
1145 1897 1295 1986 lapideas

155 1996 333 2062 excessivo
361 1993 500 2064 alluxit.
533 1992 659 2064 Omnes
687 2013 821 2084 quoque
848 2005 969 2085 ponies
995 1998 1121 2084 linguei
1149 2004 1180 2064 el
1207 1997 1296 2083 lapi-

154 2091 209 2160 dei
243 2093 350 2180 ipsius
384 2092 480 2179 Mogi
515 2112 613 2183 snpra
640 2097 674 2162 el
698 2093 783 2162 inira
817 2102 1011 2164 corruerunt
1045 2095 1216 2164 conlracli.
1254 2095 1294 2163 lli

57 2247 66 2264 .
153 2197 234 2258 imm
270 2192 367 2259 eliam
401 2193 551 2260 inmense
588 2192 853 2279 dampnosilales
879 2192 1068 2282 prediorum
1095 2194 1296 2261 urbanorum

155 2296 189 2356 et
215 2291 413 2357 mslicorum
440 2291 531 2358 iunia
557 2290 696 2377 Mcgum
713 2309 773 2378 per
799 2297 902 2359 lulum
930 2291 1185 2364 lamenlabililer
1211 2309 1296 2358 eve-

154 2395 286 2455 nerunl.
323 2388 464 2455 Necnon
501 2390 597 2456 etiam
624 2391 658 2455 in
686 2388 761 2456 aliis
797 2389 909 2457 mundi
944 2390 1092 2477 partibus
1128 2391 1214 2456 circa
1240 2389 1297 2456 illa

154 2491 307 2575 tempora
323 2486 471 2554 inaudite
495 2505 651 2572 aquarum
663 2487 907 2556 inundaciones
923 2487 1065 2555 suerunt.
1101 2487 1194 2554 Tunc
1208 2504 1298 2573 quo-

155 2603 221 2672 que
245 2586 341 2671 quasi
361 2591 455 2672 rupte
471 2591 549 2652 sunl
564 2602 681 2654 omnes
701 2583 811 2652 sontes
838 2605 995 2672 aquarum
1022 2586 1147 2673 abyssi,
1173 2604 1295 2672 magne

153 2689 186 2749 el
221 2683 409 2750 calberaclc
444 2689 558 2771 aperie
588 2689 666 2752 sunl
693 2683 774 2773 celi,
802 2691 835 2752 el
861 2684 949 2752 sacia
975 2693 1028 2752 esl
1053 2685 1165 2772 pluvia
1193 2702 1294 2772 super

151 2786 270 2848 lernam
305 2782 391 2849 sicul
423 2799 511 2850 anno
547 2783 796 2850 sexcentesimo
831 2784 898 2850 vile
931 2782 1014 2871 Noe,
1041 2782 1225 2867 allegitur
1252 2782 1294 2851 de

154 2878 283 2947 diluvio
318 2879 399 2947 Gen.
437 2882 579 2968 seplimo
615 2879 759 2967 capitulo
794 2881 880 2948 circa
910 2878 1063 2949 medium.
1103 2879 1184 2948 llem
1210 2899 1294 2968 pro-

153 2978 324 3066 pheialum
358 2997 419 3066 per
445 2979 580 3046 Ysaiam
606 2978 661 3047 xli.
687 2979 831 3067 capilulo
869 2997 930 3048 suo
963 2986 1043 3046 lunc
1076 2981 1175 3046 eliam
1202 2981 1292 3046 veri-

153 3077 287 3144 lioalum
315 3082 378 3166 esi,
405 3078 549 3145 scilicet:
575 3076 733 3163 Aponium
757 3079 974 3162 insuprornis
998 3076 1136 3145 collibus
1158 3076 1293 3158 donodono

151 3178 186 3242 ci
209 3177 244 3241 in
268 3175 374 3241 ncedio
399 3193 591 3260 camporum
602 3175 713 3258 fontes
731 3179 791 3242 cio.
809 3181 845 3242 ul
860 3174 915 3243 ibi.
947 3172 1045 3243 Absil
1071 3182 1181 3241 lamen
1199 3173 1312 3261 qu'rodv

150 3273 337 3358 Mogigene
372 3273 566 3341 desiderent
597 3273 652 3340 vel
678 3273 826 3358 allegem
851 3272 1022 3341 dicentes:
1051 3272 1218 3342 Solonium
1243 3275 1294 3340 cci

149 3373 279 3438 miseric
303 3373 414 3440 accior
437 3370 560 3440 ociore
582 3389 752 3457 pecorum.

149 3567 202 3635 lio
221 3569 416 3654 privacione
441 3567 574 3635 Henrici
606 3569 647 3636 dc
679 3566 853 3652 Virncbcrp
885 3565 1124 3652 oredicpisecpi
1149 3565 1290 3650 Mopon-

251 3668 308 3733 tini
342 3671 375 3734 ei
399 3667 440 3733 dc
460 3667 650 3751 provisione
680 3665 811 3732 Gcrioci
843 3666 883 3732 dc
916 3665 1077 3732 Nosscroc
1109 3664 1143 3730 io
1176 3659 1289 3729 occid-

251 3767 437 3850 episcopum
457 3763 582 3832 ididem.

226 3891 326 3963 Anno
353 3895 476 3963 domini
504 3895 717 3985 m.ccc.xl.vi.‚
744 3897 885 3985 septimo
908 3895 984 3962 idus
1004 3893 1116 3983 aprilis
1134 3891 1288 3970 Clemens
1305 3911 1371 3964 1316

149 4012 240 4083 papa
267 3998 402 4083 sexlus,
428 3995 558 4083 privato
593 3995 685 4082 prius
718 4012 778 4083 per
804 4012 878 4061 eum
905 3993 1060 4061 Heinricc
1095 3989 1288 4094 deVime-
1306 3995 1364 4100 *¹³7¹*-

178 4153 350 4276 ‘'eglehffueltist
373 4156 401 4209 in
425 4154 472 4209 dar
498 4154 536 4208 bs.
560 4155 602 4209 die
620 4153 702 4208 sehon
725 4154 794 4209 oben
818 4157 884 4209 scite
902 4154 954 4208 158
976 4152 1194 4221 vorgelommene
1212 4151 1289 4204 stelle

148 4237 184 4276 wr
239 4237 285 4277 rc
309 4264 314 4276 .
1133 4249 1136 4252 ·
