3028 4878
250 169 322 237 li58
626 199 755 244 nronrur.
777 199 1014 246 nenerrouunsrs.

248 335 482 427 pensionarrdo
503 338 652 423 quemvis
671 353 785 404 eorum
807 339 1049 425 quinquaginta
1074 338 1165 406 libris
1193 337 1316 407 hallen.
1343 338 1383 407 de

250 455 360 507 annua
386 436 527 523 peounia
552 437 658 523 ipsius
685 437 828 504 eoeleste
855 437 1126 526 HerbipolensiS‚
1153 456 1213 525 pro
1239 439 1381 523 gratuito

250 543 284 604 et
309 538 396 603 iusto
422 535 606 622 patrocinio
633 537 763 602 eunetis
788 536 999 621 litigantibus
1026 539 1060 606 iu
1078 536 1304 606 diotoiudioio
1321 519 1386 622 ge-

249 635 406 704 neraliter
430 634 535 702 libere
555 640 588 700 et
614 634 768 720 expedite
795 635 987 723 prestando,
1014 641 1112 724 prout
1137 637 1242 703 eoiam
1268 638 1302 703 in
1327 636 1386 703 lit-

249 736 330 804 teris
356 733 502 821 desuper
528 731 692 800 coniectis
718 732 802 814 inira
824 732 1003 822 descriptis
1029 736 1159 823 plenius
1187 736 1386 802 eontinetur.

324 834 478 901 Preterea
500 833 604 900 eoiam
629 834 704 919 ipse
729 832 889 920 providus
918 833 1072 902 dominus
1100 831 1179 902 Otto
1205 851 1266 921 pro
1297 834 1387 902 lioito

251 931 435 1002 seeundum
462 933 639 1018 equitatem
669 937 702 999 et
730 930 872 1000 deeente
898 932 1082 1001 seeundum
1108 933 1322 1001 honestatem
1348 950 1389 1000 ao

252 1031 453 1121 expediente
471 1028 653 1098 seeundum
672 1031 845 1099 utilitatem
864 1032 1028 1119 publioam
1054 1039 1087 1100 et
1105 1049 1312 1102 communem
1329 1049 1389 1100 re-

145 1200 148 1206 .
251 1133 375 1219 gimine
390 1131 523 1218 pollioie
539 1147 601 1198 seu
617 1130 663 1196 rei
679 1129 810 1217 publioe
838 1133 910 1198 sire
937 1132 1179 1199 communitatis
1205 1131 1390 1198 ineolarum

251 1238 286 1299 et
303 1230 489 1298 aeuolarum
507 1229 651 1296 divitatis
672 1246 732 1296 sue
745 1229 997 1318 Herbipolensis
1024 1231 1126 1298 multa
1151 1228 1297 1298 salubria
1313 1235 1390 1297 sta-

249 1336 321 1398 tuta
347 1347 421 1396 oum
448 1328 588 1396 oonsilio
615 1345 677 1396 suo
704 1329 889 1418 episeopoli
914 1331 949 1398 in
974 1331 1106 1418 palaoio
1134 1346 1197 1397 suo
1215 1326 1390 1417 Herbipo-

248 1429 336 1496 lensi
371 1427 440 1494 deri
466 1427 604 1516 provide
632 1425 816 1518 ordinavit,
845 1428 887 1496 de
914 1429 1034 1515 quibus
1060 1429 1194 1500 libellus
1223 1429 1330 1496 eciam
1356 1429 1391 1495 in

249 1527 315 1597 hoo
340 1526 508 1598 volumine
536 1527 735 1595 eorrtinetur.

324 1626 477 1694 Preterea
499 1624 586 1694 idern
609 1625 764 1694 dominus
790 1622 869 1693 Otto
894 1624 1075 1694 dominium
1100 1628 1134 1695 in
1158 1624 1333 1694 Roteniels
1358 1629 1394 1693 et

249 1724 464 1813 Gemunden‚
497 1742 630 1792 neonon
663 1726 809 1792 exterius
842 1724 976 1812 opidum
1002 1723 1183 1814 Ypiheven
1211 1743 1285 1793 oum
1311 1724 1391 1793 villu

247 1825 497 1893 Friolrenhusen
525 1829 558 1890 et
583 1829 693 1891 eastre
720 1823 900 1909 Halleberg
918 1823 961 1891 ad
981 1825 1126 1914 plenum,
1153 1842 1288 1892 neonon
1311 1842 1392 1911 par·

247 1930 314 1991 tem
341 1923 431 2011 opidi
458 1922 635 2007 llitzingen
661 1929 694 1990 et
720 1923 831 1990 villam
850 1922 1125 2010 Meynbernheim
1152 1941 1191 1991 ao
1217 1922 1392 1990 residuam

249 2022 456 2090 dominorum
471 2021 513 2088 de
530 2020 727 2089 Hohenlooh
747 2028 872 2109 partem
890 2022 969 2089 ville
987 2020 1249 2112 Heytingesteu,
1275 2027 1391 2111 preter

247 2121 314 2189 alia
345 2120 435 2188 bona
460 2119 503 2187 ad
537 2137 678 2208 presens
714 2121 854 2188 sileneio
882 2122 1134 2212 summittenda,
1163 2120 1392 2209 eomparando

246 2214 395 2288 zuvrtat¹
422 2237 483 2287 sue
511 2219 655 2286 eoelesie
677 2221 864 2305 aequisivit.
896 2221 1039 2308 Insuper
1055 2228 1199 2290 oestrum
1219 2219 1393 2288 Walden-
1501 2239 1502 2290 t

246 2319 333 2405 lrurg
347 2336 408 2407 pro
431 2319 631 2404 octingentis
648 2317 740 2386 libris
759 2319 889 2408 hallen,
917 2322 994 2387 item
1014 2319 1294 2407 Burgbornheym
1316 2337 1395 2387 oum

247 2417 405 2487 tredeoim
431 2418 518 2485 villis
546 2424 580 2485 et
605 2417 679 2486 aliis
711 2419 925 2505 pertinenoiis
952 2421 1041 2509 snm,
1070 2420 1147 2486 olim
1176 2420 1393 2504 burggrauiis

249 2517 291 2586 de
316 2517 516 2602 Nurenberg
542 2536 562 2584 a
589 2516 756 2603 quondam
788 2516 922 2586 domino
948 2517 1107 2586 Bertoldo
1136 2517 1178 2586 de
1207 2516 1396 2603 Sternberg

249 2619 410 2706 episeopo
437 2614 673 2704 Herbipolensi
699 2622 923 2706 ypoteoatum,
950 2636 1010 2704 pro
1037 2615 1169 2685 duobus
1198 2616 1330 2684 milibus
1359 2622 1394 2683 et
1500 2667 1501 2702 p

247 2717 417 2784 sexoentis
442 2715 535 2784 libris
562 2714 685 2782 hallen.
711 2720 823 2803 preter
847 2716 912 2783 alia
937 2718 1081 2803 pignora
1103 2722 1183 2785 nota
1203 2715 1308 2801 digna
1334 2733 1395 2783 re·
1500 2705 1501 2724 ¹

248 2814 358 2883 demit.
392 2815 474 2882 ltem
500 2814 642 2882 obtinuit
668 2814 709 2881 alr
736 2815 875 2901 imperio
910 2816 982 2882 sive
1017 2833 1122 2900 regno
1150 2833 1210 2903 pro
1236 2813 1393 2902 dampnis

248 2915 361 2982 armati
398 2914 551 3000 obsequii
586 2912 730 2980 eoeleste
763 2931 823 2980 sue
856 2912 1093 3001 Herbipolensi
1131 2919 1274 3000 quatuor
1299 2913 1392 2981 milia

130 3039 134 3047 ·
245 3012 398 3086 librarum
425 3012 547 3079 hellen.
572 3011 616 3079 ad
642 3014 772 3099 priores
799 3031 939 3098 magnas
960 3031 1107 3081 summas
1130 3014 1272 3100 peounie
1291 3030 1395 3100 super

247 3111 335 3179 diote
362 3111 506 3178 eoelesie
533 3111 675 3198 pignore
701 3112 735 3177 in
762 3113 856 3196 regia
883 3111 1043 3179 duntaxat
1068 3116 1161 3199 parte
1189 3112 1266 3179 ville
1290 3111 1392 3198 Hey-
1499 3103 1500 3114 ἢ

247 3209 420 3296 tingesielt
446 3215 479 3277 et
505 3227 604 3298 super
628 3213 699 3277 iure
725 3211 819 3295 regio
845 3211 879 3276 in
905 3211 983 3279 villa
1004 3209 1292 3298 Meynbernheym
1324 3209 1393 3277 de-

247 3311 316 3378 bite
343 3310 527 3398 assignari,
555 3307 596 3376 de
629 3309 749 3395 quibus
780 3309 933 3376 omnibus
970 3311 1136 3378 autentiua
1175 3315 1396 3378 monumenta

249 3407 425 3476 habentur.
1372 3439 1375 3444 Α
1498 3471 1499 3474 ,

170 3511 237 3566 1³38
323 3507 477 3573 Preterea
503 3523 591 3572 anno
619 3505 742 3574 domini
769 3506 1026 3575 moeonxnviii.
1054 3506 1182 3576 soilioet
1206 3506 1295 3594 ydus
1321 3509 1392 3576 iulii

176 3597 338 3702 ¹1¹¹5Loiroa
364 3603 531 3699 meridiem
556 3605 590 3670 in
618 3607 742 3693 eampis
769 3622 873 3694 prope
899 3604 1034 3692 opidum
1062 3602 1244 3674 Osseniort
1271 3605 1390 3675 iideles

250 3706 362 3774 olerioi
383 3710 416 3771 et
434 3703 552 3771 milites
573 3721 613 3771 ao
631 3706 795 3794 armigeri,
823 3721 890 3771 non
918 3705 1014 3772 nimis
1043 3705 1134 3774 mrrlti
1160 3710 1238 3772 tune
1256 3711 1393 3794 propter

248 3807 452 3893 inopinatam
486 3803 756 3893 lestinaoionem‚
785 3801 846 3871 sed
874 3801 943 3870 iere
971 3820 1087 3872 omnes
1115 3803 1294 3872 familiares
1323 3804 1388 3872 do·
1497 3815 1498 3834 l

247 3904 378 3972 mestiei
397 3902 503 3989 ipsius
526 3901 649 3970 domini
672 3899 804 3970 Ottonis
825 3903 977 3992 episeopi
1001 3903 1152 3994 prodiisti,
1180 3903 1241 3972 sub
1261 3904 1387 3972 vexillo

188 4039 193 4058 ·
247 4003 352 4091 ipsius
371 4000 516 4068 eoelesie
534 4002 623 4069 beati
639 4001 769 4089 llyliani
785 4001 968 4090 viatoriosi,
984 4004 1190 4090 experientia
1212 4000 1389 4090 edocente,

249 4102 370 4168 multos
397 4099 527 4168 validos
555 4106 588 4168 et
613 4099 762 4170 famosos
788 4100 922 4169 nobiles
941 4099 1084 4170 Suewos
1112 4108 1148 4170 et
1172 4101 1325 4170 Bavares
1352 4118 1394 4168 ao

288 4219 318 4283 i)
336 4231 367 4270 so
385 4219 412 4270 io
433 4217 480 4269 der
498 4217 535 4271 irs
