<?xml version="1.0" encoding="UTF-8"?>
<!DOCTYPE html PUBLIC "-//W3C//DTD XHTML 1.0 Transitional//EN"
    "http://www.w3.org/TR/xhtml1/DTD/xhtml1-transitional.dtd">
<html xmlns="http://www.w3.org/1999/xhtml" xml:lang="en" lang="en">
 <head>
  <title>
</title>
<meta http-equiv="Content-Type" content="text/html;charset=utf-8" />
  <meta name='ocr-system' content='tesseract 3.04.00' />
  <meta name='ocr-capabilities' content='ocr_page ocr_carea ocr_par ocr_line ocrx_word'/>
</head>
<body>
  <div class='ocr_page' id='page_1' title='image "./fontesrerumgerm02hubegoog_0311.png"; bbox 0 0 3096 4882; ppageno 0'>
   <div class='ocr_carea' id='block_1_1' title="bbox 291 197 1066 280">
    <p class='ocr_par' dir='ltr' id='par_1_1' title="bbox 291 197 1066 280">
     <span class='ocr_line' id='line_1_1' title="bbox 291 197 1066 280; baseline 0.008 -16"><span class='ocrx_word' id='word_1_1' title='bbox 291 197 362 265; x_wconf 79' lang='lat'><strong>266</strong></span> <span class='ocrx_word' id='word_1_2' title='bbox 654 224 721 271; x_wconf 81' lang='lat' dir='ltr'><strong>urrr</strong></span> <span class='ocrx_word' id='word_1_3' title='bbox 743 225 852 272; x_wconf 77' lang='lat' dir='ltr'><strong>uronr</strong></span> <span class='ocrx_word' id='word_1_4' title='bbox 874 223 983 280; x_wconf 84' lang='lat' dir='ltr'><strong>cnrnrr</strong></span> <span class='ocrx_word' id='word_1_5' title='bbox 1004 223 1066 270; x_wconf 85' lang='lat' dir='ltr'><strong>mr.</strong></span> 
     </span>
    </p>
   </div>
   <div class='ocr_carea' id='block_1_2' title="bbox 209 361 1525 2437">
    <p class='ocr_par' dir='ltr' id='par_1_2' title="bbox 209 361 1524 1546">
     <span class='ocr_line' id='line_1_2' title="bbox 209 361 1420 454; baseline -0.002 -20"><span class='ocrx_word' id='word_1_6' title='bbox 209 381 275 434; x_wconf 77' lang='lat' dir='ltr'><strong>rare</strong></span> <span class='ocrx_word' id='word_1_7' title='bbox 291 381 391 432; x_wconf 87' lang='lat' dir='ltr'><strong>eursu</strong></span> <span class='ocrx_word' id='word_1_8' title='bbox 424 361 467 432; x_wconf 91' lang='lat' dir='ltr'><strong>ad</strong></span> <span class='ocrx_word' id='word_1_9' title='bbox 501 381 600 454; x_wconf 89' lang='lat' dir='ltr'><strong>suos,</strong></span> <span class='ocrx_word' id='word_1_10' title='bbox 636 366 691 452; x_wconf 87' lang='lat' dir='ltr'><strong>qui</strong></span> <span class='ocrx_word' id='word_1_11' title='bbox 725 361 767 433; x_wconf 87' lang='lat' dir='ltr'><strong>de</strong></span> <span class='ocrx_word' id='word_1_12' title='bbox 800 363 1002 432; x_wconf 87' lang='lat' dir='ltr'><strong>Vratislavia</strong></span> <span class='ocrx_word' id='word_1_13' title='bbox 1035 361 1078 432; x_wconf 87' lang='lat' dir='ltr'><strong>ad</strong></span> <span class='ocrx_word' id='word_1_14' title='bbox 1111 361 1317 453; x_wconf 86' lang='lat' dir='ltr'><strong>eripiendum</strong></span> <span class='ocrx_word' id='word_1_15' title='bbox 1349 379 1420 434; x_wconf 86' lang='lat' dir='ltr'><strong>¹enm</strong></span> 
     </span>
     <span class='ocr_line' id='line_1_3' title="bbox 290 461 1420 553; baseline 0 -23"><span class='ocrx_word' id='word_1_16' title='bbox 290 469 461 553; x_wconf 89' lang='lat' dir='ltr'><strong>venerant,</strong></span> <span class='ocrx_word' id='word_1_17' title='bbox 489 464 587 531; x_wconf 85' lang='lat' dir='ltr'><strong>eitius</strong></span> <span class='ocrx_word' id='word_1_18' title='bbox 613 465 766 552; x_wconf 86' lang='lat' dir='ltr'><strong>perrexit</strong></span> <span class='ocrx_word' id='word_1_19' title='bbox 815 463 895 531; x_wconf 86' lang='lat' dir='ltr'><strong>Cum</strong></span> <span class='ocrx_word' id='word_1_20' title='bbox 921 463 1022 548; x_wconf 86' lang='lat' dir='ltr'><strong>igitur</strong></span> <span class='ocrx_word' id='word_1_21' title='bbox 1047 481 1115 530; x_wconf 62' lang='lat' dir='ltr'><strong>rerrx</strong></span> <span class='ocrx_word' id='word_1_22' title='bbox 1132 461 1295 531; x_wconf 88' lang='lat' dir='ltr'><strong>Cracovie</strong></span> <span class='ocrx_word' id='word_1_23' title='bbox 1320 463 1420 532; x_wconf 88' lang='lat' dir='ltr'><strong>intel-</strong></span> 
     </span>
     <span class='ocr_line' id='line_1_4' title="bbox 288 561 1420 653; baseline 0.001 -24"><span class='ocrx_word' id='word_1_24' title='bbox 288 563 447 653; x_wconf 85' lang='lat' dir='ltr'><strong>lexisset,</strong></span> <span class='ocrx_word' id='word_1_25' title='bbox 476 561 567 650; x_wconf 89' lang='lat' dir='ltr'><strong>qnod</strong></span> <span class='ocrx_word' id='word_1_26' title='bbox 591 562 733 632; x_wconf 88' lang='lat' dir='ltr'><strong>llarolus</strong></span> <span class='ocrx_word' id='word_1_27' title='bbox 761 579 841 633; x_wconf 90' lang='lat' dir='ltr'><strong>suos</strong></span> <span class='ocrx_word' id='word_1_28' title='bbox 868 564 917 631; x_wconf 90' lang='lat' dir='ltr'><strong>sic</strong></span> <span class='ocrx_word' id='word_1_29' title='bbox 944 562 1111 630; x_wconf 87' lang='lat' dir='ltr'><strong>evasisset</strong></span> <span class='ocrx_word' id='word_1_30' title='bbox 1135 561 1295 650; x_wconf 84' lang='lat' dir='ltr'><strong>laqueos,</strong></span> <span class='ocrx_word' id='word_1_31' title='bbox 1322 567 1420 630; x_wconf 89' lang='lat' dir='ltr'><strong>totam</strong></span> 
     </span>
     <span class='ocr_line' id='line_1_5' title="bbox 289 644 1524 753; baseline -0.003 -19"><span class='ocrx_word' id='word_1_32' title='bbox 289 663 363 734; x_wconf 89' lang='lat' dir='ltr'><strong>eius</strong></span> <span class='ocrx_word' id='word_1_33' title='bbox 389 660 544 731; x_wconf 81' lang='lat' dir='ltr'><strong>familiam</strong></span> <span class='ocrx_word' id='word_1_34' title='bbox 552 713 562 753; x_wconf 93' lang='lat'><strong>,</strong></span> <span class='ocrx_word' id='word_1_35' title='bbox 590 678 656 748; x_wconf 85' lang='lat' dir='ltr'><strong>que</strong></span> <span class='ocrx_word' id='word_1_36' title='bbox 682 667 761 751; x_wconf 90' lang='lat' dir='ltr'><strong>post</strong></span> <span class='ocrx_word' id='word_1_37' title='bbox 785 681 860 731; x_wconf 92' lang='lat' dir='ltr'><strong>eum</strong></span> <span class='ocrx_word' id='word_1_38' title='bbox 887 663 920 729; x_wconf 88' lang='lat' dir='ltr'><strong>irr</strong></span> <span class='ocrx_word' id='word_1_39' title='bbox 948 659 1037 728; x_wconf 83' lang='lat' dir='ltr'><strong>Colis</strong></span> <span class='ocrx_word' id='word_1_40' title='bbox 1064 666 1288 750; x_wconf 80' lang='lat' dir='ltr'><strong>remanserat,</strong></span> <span class='ocrx_word' id='word_1_41' title='bbox 1316 662 1421 749; x_wconf 86' lang='lat' dir='ltr'><strong>eapti·</strong></span> <span class='ocrx_word' id='word_1_42' title='bbox 1523 644 1524 700; x_wconf 34' lang='grc' dir='ltr'>ἶ</span> 
     </span>
     <span class='ocr_line' id='line_1_6' title="bbox 287 759 1421 851; baseline -0.001 -22"><span class='ocrx_word' id='word_1_43' title='bbox 287 761 359 829; x_wconf 90' lang='lat' dir='ltr'><strong>vari</strong></span> <span class='ocrx_word' id='word_1_44' title='bbox 384 761 570 850; x_wconf 88' lang='lat' dir='ltr'><strong>mandavit,</strong></span> <span class='ocrx_word' id='word_1_45' title='bbox 599 779 697 847; x_wconf 88' lang='lat' dir='ltr'><strong>quam</strong></span> <span class='ocrx_word' id='word_1_46' title='bbox 722 767 853 851; x_wconf 90' lang='lat' dir='ltr'><strong>postea,</strong></span> <span class='ocrx_word' id='word_1_47' title='bbox 881 778 924 829; x_wconf 87' lang='lat' dir='ltr'><strong>cx</strong></span> <span class='ocrx_word' id='word_1_48' title='bbox 949 777 1016 847; x_wconf 83' lang='lat' dir='ltr'><strong>quo</strong></span> <span class='ocrx_word' id='word_1_49' title='bbox 1043 760 1220 849; x_wconf 90' lang='lat' dir='ltr'><strong>llarolum,</strong></span> <span class='ocrx_word' id='word_1_50' title='bbox 1249 763 1334 830; x_wconf 88' lang='lat' dir='ltr'><strong>sicut</strong></span> <span class='ocrx_word' id='word_1_51' title='bbox 1360 759 1421 828; x_wconf 91' lang='lat' dir='ltr'><strong>do-</strong></span> 
     </span>
     <span class='ocr_line' id='line_1_7' title="bbox 289 859 1421 951; baseline -0.001 -22"><span class='ocrx_word' id='word_1_52' title='bbox 289 866 458 951; x_wconf 90' lang='lat' dir='ltr'><strong>creverat,</strong></span> <span class='ocrx_word' id='word_1_53' title='bbox 491 862 635 929; x_wconf 89' lang='lat' dir='ltr'><strong>retinere</strong></span> <span class='ocrx_word' id='word_1_54' title='bbox 667 877 736 930; x_wconf 90' lang='lat' dir='ltr'><strong>non</strong></span> <span class='ocrx_word' id='word_1_55' title='bbox 766 861 891 950; x_wconf 90' lang='lat' dir='ltr'><strong>potnit,</strong></span> <span class='ocrx_word' id='word_1_56' title='bbox 925 859 1113 927; x_wconf 79' lang='lat' dir='ltr'><strong>absolutam</strong></span> <span class='ocrx_word' id='word_1_57' title='bbox 1148 859 1240 928; x_wconf 91' lang='lat' dir='ltr'><strong>ubire</strong></span> <span class='ocrx_word' id='word_1_58' title='bbox 1266 860 1421 946; x_wconf 89' lang='lat' dir='ltr'><strong>permisit</strong></span> 
     </span>
     <span class='ocr_line' id='line_1_8' title="bbox 287 957 1424 1047; baseline -0.002 -19"><span class='ocrx_word' id='word_1_59' title='bbox 287 960 368 1028; x_wconf 85' lang='lat' dir='ltr'><strong>Post</strong></span> <span class='ocrx_word' id='word_1_60' title='bbox 401 960 464 1028; x_wconf 90' lang='lat' dir='ltr'><strong>lrec</strong></span> <span class='ocrx_word' id='word_1_61' title='bbox 497 977 556 1027; x_wconf 86' lang='lat' dir='ltr'><strong>rex</strong></span> <span class='ocrx_word' id='word_1_62' title='bbox 590 957 696 1028; x_wconf 89' lang='lat' dir='ltr'><strong>dictus</strong></span> <span class='ocrx_word' id='word_1_63' title='bbox 731 957 912 1028; x_wconf 85' lang='lat' dir='ltr'><strong>Cazimirus</strong></span> <span class='ocrx_word' id='word_1_64' title='bbox 946 959 1112 1028; x_wconf 89' lang='lat' dir='ltr'><strong>civitatem</strong></span> <span class='ocrx_word' id='word_1_65' title='bbox 1142 957 1356 1047; x_wconf 86' lang='lat' dir='ltr'><strong>Stenaviam,</strong></span> <span class='ocrx_word' id='word_1_66' title='bbox 1383 957 1424 1026; x_wconf 84' lang='lat' dir='ltr'><strong>ad</strong></span> 
     </span>
     <span class='ocr_line' id='line_1_9' title="bbox 287 1056 1423 1147; baseline -0.001 -20"><span class='ocrx_word' id='word_1_67' title='bbox 287 1061 486 1127; x_wconf 77' lang='lat' dir='ltr'>territorium</span> <span class='ocrx_word' id='word_1_68' title='bbox 511 1058 775 1128; x_wconf 83' lang='lat' dir='ltr'><strong>Vrntislaviense</strong></span> <span class='ocrx_word' id='word_1_69' title='bbox 793 1062 1011 1147; x_wconf 88' lang='lat' dir='ltr'><strong>spectantem,</strong></span> <span class='ocrx_word' id='word_1_70' title='bbox 1039 1056 1173 1126; x_wconf 79' lang='lat' dir='ltr'><strong>obsedit</strong></span> <span class='ocrx_word' id='word_1_71' title='bbox 1195 1062 1229 1126; x_wconf 91' lang='lat' dir='ltr'><strong>et</strong></span> <span class='ocrx_word' id='word_1_72' title='bbox 1247 1074 1423 1144; x_wconf 78' lang='lat' dir='ltr'><strong>expugna-</strong></span> 
     </span>
     <span class='ocr_line' id='line_1_10' title="bbox 286 1155 1423 1250; baseline -0.004 -24"><span class='ocrx_word' id='word_1_73' title='bbox 286 1160 344 1226; x_wconf 81' lang='lat' dir='ltr'><strong>vit</strong></span> <span class='ocrx_word' id='word_1_74' title='bbox 388 1158 451 1227; x_wconf 92' lang='lat' dir='ltr'><strong>Ubi</strong></span> <span class='ocrx_word' id='word_1_75' title='bbox 488 1156 591 1226; x_wconf 91' lang='lat' dir='ltr'><strong>multa</strong></span> <span class='ocrx_word' id='word_1_76' title='bbox 625 1158 792 1250; x_wconf 82' lang='lat' dir='ltr'><strong>enormia,</strong></span> <span class='ocrx_word' id='word_1_77' title='bbox 826 1155 1023 1226; x_wconf 82' lang='lat' dir='ltr'><strong>dolloranalc</strong></span> <span class='ocrx_word' id='word_1_78' title='bbox 1057 1157 1206 1242; x_wconf 84' lang='lat' dir='ltr'><strong>virgines</strong></span> <span class='ocrx_word' id='word_1_79' title='bbox 1242 1161 1276 1224; x_wconf 92' lang='lat' dir='ltr'><strong>et</strong></span> <span class='ocrx_word' id='word_1_80' title='bbox 1307 1157 1423 1244; x_wconf 85' lang='lat' dir='ltr'><strong>civium</strong></span> 
     </span>
     <span class='ocr_line' id='line_1_11' title="bbox 287 1254 1425 1348; baseline -0.001 -24"><span class='ocrx_word' id='word_1_81' title='bbox 287 1273 412 1325; x_wconf 86' lang='lat' dir='ltr'><strong>uxores</strong></span> <span class='ocrx_word' id='word_1_82' title='bbox 446 1256 676 1348; x_wconf 87' lang='lat' dir='ltr'><strong>deturpando,</strong></span> <span class='ocrx_word' id='word_1_83' title='bbox 709 1257 884 1326; x_wconf 88' lang='lat' dir='ltr'><strong>commisit.</strong></span> <span class='ocrx_word' id='word_1_84' title='bbox 932 1254 1030 1336; x_wconf 85' lang='lat' dir='ltr'><strong>Quod</strong></span> <span class='ocrx_word' id='word_1_85' title='bbox 1068 1273 1143 1324; x_wconf 91' lang='lat' dir='ltr'><strong>oum</strong></span> <span class='ocrx_word' id='word_1_86' title='bbox 1177 1254 1317 1324; x_wconf 87' lang='lat' dir='ltr'><strong>Iohanni</strong></span> <span class='ocrx_word' id='word_1_87' title='bbox 1355 1257 1425 1342; x_wconf 84' lang='lat' dir='ltr'><strong>regi</strong></span> 
     </span>
     <span class='ocr_line' id='line_1_12' title="bbox 286 1353 1423 1445; baseline -0.002 -21"><span class='ocrx_word' id='word_1_88' title='bbox 286 1356 440 1445; x_wconf 92' lang='lat' dir='ltr'><strong>Boemie,</strong></span> <span class='ocrx_word' id='word_1_89' title='bbox 468 1358 523 1443; x_wconf 83' lang='lat' dir='ltr'><strong>qui</strong></span> <span class='ocrx_word' id='word_1_90' title='bbox 557 1361 634 1424; x_wconf 93' lang='lat' dir='ltr'><strong>tnnc</strong></span> <span class='ocrx_word' id='word_1_91' title='bbox 660 1373 760 1445; x_wconf 84' lang='lat' dir='ltr'><strong>super</strong></span> <span class='ocrx_word' id='word_1_92' title='bbox 785 1357 915 1426; x_wconf 89' lang='lat' dir='ltr'><strong>alveum</strong></span> <span class='ocrx_word' id='word_1_93' title='bbox 941 1353 1049 1423; x_wconf 86' lang='lat' dir='ltr'><strong>Rheni</strong></span> <span class='ocrx_word' id='word_1_94' title='bbox 1074 1369 1197 1424; x_wconf 87' lang='lat' dir='ltr'><strong>moram</strong></span> <span class='ocrx_word' id='word_1_95' title='bbox 1226 1355 1341 1443; x_wconf 80' lang='lat' dir='ltr'><strong>traxit,</strong></span> <span class='ocrx_word' id='word_1_96' title='bbox 1367 1355 1423 1422; x_wconf 94' lang='lat' dir='ltr'><strong>in-</strong></span> 
     </span>
     <span class='ocr_line' id='line_1_13' title="bbox 288 1454 1424 1546; baseline -0.004 -22"><span class='ocrx_word' id='word_1_97' title='bbox 288 1456 455 1524; x_wconf 91' lang='lat' dir='ltr'><strong>sinuatum</strong></span> <span class='ocrx_word' id='word_1_98' title='bbox 490 1455 625 1546; x_wconf 85' lang='lat' dir='ltr'><strong>luisset,</strong></span> <span class='ocrx_word' id='word_1_99' title='bbox 659 1457 838 1524; x_wconf 89' lang='lat' dir='ltr'><strong>statimin</strong></span> <span class='ocrx_word' id='word_1_100' title='bbox 869 1455 1039 1523; x_wconf 90' lang='lat' dir='ltr'><strong>Boemiam</strong></span> <span class='ocrx_word' id='word_1_101' title='bbox 1072 1454 1180 1544; x_wconf 91' lang='lat' dir='ltr'><strong>venit,</strong></span> <span class='ocrx_word' id='word_1_102' title='bbox 1217 1459 1251 1520; x_wconf 88' lang='lat' dir='ltr'><strong>et</strong></span> <span class='ocrx_word' id='word_1_103' title='bbox 1276 1470 1424 1538; x_wconf 84' lang='lat' dir='ltr'><strong>congre-</strong></span> 
     </span>
    </p>

    <p class='ocr_par' dir='ltr' id='par_1_3' title="bbox 210 1552 1525 2437">
     <span class='ocr_line' id='line_1_14' title="bbox 210 1552 1423 1646; baseline 0 -24"><span class='ocrx_word' id='word_1_104' title='bbox 210 1574 268 1615; x_wconf 82' lang='lat' dir='ltr'><strong>rra.</strong></span> <span class='ocrx_word' id='word_1_105' title='bbox 286 1553 401 1640; x_wconf 79' lang='lat' dir='ltr'><strong>gando</strong></span> <span class='ocrx_word' id='word_1_106' title='bbox 427 1557 625 1646; x_wconf 84' lang='lat' dir='ltr'><strong>exercitum,</strong></span> <span class='ocrx_word' id='word_1_107' title='bbox 654 1557 820 1624; x_wconf 90' lang='lat' dir='ltr'><strong>civitatem</strong></span> <span class='ocrx_word' id='word_1_108' title='bbox 849 1553 999 1624; x_wconf 86' lang='lat' dir='ltr'><strong>Suidnitz</strong></span> <span class='ocrx_word' id='word_1_109' title='bbox 1025 1552 1176 1642; x_wconf 79' lang='lat' dir='ltr'><strong>obsedit,</strong></span> <span class='ocrx_word' id='word_1_110' title='bbox 1204 1557 1238 1620; x_wconf 93' lang='lat' dir='ltr'><strong>et</strong></span> <span class='ocrx_word' id='word_1_111' title='bbox 1264 1552 1423 1622; x_wconf 87' lang='lat' dir='ltr'><strong>suburbio</strong></span> 
     </span>
     <span class='ocr_line' id='line_1_15' title="bbox 286 1650 1525 1744; baseline -0.002 -22"><span class='ocrx_word' id='word_1_112' title='bbox 286 1656 360 1722; x_wconf 91' lang='lat' dir='ltr'><strong>eins</strong></span> <span class='ocrx_word' id='word_1_113' title='bbox 394 1653 616 1744; x_wconf 90' lang='lat' dir='ltr'><strong>depopulato,</strong></span> <span class='ocrx_word' id='word_1_114' title='bbox 653 1660 686 1722; x_wconf 92' lang='lat' dir='ltr'><strong>et</strong></span> <span class='ocrx_word' id='word_1_115' title='bbox 718 1656 885 1724; x_wconf 91' lang='lat' dir='ltr'><strong>territorio</strong></span> <span class='ocrx_word' id='word_1_116' title='bbox 918 1655 991 1722; x_wconf 91' lang='lat' dir='ltr'><strong>eius</strong></span> <span class='ocrx_word' id='word_1_117' title='bbox 1025 1652 1060 1719; x_wconf 93' lang='lat' dir='ltr'><strong>in</strong></span> <span class='ocrx_word' id='word_1_118' title='bbox 1089 1669 1213 1738; x_wconf 83' lang='lat' dir='ltr'><strong>magna</strong></span> <span class='ocrx_word' id='word_1_119' title='bbox 1237 1657 1332 1739; x_wconf 91' lang='lat' dir='ltr'><strong>parte</strong></span> <span class='ocrx_word' id='word_1_120' title='bbox 1358 1650 1424 1720; x_wconf 89' lang='lat' dir='ltr'><strong>de·</strong></span> <span class='ocrx_word' id='word_1_121' title='bbox 1524 1661 1525 1668; x_wconf 75' lang='grc'>’</span> 
     </span>
     <span class='ocr_line' id='line_1_16' title="bbox 284 1749 1425 1843; baseline -0.003 -21"><span class='ocrx_word' id='word_1_122' title='bbox 284 1758 428 1843; x_wconf 90' lang='lat' dir='ltr'><strong>structo,</strong></span> <span class='ocrx_word' id='word_1_123' title='bbox 463 1755 630 1823; x_wconf 89' lang='lat' dir='ltr'><strong>civitatem</strong></span> <span class='ocrx_word' id='word_1_124' title='bbox 663 1754 880 1823; x_wconf 90' lang='lat' dir='ltr'><strong>Landeshute</strong></span> <span class='ocrx_word' id='word_1_125' title='bbox 912 1752 1117 1841; x_wconf 83' lang='lat' dir='ltr'><strong>expugnavit</strong></span> <span class='ocrx_word' id='word_1_126' title='bbox 1152 1757 1186 1818; x_wconf 93' lang='lat' dir='ltr'><strong>et</strong></span> <span class='ocrx_word' id='word_1_127' title='bbox 1211 1749 1342 1820; x_wconf 83' lang='lat' dir='ltr'><strong>devicit</strong></span> <span class='ocrx_word' id='word_1_128' title='bbox 1383 1751 1425 1822; x_wconf 88' lang='lat' dir='ltr'><strong>Et</strong></span> 
     </span>
     <span class='ocr_line' id='line_1_17' title="bbox 285 1849 1423 1941; baseline 0 -21"><span class='ocrx_word' id='word_1_129' title='bbox 285 1854 362 1940; x_wconf 82' lang='lat' dir='ltr'><strong>quia</strong></span> <span class='ocrx_word' id='word_1_130' title='bbox 388 1855 462 1941; x_wconf 91' lang='lat' dir='ltr'><strong>ipse</strong></span> <span class='ocrx_word' id='word_1_131' title='bbox 489 1853 557 1921; x_wconf 85' lang='lat' dir='ltr'><strong>dux</strong></span> <span class='ocrx_word' id='word_1_132' title='bbox 578 1852 809 1922; x_wconf 89' lang='lat' dir='ltr'><strong>Suidnieensis</strong></span> <span class='ocrx_word' id='word_1_133' title='bbox 836 1852 911 1921; x_wconf 93' lang='lat' dir='ltr'><strong>illas</strong></span> <span class='ocrx_word' id='word_1_134' title='bbox 938 1849 1078 1920; x_wconf 84' lang='lat' dir='ltr'><strong>insidias</strong></span> <span class='ocrx_word' id='word_1_135' title='bbox 1101 1854 1135 1918; x_wconf 93' lang='lat' dir='ltr'><strong>et</strong></span> <span class='ocrx_word' id='word_1_136' title='bbox 1158 1850 1423 1920; x_wconf 88' lang='lat' dir='ltr'><strong>machinationes</strong></span> 
     </span>
     <span class='ocr_line' id='line_1_18' title="bbox 283 1950 1423 2042; baseline 0 -24"><span class='ocrx_word' id='word_1_137' title='bbox 283 1952 426 2041; x_wconf 88' lang='lat' dir='ltr'><strong>iniquas,</strong></span> <span class='ocrx_word' id='word_1_138' title='bbox 454 1953 575 2039; x_wconf 87' lang='lat' dir='ltr'><strong>quibus</strong></span> <span class='ocrx_word' id='word_1_139' title='bbox 603 1953 743 2021; x_wconf 89' lang='lat' dir='ltr'><strong>Karolus</strong></span> <span class='ocrx_word' id='word_1_140' title='bbox 769 1954 803 2022; x_wconf 91' lang='lat' dir='ltr'><strong>in</strong></span> <span class='ocrx_word' id='word_1_141' title='bbox 830 1951 931 2042; x_wconf 88' lang='lat' dir='ltr'><strong>Calis,</strong></span> <span class='ocrx_word' id='word_1_142' title='bbox 959 1952 1044 2020; x_wconf 91' lang='lat' dir='ltr'><strong>sicut</strong></span> <span class='ocrx_word' id='word_1_143' title='bbox 1065 1950 1220 2037; x_wconf 90' lang='lat' dir='ltr'><strong>superius</strong></span> <span class='ocrx_word' id='word_1_144' title='bbox 1244 1955 1423 2040; x_wconf 90' lang='lat' dir='ltr'><strong>narratum,</strong></span> 
     </span>
     <span class='ocr_line' id='line_1_19' title="bbox 285 2049 1424 2141; baseline -0.001 -24"><span class='ocrx_word' id='word_1_145' title='bbox 285 2052 391 2118; x_wconf 87' lang='lat' dir='ltr'><strong>extitit</strong></span> <span class='ocrx_word' id='word_1_146' title='bbox 416 2050 583 2141; x_wconf 90' lang='lat' dir='ltr'><strong>detentus,</strong></span> <span class='ocrx_word' id='word_1_147' title='bbox 611 2051 729 2120; x_wconf 88' lang='lat' dir='ltr'><strong>dolosa</strong></span> <span class='ocrx_word' id='word_1_148' title='bbox 756 2060 789 2120; x_wconf 91' lang='lat' dir='ltr'><strong>et</strong></span> <span class='ocrx_word' id='word_1_149' title='bbox 814 2053 968 2137; x_wconf 84' lang='lat' dir='ltr'><strong>nequiter</strong></span> <span class='ocrx_word' id='word_1_150' title='bbox 987 2050 1190 2139; x_wconf 79' lang='lat' dir='ltr'><strong>procuravit,</strong></span> <span class='ocrx_word' id='word_1_151' title='bbox 1218 2066 1278 2116; x_wconf 82' lang='lat' dir='ltr'><strong>rex</strong></span> <span class='ocrx_word' id='word_1_152' title='bbox 1295 2049 1424 2118; x_wconf 88' lang='lat' dir='ltr'><strong>lohan-</strong></span> 
     </span>
     <span class='ocr_line' id='line_1_20' title="bbox 283 2147 1423 2239; baseline 0 -23"><span class='ocrx_word' id='word_1_153' title='bbox 283 2166 346 2217; x_wconf 89' lang='lat' dir='ltr'><strong>nes</strong></span> <span class='ocrx_word' id='word_1_154' title='bbox 381 2154 414 2216; x_wconf 90' lang='lat' dir='ltr'><strong>et</strong></span> <span class='ocrx_word' id='word_1_155' title='bbox 452 2149 593 2218; x_wconf 90' lang='lat' dir='ltr'><strong>llarclus</strong></span> <span class='ocrx_word' id='word_1_156' title='bbox 632 2149 749 2218; x_wconf 90' lang='lat' dir='ltr'><strong>decem</strong></span> <span class='ocrx_word' id='word_1_157' title='bbox 783 2152 989 2239; x_wconf 91' lang='lat' dir='ltr'><strong>septimanas</strong></span> <span class='ocrx_word' id='word_1_158' title='bbox 1022 2149 1056 2216; x_wconf 90' lang='lat' dir='ltr'><strong>in</strong></span> <span class='ocrx_word' id='word_1_159' title='bbox 1090 2153 1177 2216; x_wconf 90' lang='lat' dir='ltr'><strong>terra</strong></span> <span class='ocrx_word' id='word_1_160' title='bbox 1211 2147 1290 2216; x_wconf 88' lang='lat' dir='ltr'><strong>dieti</strong></span> <span class='ocrx_word' id='word_1_161' title='bbox 1327 2147 1423 2216; x_wconf 85' lang='lat' dir='ltr'><strong>ducis</strong></span> 
     </span>
     <span class='ocr_line' id='line_1_21' title="bbox 281 2248 1422 2339; baseline 0 -23"><span class='ocrx_word' id='word_1_162' title='bbox 281 2249 441 2338; x_wconf 78' lang='lat' dir='ltr'><strong>iacenteS,</strong></span> <span class='ocrx_word' id='word_1_163' title='bbox 469 2265 510 2316; x_wconf 91' lang='lat' dir='ltr'><strong>ea</strong></span> <span class='ocrx_word' id='word_1_164' title='bbox 536 2249 648 2317; x_wconf 87' lang='lat' dir='ltr'><strong>hostili</strong></span> <span class='ocrx_word' id='word_1_165' title='bbox 673 2250 777 2339; x_wconf 90' lang='lat' dir='ltr'><strong>prede</strong></span> <span class='ocrx_word' id='word_1_166' title='bbox 803 2252 838 2318; x_wconf 92' lang='lat' dir='ltr'><strong>in</strong></span> <span class='ocrx_word' id='word_1_167' title='bbox 864 2249 1044 2320; x_wconf 85' lang='lat' dir='ltr'><strong>vindictam</strong></span> <span class='ocrx_word' id='word_1_168' title='bbox 1069 2248 1249 2336; x_wconf 89' lang='lat' dir='ltr'><strong>perpetrati</strong></span> <span class='ocrx_word' id='word_1_169' title='bbox 1275 2248 1422 2316; x_wconf 90' lang='lat' dir='ltr'><strong>criminis</strong></span> 
     </span>
     <span class='ocr_line' id='line_1_22' title="bbox 282 2348 903 2437; baseline 0.003 -23"><span class='ocrx_word' id='word_1_170' title='bbox 282 2349 445 2437; x_wconf 86' lang='lat' dir='ltr'><strong>exposita,</strong></span> <span class='ocrx_word' id='word_1_171' title='bbox 471 2348 506 2415; x_wconf 89' lang='lat' dir='ltr'><strong>in</strong></span> <span class='ocrx_word' id='word_1_172' title='bbox 531 2349 700 2418; x_wconf 91' lang='lat' dir='ltr'><strong>Boemiam</strong></span> <span class='ocrx_word' id='word_1_173' title='bbox 726 2349 903 2418; x_wconf 89' lang='lat' dir='ltr'><strong>redierunt.</strong></span> 
     </span>
    </p>
   </div>
   <div class='ocr_carea' id='block_1_3' title="bbox 281 2446 1526 2738">
    <p class='ocr_par' dir='ltr' id='par_1_4' title="bbox 281 2446 1526 2738">
     <span class='ocr_line' id='line_1_23' title="bbox 356 2446 1526 2542; baseline -0.001 -28"><span class='ocrx_word' id='word_1_174' title='bbox 356 2446 428 2515; x_wconf 89' lang='lat' dir='ltr'><strong>Hiis</strong></span> <span class='ocrx_word' id='word_1_175' title='bbox 448 2448 560 2535; x_wconf 87' lang='lat' dir='ltr'><strong>itaque</strong></span> <span class='ocrx_word' id='word_1_176' title='bbox 578 2450 697 2541; x_wconf 76' lang='lat' dir='ltr'><strong>gastiS,</strong></span> <span class='ocrx_word' id='word_1_177' title='bbox 724 2467 792 2517; x_wconf 91' lang='lat' dir='ltr'><strong>non</strong></span> <span class='ocrx_word' id='word_1_178' title='bbox 812 2450 917 2536; x_wconf 81' lang='lat' dir='ltr'><strong>longo</strong></span> <span class='ocrx_word' id='word_1_179' title='bbox 937 2446 1095 2534; x_wconf 91' lang='lat' dir='ltr'><strong>temporis</strong></span> <span class='ocrx_word' id='word_1_180' title='bbox 1113 2446 1222 2534; x_wconf 91' lang='lat' dir='ltr'><strong>spatio</strong></span> <span class='ocrx_word' id='word_1_181' title='bbox 1237 2449 1420 2534; x_wconf 77' lang='lat' dir='ltr'><strong>transnato,</strong></span> <span class='ocrx_word' id='word_1_182' title='bbox 1525 2533 1526 2542; x_wconf 8' lang='grc' dir='ltr'>ἵ</span> 
     </span>
     <span class='ocr_line' id='line_1_24' title="bbox 281 2544 1526 2638; baseline -0.004 -22"><span class='ocrx_word' id='word_1_183' title='bbox 281 2544 473 2616; x_wconf 89' lang='lat' dir='ltr'><strong>Ludcvicns</strong></span> <span class='ocrx_word' id='word_1_184' title='bbox 505 2548 673 2638; x_wconf 82' lang='lat' dir='ltr'><strong>Bararus,</strong></span> <span class='ocrx_word' id='word_1_185' title='bbox 710 2550 829 2636; x_wconf 87' lang='lat' dir='ltr'><strong>quise</strong></span> <span class='ocrx_word' id='word_1_186' title='bbox 861 2551 1094 2636; x_wconf 89' lang='lat' dir='ltr'><strong>imperatorem</strong></span> <span class='ocrx_word' id='word_1_187' title='bbox 1119 2545 1321 2633; x_wconf 89' lang='lat' dir='ltr'><strong>nominavit,</strong></span> <span class='ocrx_word' id='word_1_188' title='bbox 1350 2561 1423 2614; x_wconf 91' lang='lat' dir='ltr'><strong>eum</strong></span> <span class='ocrx_word' id='word_1_189' title='bbox 1525 2593 1526 2626; x_wconf 70' lang='lat'><strong>,</strong></span> 
     </span>
     <span class='ocr_line' id='line_1_25' title="bbox 282 2631 1526 2738; baseline -0.002 -25"><span class='ocrx_word' id='word_1_190' title='bbox 282 2663 363 2732; x_wconf 79' lang='lat' dir='ltr'><strong>rege</strong></span> <span class='ocrx_word' id='word_1_191' title='bbox 397 2646 567 2737; x_wconf 81' lang='lat' dir='ltr'><strong>Ungaric,</strong></span> <span class='ocrx_word' id='word_1_192' title='bbox 600 2647 683 2716; x_wconf 89' lang='lat' dir='ltr'><strong>duce</strong></span> <span class='ocrx_word' id='word_1_193' title='bbox 709 2645 860 2738; x_wconf 87' lang='lat' dir='ltr'><strong>Austrie,</strong></span> <span class='ocrx_word' id='word_1_194' title='bbox 894 2663 976 2732; x_wconf 83' lang='lat' dir='ltr'><strong>rege</strong></span> <span class='ocrx_word' id='word_1_195' title='bbox 1011 2643 1192 2734; x_wconf 86' lang='lat' dir='ltr'><strong>Cracovie,</strong></span> <span class='ocrx_word' id='word_1_196' title='bbox 1228 2643 1422 2714; x_wconf 87' lang='lat' dir='ltr'><strong>marchione</strong></span> <span class='ocrx_word' id='word_1_197' title='bbox 1525 2631 1526 2658; x_wconf 65' lang='lat'>¹</span> 
     </span>
    </p>
   </div>
   <div class='ocr_carea' id='block_1_4' title="bbox 191 2742 1424 4321">
    <p class='ocr_par' dir='ltr' id='par_1_5' title="bbox 191 2742 1424 4321">
     <span class='ocr_line' id='line_1_26' title="bbox 282 2742 1421 2831; baseline -0.001 -20"><span class='ocrx_word' id='word_1_198' title='bbox 282 2744 448 2814; x_wconf 88' lang='lat' dir='ltr'><strong>llisnensi</strong></span> <span class='ocrx_word' id='word_1_199' title='bbox 460 2753 493 2814; x_wconf 92' lang='lat' dir='ltr'><strong>et</strong></span> <span class='ocrx_word' id='word_1_200' title='bbox 509 2746 593 2815; x_wconf 87' lang='lat' dir='ltr'><strong>duce</strong></span> <span class='ocrx_word' id='word_1_201' title='bbox 610 2746 823 2814; x_wconf 88' lang='lat' dir='ltr'><strong>Suidnieensi</strong></span> <span class='ocrx_word' id='word_1_202' title='bbox 847 2745 966 2815; x_wconf 79' lang='lat' dir='ltr'><strong>tortam</strong></span> <span class='ocrx_word' id='word_1_203' title='bbox 986 2760 1086 2831; x_wconf 90' lang='lat' dir='ltr'><strong>super</strong></span> <span class='ocrx_word' id='word_1_204' title='bbox 1104 2742 1285 2810; x_wconf 88' lang='lat' dir='ltr'><strong>Iohannem</strong></span> <span class='ocrx_word' id='word_1_205' title='bbox 1305 2760 1421 2829; x_wconf 84' lang='lat' dir='ltr'><strong>regem</strong></span> 
     </span>
     <span class='ocr_line' id='line_1_27' title="bbox 191 2841 1422 2927; baseline 0 -15"><span class='ocrx_word' id='word_1_206' title='bbox 191 2875 195 2880; x_wconf 94' lang='lat'>·</span> <span class='ocrx_word' id='word_1_207' title='bbox 282 2844 419 2912; x_wconf 89' lang='lat' dir='ltr'><strong>Boemie</strong></span> <span class='ocrx_word' id='word_1_208' title='bbox 441 2850 475 2913; x_wconf 89' lang='lat' dir='ltr'><strong>et</strong></span> <span class='ocrx_word' id='word_1_209' title='bbox 492 2846 648 2913; x_wconf 91' lang='lat' dir='ltr'><strong>llarolum</strong></span> <span class='ocrx_word' id='word_1_210' title='bbox 671 2847 893 2914; x_wconf 87' lang='lat' dir='ltr'><strong>marchionem</strong></span> <span class='ocrx_word' id='word_1_211' title='bbox 917 2844 1068 2912; x_wconf 87' lang='lat' dir='ltr'><strong>Moravie</strong></span> <span class='ocrx_word' id='word_1_212' title='bbox 1092 2841 1193 2927; x_wconf 83' lang='lat' dir='ltr'><strong>ligam</strong></span> <span class='ocrx_word' id='word_1_213' title='bbox 1214 2846 1422 2912; x_wconf 82' lang='lat' dir='ltr'><strong>construxe-</strong></span> 
     </span>
     <span class='ocr_line' id='line_1_28' title="bbox 283 2940 1422 3033; baseline -0.003 -23"><span class='ocrx_word' id='word_1_214' title='bbox 283 2949 368 3033; x_wconf 91' lang='lat' dir='ltr'><strong>runt,</strong></span> <span class='ocrx_word' id='word_1_215' title='bbox 397 2946 452 3030; x_wconf 84' lang='lat' dir='ltr'><strong>qui</strong></span> <span class='ocrx_word' id='word_1_216' title='bbox 476 2962 592 3012; x_wconf 91' lang='lat' dir='ltr'><strong>omnes</strong></span> <span class='ocrx_word' id='word_1_217' title='bbox 610 2943 731 3012; x_wconf 88' lang='lat' dir='ltr'><strong>dietum</strong></span> <span class='ocrx_word' id='word_1_218' title='bbox 745 2945 926 3014; x_wconf 86' lang='lat' dir='ltr'><strong>iohannem</strong></span> <span class='ocrx_word' id='word_1_219' title='bbox 951 2948 985 3010; x_wconf 90' lang='lat' dir='ltr'><strong>ct</strong></span> <span class='ocrx_word' id='word_1_220' title='bbox 1001 2940 1156 3010; x_wconf 91' lang='lat' dir='ltr'><strong>Karolum</strong></span> <span class='ocrx_word' id='word_1_221' title='bbox 1172 2942 1207 3008; x_wconf 91' lang='lat' dir='ltr'><strong>in</strong></span> <span class='ocrx_word' id='word_1_222' title='bbox 1222 2958 1289 3008; x_wconf 93' lang='lat' dir='ltr'><strong>nna</strong></span> <span class='ocrx_word' id='word_1_223' title='bbox 1312 2942 1422 3030; x_wconf 91' lang='lat' dir='ltr'><strong>septi-</strong></span> 
     </span>
     <span class='ocr_line' id='line_1_29' title="bbox 283 3038 1424 3134; baseline -0.002 -26"><span class='ocrx_word' id='word_1_224' title='bbox 283 3059 381 3108; x_wconf 89' lang='lat' dir='ltr'><strong>mana</strong></span> <span class='ocrx_word' id='word_1_225' title='bbox 413 3044 484 3111; x_wconf 92' lang='lat' dir='ltr'><strong>suis</strong></span> <span class='ocrx_word' id='word_1_226' title='bbox 516 3044 633 3112; x_wconf 89' lang='lat' dir='ltr'><strong>litteris</strong></span> <span class='ocrx_word' id='word_1_227' title='bbox 669 3043 879 3134; x_wconf 84' lang='lat' dir='ltr'><strong>diffiderunt,</strong></span> <span class='ocrx_word' id='word_1_228' title='bbox 915 3042 1069 3110; x_wconf 86' lang='lat' dir='ltr'><strong>volentes</strong></span> <span class='ocrx_word' id='word_1_229' title='bbox 1098 3057 1158 3110; x_wconf 89' lang='lat' dir='ltr'><strong>eos</strong></span> <span class='ocrx_word' id='word_1_230' title='bbox 1183 3038 1363 3130; x_wconf 86' lang='lat' dir='ltr'><strong>invadere,</strong></span> <span class='ocrx_word' id='word_1_231' title='bbox 1391 3045 1424 3106; x_wconf 91' lang='lat' dir='ltr'><strong>et</strong></span> 
     </span>
     <span class='ocr_line' id='line_1_30' title="bbox 283 3139 1421 3232; baseline -0.001 -25"><span class='ocrx_word' id='word_1_232' title='bbox 283 3145 440 3227; x_wconf 88' lang='lat' dir='ltr'><strong>tanquam</strong></span> <span class='ocrx_word' id='word_1_233' title='bbox 467 3159 581 3210; x_wconf 93' lang='lat' dir='ltr'><strong>eorum</strong></span> <span class='ocrx_word' id='word_1_234' title='bbox 607 3143 768 3231; x_wconf 88' lang='lat' dir='ltr'><strong>capitales</strong></span> <span class='ocrx_word' id='word_1_235' title='bbox 786 3143 944 3232; x_wconf 86' lang='lat' dir='ltr'><strong>persequi</strong></span> <span class='ocrx_word' id='word_1_236' title='bbox 961 3142 1123 3210; x_wconf 90' lang='lat' dir='ltr'><strong>inimicos.</strong></span> <span class='ocrx_word' id='word_1_237' title='bbox 1168 3139 1276 3226; x_wconf 88' lang='lat' dir='ltr'><strong>Super</strong></span> <span class='ocrx_word' id='word_1_238' title='bbox 1300 3140 1421 3227; x_wconf 77' lang='lat' dir='ltr'><strong>umbus</strong></span> 
     </span>
     <span class='ocr_line' id='line_1_31' title="bbox 284 3239 1421 3333; baseline -0.002 -25"><span class='ocrx_word' id='word_1_239' title='bbox 284 3241 381 3308; x_wconf 92' lang='lat' dir='ltr'><strong>novis</strong></span> <span class='ocrx_word' id='word_1_240' title='bbox 408 3259 466 3310; x_wconf 87' lang='lat' dir='ltr'><strong>rex</strong></span> <span class='ocrx_word' id='word_1_241' title='bbox 489 3241 655 3311; x_wconf 88' lang='lat' dir='ltr'><strong>lohannes</strong></span> <span class='ocrx_word' id='word_1_242' title='bbox 675 3244 817 3333; x_wconf 91' lang='lat' dir='ltr'><strong>territus,</strong></span> <span class='ocrx_word' id='word_1_243' title='bbox 845 3243 1048 3329; x_wconf 88' lang='lat' dir='ltr'><strong>sollempnes</strong></span> <span class='ocrx_word' id='word_1_244' title='bbox 1076 3255 1159 3308; x_wconf 85' lang='lat' dir='ltr'><strong>suos</strong></span> <span class='ocrx_word' id='word_1_245' title='bbox 1185 3239 1340 3328; x_wconf 89' lang='lat' dir='ltr'><strong>nuncios,</strong></span> <span class='ocrx_word' id='word_1_246' title='bbox 1367 3239 1421 3308; x_wconf 92' lang='lat' dir='ltr'><strong>vi-</strong></span> 
     </span>
     <span class='ocr_line' id='line_1_32' title="bbox 285 3338 1420 3429; baseline -0.002 -23"><span class='ocrx_word' id='word_1_247' title='bbox 285 3338 406 3408; x_wconf 90' lang='lat' dir='ltr'><strong>delicet</strong></span> <span class='ocrx_word' id='word_1_248' title='bbox 436 3341 604 3410; x_wconf 89' lang='lat' dir='ltr'><strong>dominum</strong></span> <span class='ocrx_word' id='word_1_249' title='bbox 631 3342 802 3410; x_wconf 85' lang='lat' dir='ltr'><strong>Nicolaum</strong></span> <span class='ocrx_word' id='word_1_250' title='bbox 834 3341 876 3410; x_wconf 90' lang='lat' dir='ltr'><strong>de</strong></span> <span class='ocrx_word' id='word_1_251' title='bbox 898 3341 1125 3429; x_wconf 87' lang='lat' dir='ltr'><strong>Lucemburg,</strong></span> <span class='ocrx_word' id='word_1_252' title='bbox 1152 3354 1248 3408; x_wconf 90' lang='lat' dir='ltr'><strong>snum</strong></span> <span class='ocrx_word' id='word_1_253' title='bbox 1272 3339 1420 3406; x_wconf 88' lang='lat' dir='ltr'><strong>intimum</strong></span> 
     </span>
     <span class='ocr_line' id='line_1_33' title="bbox 285 3437 1421 3530; baseline -0.004 -24"><span class='ocrx_word' id='word_1_254' title='bbox 285 3438 519 3530; x_wconf 85' lang='lat' dir='ltr'><strong>consiliarium,</strong></span> <span class='ocrx_word' id='word_1_255' title='bbox 546 3447 578 3508; x_wconf 93' lang='lat' dir='ltr'><strong>et</strong></span> <span class='ocrx_word' id='word_1_256' title='bbox 595 3441 760 3510; x_wconf 90' lang='lat' dir='ltr'><strong>dominum</strong></span> <span class='ocrx_word' id='word_1_257' title='bbox 777 3441 953 3509; x_wconf 90' lang='lat' dir='ltr'><strong>Henrioum</strong></span> <span class='ocrx_word' id='word_1_258' title='bbox 965 3439 1205 3509; x_wconf 85' lang='lat' dir='ltr'><strong>thesaurarium</strong></span> <span class='ocrx_word' id='word_1_259' title='bbox 1221 3439 1256 3506; x_wconf 92' lang='lat' dir='ltr'><strong>in</strong></span> <span class='ocrx_word' id='word_1_260' title='bbox 1269 3437 1421 3506; x_wconf 87' lang='lat' dir='ltr'><strong>Newen-</strong></span> 
     </span>
     <span class='ocr_line' id='line_1_34' title="bbox 284 3537 1420 3630; baseline -0.001 -27"><span class='ocrx_word' id='word_1_261' title='bbox 284 3537 381 3624; x_wconf 77' lang='lat' dir='ltr'><strong>burg,</strong></span> <span class='ocrx_word' id='word_1_262' title='bbox 407 3558 501 3607; x_wconf 91' lang='lat' dir='ltr'><strong>sunm</strong></span> <span class='ocrx_word' id='word_1_263' title='bbox 517 3542 787 3630; x_wconf 89' lang='lat' dir='ltr'><strong>protonotarium,</strong></span> <span class='ocrx_word' id='word_1_264' title='bbox 814 3542 903 3608; x_wconf 92' lang='lat' dir='ltr'><strong>misit</strong></span> <span class='ocrx_word' id='word_1_265' title='bbox 924 3538 966 3608; x_wconf 89' lang='lat' dir='ltr'><strong>ad</strong></span> <span class='ocrx_word' id='word_1_266' title='bbox 983 3538 1201 3627; x_wconf 83' lang='lat' dir='ltr'><strong>Ludovicnm,</strong></span> <span class='ocrx_word' id='word_1_267' title='bbox 1228 3544 1350 3606; x_wconf 86' lang='lat' dir='ltr'><strong>utcum</strong></span> <span class='ocrx_word' id='word_1_268' title='bbox 1376 3550 1420 3602; x_wconf 91' lang='lat' dir='ltr'><strong>eo</strong></span> 
     </span>
     <span class='ocr_line' id='line_1_35' title="bbox 284 3636 1419 3729; baseline -0.003 -27"><span class='ocrx_word' id='word_1_269' title='bbox 284 3636 327 3704; x_wconf 89' lang='lat' dir='ltr'><strong>ad</strong></span> <span class='ocrx_word' id='word_1_270' title='bbox 362 3639 565 3707; x_wconf 88' lang='lat' dir='ltr'><strong>tractandum</strong></span> <span class='ocrx_word' id='word_1_271' title='bbox 602 3639 643 3707; x_wconf 90' lang='lat' dir='ltr'><strong>de</strong></span> <span class='ocrx_word' id='word_1_272' title='bbox 677 3639 874 3729; x_wconf 90' lang='lat' dir='ltr'><strong>concordia,</strong></span> <span class='ocrx_word' id='word_1_273' title='bbox 902 3644 958 3707; x_wconf 87' lang='lat' dir='ltr'><strong>aut</strong></span> <span class='ocrx_word' id='word_1_274' title='bbox 988 3641 1116 3726; x_wconf 80' lang='lat' dir='ltr'><strong>treugis</strong></span> <span class='ocrx_word' id='word_1_275' title='bbox 1149 3638 1235 3704; x_wconf 90' lang='lat' dir='ltr'><strong>inter</strong></span> <span class='ocrx_word' id='word_1_276' title='bbox 1261 3655 1322 3706; x_wconf 89' lang='lat' dir='ltr'><strong>eos</strong></span> <span class='ocrx_word' id='word_1_277' title='bbox 1347 3639 1419 3702; x_wconf 91' lang='lat' dir='ltr'><strong>sta-</strong></span> 
     </span>
     <span class='ocr_line' id='line_1_36' title="bbox 283 3734 1418 3829; baseline -0.004 -26"><span class='ocrx_word' id='word_1_278' title='bbox 283 3735 427 3829; x_wconf 76' lang='lat' dir='ltr'><strong>tuendiS,</strong></span> <span class='ocrx_word' id='word_1_279' title='bbox 455 3739 497 3808; x_wconf 90' lang='lat' dir='ltr'><strong>ud</strong></span> <span class='ocrx_word' id='word_1_280' title='bbox 524 3739 667 3827; x_wconf 88' lang='lat' dir='ltr'><strong>aliquem</strong></span> <span class='ocrx_word' id='word_1_281' title='bbox 693 3741 865 3807; x_wconf 91' lang='lat' dir='ltr'><strong>terminum</strong></span> <span class='ocrx_word' id='word_1_282' title='bbox 891 3741 1097 3808; x_wconf 90' lang='lat' dir='ltr'><strong>conveniret.</strong></span> <span class='ocrx_word' id='word_1_283' title='bbox 1138 3734 1202 3816; x_wconf 86' lang='lat' dir='ltr'><strong>Qui</strong></span> <span class='ocrx_word' id='word_1_284' title='bbox 1228 3735 1418 3824; x_wconf 86' lang='lat' dir='ltr'><strong>simpliciter</strong></span> 
     </span>
     <span class='ocr_line' id='line_1_37' title="bbox 282 3835 1415 3925; baseline -0.003 -23"><span class='ocrx_word' id='word_1_285' title='bbox 282 3837 469 3925; x_wconf 90' lang='lat' dir='ltr'><strong>respondit:</strong></span> <span class='ocrx_word' id='word_1_286' title='bbox 505 3838 595 3925; x_wconf 83' lang='lat' dir='ltr'><strong>qnod</strong></span> <span class='ocrx_word' id='word_1_287' title='bbox 628 3838 737 3907; x_wconf 90' lang='lat' dir='ltr'><strong>nullas</strong></span> <span class='ocrx_word' id='word_1_288' title='bbox 774 3857 848 3907; x_wconf 91' lang='lat' dir='ltr'><strong>cum</strong></span> <span class='ocrx_word' id='word_1_289' title='bbox 882 3855 924 3907; x_wconf 92' lang='lat' dir='ltr'><strong>ec</strong></span> <span class='ocrx_word' id='word_1_290' title='bbox 950 3839 1052 3908; x_wconf 85' lang='lat' dir='ltr'><strong>vellet</strong></span> <span class='ocrx_word' id='word_1_291' title='bbox 1076 3835 1200 3906; x_wconf 88' lang='lat' dir='ltr'><strong>habere</strong></span> <span class='ocrx_word' id='word_1_292' title='bbox 1228 3842 1415 3922; x_wconf 76' lang='lat' dir='ltr'><strong>treugamru</strong></span> 
     </span>
     <span class='ocr_line' id='line_1_38' title="bbox 281 3934 1415 4027; baseline -0.003 -25"><span class='ocrx_word' id='word_1_293' title='bbox 281 3935 443 4027; x_wconf 86' lang='lat' dir='ltr'><strong>inducias,</strong></span> <span class='ocrx_word' id='word_1_294' title='bbox 471 3955 535 4006; x_wconf 88' lang='lat' dir='ltr'><strong>nec</strong></span> <span class='ocrx_word' id='word_1_295' title='bbox 551 3939 662 4025; x_wconf 87' lang='lat' dir='ltr'><strong>aliqua</strong></span> <span class='ocrx_word' id='word_1_296' title='bbox 678 3955 751 4005; x_wconf 92' lang='lat' dir='ltr'><strong>cum</strong></span> <span class='ocrx_word' id='word_1_297' title='bbox 774 3956 814 4006; x_wconf 90' lang='lat' dir='ltr'><strong>eo</strong></span> <span class='ocrx_word' id='word_1_298' title='bbox 837 3955 977 4024; x_wconf 87' lang='lat' dir='ltr'><strong>querere</strong></span> <span class='ocrx_word' id='word_1_299' title='bbox 998 3934 1178 4006; x_wconf 86' lang='lat' dir='ltr'><strong>concordie</strong></span> <span class='ocrx_word' id='word_1_300' title='bbox 1203 3935 1415 4022; x_wconf 81' lang='lat' dir='ltr'><strong>parlamenta</strong></span> 
     </span>
     <span class='ocr_line' id='line_1_39' title="bbox 281 4034 1413 4126; baseline 0 -26"><span class='ocrx_word' id='word_1_301' title='bbox 281 4034 448 4104; x_wconf 89' lang='lat' dir='ltr'><strong>lohannes</strong></span> <span class='ocrx_word' id='word_1_302' title='bbox 476 4056 534 4105; x_wconf 91' lang='lat' dir='ltr'><strong>rex</strong></span> <span class='ocrx_word' id='word_1_303' title='bbox 560 4038 624 4106; x_wconf 90' lang='lat' dir='ltr'><strong>hcc</strong></span> <span class='ocrx_word' id='word_1_304' title='bbox 644 4037 769 4126; x_wconf 80' lang='lat' dir='ltr'><strong>erudito,</strong></span> <span class='ocrx_word' id='word_1_305' title='bbox 797 4036 892 4104; x_wconf 79' lang='lat' dir='ltr'><strong>dixit:</strong></span> <span class='ocrx_word' id='word_1_306' title='bbox 919 4035 1112 4107; x_wconf 80' lang='lat' dir='ltr'><strong>laceratae</strong></span> <span class='ocrx_word' id='word_1_307' title='bbox 1136 4035 1268 4118; x_wconf 65' lang='lat' dir='ltr'><strong>denuo,</strong></span> <span class='ocrx_word' id='word_1_308' title='bbox 1294 4035 1413 4121; x_wconf 83' lang='lat' dir='ltr'><strong>poculo</strong></span> 
     </span>
     <span class='ocr_line' id='line_1_40' title="bbox 276 4132 1413 4224; baseline 0 -24"><span class='ocrx_word' id='word_1_309' title='bbox 276 4132 392 4217; x_wconf 81' lang='lat' dir='ltr'><strong>plures</strong></span> <span class='ocrx_word' id='word_1_310' title='bbox 423 4134 631 4205; x_wconf 78' lang='lat' dir='ltr'><strong>latuerimus</strong></span> <span class='ocrx_word' id='word_1_311' title='bbox 663 4137 830 4219; x_wconf 75' lang='lat' dir='ltr'><strong>tumeas,</strong></span> <span class='ocrx_word' id='word_1_312' title='bbox 865 4139 957 4204; x_wconf 84' lang='lat' dir='ltr'><strong>tuoto</strong></span> <span class='ocrx_word' id='word_1_313' title='bbox 977 4136 1081 4224; x_wconf 84' lang='lat' dir='ltr'><strong>pluro</strong></span> <span class='ocrx_word' id='word_1_314' title='bbox 1104 4133 1215 4222; x_wconf 82' lang='lat' dir='ltr'><strong>spolio</strong></span> <span class='ocrx_word' id='word_1_315' title='bbox 1239 4137 1272 4203; x_wconf 86' lang='lat' dir='ltr'><strong>et</strong></span> <span class='ocrx_word' id='word_1_316' title='bbox 1292 4132 1413 4222; x_wconf 67' lang='lat' dir='ltr'><strong>medus</strong></span> 
     </span>
     <span class='ocr_line' id='line_1_41' title="bbox 281 4231 1414 4321; baseline 0.001 -23"><span class='ocrx_word' id='word_1_317' title='bbox 281 4235 468 4318; x_wconf 60' lang='lat' dir='ltr'><strong>captacula·</strong></span> <span class='ocrx_word' id='word_1_318' title='bbox 494 4241 526 4302; x_wconf 85' lang='lat' dir='ltr'><strong>et</strong></span> <span class='ocrx_word' id='word_1_319' title='bbox 550 4255 610 4321; x_wconf 79' lang='lat' dir='ltr'><strong>epo</strong></span> <span class='ocrx_word' id='word_1_320' title='bbox 636 4237 708 4302; x_wconf 81' lang='lat' dir='ltr'><strong>turo</strong></span> <span class='ocrx_word' id='word_1_321' title='bbox 729 4252 795 4320; x_wconf 84' lang='lat' dir='ltr'><strong>per</strong></span> <span class='ocrx_word' id='word_1_322' title='bbox 819 4236 983 4303; x_wconf 83' lang='lat' dir='ltr'><strong>domicum</strong></span> <span class='ocrx_word' id='word_1_323' title='bbox 1000 4234 1109 4304; x_wconf 83' lang='lat' dir='ltr'><strong>Iesum</strong></span> <span class='ocrx_word' id='word_1_324' title='bbox 1132 4231 1304 4317; x_wconf 68' lang='lat' dir='ltr'><strong>Cmuutm,</strong></span> <span class='ocrx_word' id='word_1_325' title='bbox 1328 4231 1414 4321; x_wconf 82' lang='lat' dir='ltr'><strong>quod</strong></span> 
     </span>
    </p>
   </div>
   <div class='ocr_carea' id='block_1_5' title="bbox 0 0 1552 4882">
    <p class='ocr_par' dir='ltr' id='par_1_6' title="bbox 0 0 1552 4882">
     <span class='ocr_line' id='line_1_42' title="bbox 0 0 1552 4882; baseline 0 1"><span class='ocrx_word' id='word_1_326' title='bbox 0 0 1552 4882; x_wconf 95' lang='lat' dir='ltr'><strong> </strong></span> 
     </span>
    </p>
   </div>
  </div>
 </body>
</html>
