3096 4882
542 216 611 262 urm
633 215 740 262 uunonr
763 215 870 272 ounnrr
893 217 951 262 rur.
1247 185 1318 256 233

179 354 345 442 asscripta
361 360 439 422 sunt
451 356 584 424 nomina
599 356 772 424 iustorum.
799 353 898 437 Quod
913 354 1010 426 vobis
1026 359 1179 444 prestare
1193 355 1318 442 digne-

181 460 243 546 tur,
271 453 328 541 qui
353 452 477 540 dignus
501 453 560 523 init
588 456 717 544 aperire
740 453 857 524 librum
884 463 918 525 et
947 455 1124 541 signacula
1150 456 1234 523 eius.

253 552 468 622 Successioni
483 559 596 623 vestre
624 552 801 640 diligenter
822 556 939 644 scripsi
960 553 1064 622 verba
1087 558 1319 643 preassumpta

179 652 352 740 sapiencie
368 658 402 720 ot
420 653 546 721 timoris
563 652 635 742 Dei,
654 659 813 740 quantum
830 673 904 724 mea
920 654 1068 742 parvitas
1086 651 1189 722 divini
1205 653 1317 721 auxilii

179 769 287 839 capax
312 751 383 820 suit
426 751 524 820 Nunc
549 751 591 820 de
617 770 705 820 vana
731 757 765 820 et
791 754 890 823 stulta
916 755 984 821 vita
1010 769 1084 820 mea
1106 751 1204 821 vobis
1228 753 1318 820 scri-

179 850 259 919 bere
287 851 397 941 cupio,
425 869 465 919 ac
490 851 532 919 de
559 850 696 920 exordio
723 855 882 922 transitus
908 852 973 919 mei
995 849 1163 940 mundani,
1191 856 1228 918 ut
1255 869 1318 919 ce-

179 949 259 1018 dere
292 949 389 1018 vobis
423 949 557 1018 valeant
590 952 625 1017 in
658 951 854 1039 exemplum.
908 951 1058 1018 Graciam
1085 957 1193 1018 autem
1220 949 1318 1017 michi

179 1068 197 1118 a
216 1048 291 1117 Deo
311 1047 467 1140 infusam,
496 1057 527 1118 et
545 1067 691 1118 amorem
710 1049 811 1118 sardii
838 1049 929 1139 quod
948 1051 1012 1118 mei
1037 1051 1185 1137 pectoris
1203 1048 1320 1118 habuit

177 1149 342 1216 tenacitas
358 1167 426 1218 non
447 1149 565 1218 tenebo
575 1172 583 1236 3
603 1153 640 1217 ut
660 1155 751 1219 tanto
770 1153 877 1236 magis
894 1150 1037 1239 speretis
1053 1146 1201 1217 divinum
1218 1148 1319 1216 auxi-

176 1239 1319 1340 immmffimmmwmmmmmmmm

178 1346 381 1415 decessores
399 1350 503 1416 uestri
527 1341 645 1417 vobis1
672 1351 779 1434 magis
800 1350 1012 1417 annunciant
1056 1346 1139 1414 Nam
1157 1353 1190 1415 et
1209 1347 1319 1434 scrip-

180 1451 247 1514 tum
275 1451 344 1513 est:
371 1446 500 1528 Patres
516 1450 620 1515 nostri
645 1449 926 1515 annunciaverunt
951 1445 1052 1514 nobis.
1096 1444 1200 1535 Cupio
1218 1448 1320 1533 igitur

177 1562 238 1613 vos
266 1562 335 1613 non
360 1546 485 1636 latere,
513 1546 604 1634 quod
622 1546 799 1615 Heinricus
823 1548 982 1635 septimus
1002 1544 1224 1614 Romanorum
1251 1546 1319 1613 im-

180 1650 316 1733 perator
349 1647 466 1730 genuit
498 1653 624 1735 patrem
651 1664 759 1716 meum
785 1647 919 1738 nomine
945 1644 1128 1713 Iohannem
1154 1661 1198 1712 ex
1222 1642 1319 1711 Mar-

177 1749 295 1830 gareta
332 1742 426 1812 ducis
460 1746 643 1814 Bravancie
678 1746 754 1815 iilia.
805 1743 868 1826 Qui
903 1744 996 1813 duxit
1020 1761 1158 1811 uxorem
1183 1744 1318 1811 nomine

176 1842 373 1933 elyzabeth,
401 1843 498 1912 tiliam
525 1844 723 1913 Wenceslai
750 1845 889 1914 secundi
905 1843 1041 1912 Boemie
1069 1844 1171 1933 regis,
1199 1849 1233 1910 et
1251 1841 1318 1910 oh-

177 1943 276 2010 tinuit
301 1960 441 2027 regnum
466 1943 602 2012 Boemie
630 1961 705 2012 oum
731 1963 789 2034 ea,
818 1946 896 2032 quia
921 1942 1126 2010 masculinus
1155 1958 1258 2008 sexus
1285 1942 1319 2008 in

174 2042 339 2130 progenie
364 2043 471 2128 regali
487 2044 685 2113 Boemorum
704 2043 881 2113 deiecerat.
923 2043 965 2110 Et
988 2041 1115 2130 expulit
1137 2039 1320 2108 Henricun

175 2139 345 2209 Kerinthie
367 2140 495 2234 ducem,
524 2145 580 2230 qui
599 2142 746 2211 habebat
761 2145 796 2211 in
820 2160 957 2212 uxorem
979 2158 1130 2210 sororem
1152 2141 1320 2208 seniorem

180 2240 294 2308 uxoris
316 2257 377 2308 sue
392 2240 491 2332 dicte,
509 2259 574 2329 que
594 2248 721 2311 mortua
739 2244 840 2310 estin
858 2247 1029 2330 posterum
1049 2241 1122 2307 sine
1136 2240 1240 2328 prole,
1262 2239 1319 2326 qui

175 2356 317 2424 regnum
342 2340 479 2409 Boemie
507 2359 611 2410 causa
638 2340 788 2409 eiusdem
816 2342 940 2409 sororis
974 2345 1153 2407 antaeum
1181 2337 1319 2406 obtine-

174 2437 242 2527 bat,
269 2444 368 2525 prout
394 2440 514 2507 clarius
541 2441 575 2506 in
601 2441 743 2509 cronicis
775 2440 974 2507 Boemcrum
1001 2439 1197 2506 continetur.
1249 2436 1320 2504 Ge·

175 2538 316 2623 nuitque
341 2535 429 2605 idern
448 2538 617 2607 Iohannes
643 2557 702 2608 rex
724 2539 861 2606 Boemie
888 2555 961 2606 cum
988 2536 1174 2626 Elyzabeth
1200 2537 1320 2621 regina

175 2636 449 2725 primogenitum
469 2657 585 2728 suum,
619 2640 753 2707 nominc
788 2635 1044 2723 Wenceslaum‚
1078 2652 1166 2703 anno
1194 2633 1319 2702 domini

175 2734 355 2802 millesimo
387 2738 620 2805 trecentesimo
653 2739 722 2806 xvi⁰
747 2735 852 2824 pridie
884 2735 961 2804 idus
997 2735 1073 2802 maii
1106 2733 1188 2801 hora
1214 2733 1319 2821 prima
1335 2745 1402 2799 roro

174 2835 211 2902 in
236 2833 356 2920 Praga.
407 2835 537 2904 Deinde
561 2835 661 2905 aliurn
684 2836 785 2904 filium
812 2836 946 2904 nomine
973 2831 1181 2922 Ottogarum,
1209 2834 1317 2919 quiin
1345 2827 1397 2934 ¹12¹

174 2932 297 3022 puerili
323 2939 411 3002 etate
438 2933 594 3004 decessit
645 2936 785 3003 Demum
817 2936 934 3021 genuit
960 2940 994 3002 et
1020 2934 1157 3001 tercium
1183 2932 1316 3000 nomine

174 3031 369 3100 Iohannem.
414 3033 604 3122 Habuitque
624 3034 792 3122 predictus
811 3052 870 3101 rex
887 3033 971 3102 duas
999 3048 1134 3101 sorores
1161 3030 1317 3120 despon-
1339 3043 1344 3050 ·

174 3137 286 3221 satas,
321 3149 422 3200 unam
457 3133 592 3202 tradidit
616 3134 823 3220 Ungarorum
850 3135 921 3219 regi
947 3132 1070 3200 Karolo
1097 3131 1222 3220 primo,
1251 3147 1316 3217 que

174 3231 250 3299 sine
285 3231 399 3300 liberis
433 3239 562 3301 mortua
595 3239 657 3302 est.
700 3231 888 3301 Secundam
919 3249 1000 3301 vero
1027 3230 1167 3299 dederat
1192 3229 1316 3298 Karolc

171 3329 375 3400 Francorum
401 3332 482 3420 regi,
510 3334 584 3420 ipso
611 3339 775 3418 regnante
801 3333 836 3398 in
861 3331 1012 3420 Francia,
1042 3347 1131 3398 anno
1157 3331 1316 3398 incarna-

172 3429 284 3498 cionis
312 3428 437 3497 domini
465 3431 637 3500 millesimo
665 3431 890 3498 tricentesimo
914 3431 1073 3498 vicesimo
1093 3430 1209 3496 tercio.
1244 3427 1316 3495 Mi-

173 3528 287 3615 sitque
304 3547 356 3596 me
372 3547 466 3597 mens
483 3535 578 3618 pater
599 3532 662 3597 iarn
691 3529 801 3598 dictus
828 3528 870 3596 ad
897 3528 1019 3598 dictum
1044 3547 1159 3615 regem
1176 3527 1315 3595 Franoie
1364 3616 1369 3626 .

173 3645 231 3698 mc
258 3629 423 3697 existente
450 3630 484 3696 in
512 3632 653 3718 septimo
673 3646 761 3698 anno
781 3630 929 3717 puericie
956 3647 1040 3696 mee.
1084 3627 1243 3713 Fecitque
1263 3641 1315 3692 me
1333 3637 1401 3691 1322

174 3727 289 3797 dictus
317 3745 376 3796 rex
400 3728 598 3797 Francomm
624 3747 685 3818 per
709 3727 899 3817 pontificem
925 3726 1118 3813 cortrmart,
1147 3731 1181 3792 et
1203 3727 1316 3812 impo-

175 3828 247 3896 suit
280 3826 378 3894 michi
413 3845 535 3896 nomen
569 3847 665 3898 suum
691 3829 889 3915 equivocum
915 3827 1072 3895 videlicet
1098 3823 1255 3912 daronis,
1284 3828 1318 3890 et

174 3924 271 3995 dedit
304 3925 402 3993 michi
435 3928 469 3994 in
503 3945 640 3996 uxorem
678 3927 777 3995 filiam
811 3925 923 3994 Karcli
955 3925 1061 4014 patrui
1098 3924 1149 3992 sni
1183 3923 1317 3990 nomine

174 4024 404 4110 Margaretam
436 4025 556 4094 dictam
590 4028 758 4096 Blancam.
803 4025 1003 4112 Mortuaque
1038 4028 1090 4091 est
1124 4039 1210 4091 uxor
1245 4040 1317 4112 sua,
1340 4075 1406 4128 raet

176 4120 1411 4217 mmmmmmwmmmemfflmwmffl

220 4251 573 4316 mmmmm.
1353 4212 1383 4295 ffl
