3044 4882
438 219 579 274 iomannes
600 226 807 274 vroronruusrs.
843 226 867 297 1,
886 227 909 282 1,
1009 244 1014 252 ·
1182 197 1251 266 277

127 364 289 434 eonsilium
316 365 414 433 etiam
439 365 580 455 predicti
605 367 697 452 regis
722 367 860 436 Francia
887 367 928 436 ab
956 366 1156 436 electoribus
1181 365 1256 434 rri-

124 463 246 532 derieus
279 463 404 552 Sycilie
434 482 497 533 rex
530 463 665 533 Suewie
698 465 767 534 dux
799 467 926 555 pridem
959 467 1087 536 electus
1119 465 1255 552 nauigio

125 561 250 632 Romam
277 565 369 632 venit
395 569 429 632 et
453 563 637 632 honorilice
664 571 854 654 susceptus.
894 556 1078 654 Statimque
1097 563 1139 632 ad
1158 561 1256 632 inse-

126 662 285 750 quendum
311 659 467 731 Ottonem
494 665 694 750 aecingitur,
725 682 823 751 qrrem
849 665 883 732 in
908 663 1106 733 Alamannia
1132 663 1256 751 depre-

125 761 257 829 hensum
275 763 398 846 invasit
419 781 459 830 ao
481 763 515 830 in
533 763 696 831 territorio
714 761 965 833 constantiensi
992 763 1033 832 de
1057 781 1099 833 ec
1120 763 1256 847 magni-

125 854 180 928 fico
207 861 425 949 triumphavit.
463 861 563 929 Extat
579 879 679 950 super
696 861 760 930 hcc
774 864 917 951 epistola
941 865 1058 931 summi
1075 861 1254 952 pontilicis,
1374 913 1377 920 a

125 977 183 1047 que
208 961 334 1048 incipit:
363 961 520 1048 Quemvis
536 961 584 1027 ad
607 962 752 1047 regimen
767 961 950 1048 apostatice
975 963 1073 1044 sedis,
1101 958 1257 1029 Ottonem

123 1064 155 1124 ut
170 1057 348 1128 desisteret
370 1065 404 1127 et
418 1059 561 1128 ecclesie
588 1061 821 1147 patrimonium
848 1079 916 1129 non
943 1061 1130 1149 subriperet
1155 1064 1256 1145 atque

123 1157 293 1225 ecelesiam
308 1161 342 1226 in
359 1160 430 1226 suis
447 1157 648 1227 confoveret
666 1159 791 1227 iuribus
816 1161 1031 1248 paternaliter
1057 1175 1257 1227 ammonen-

121 1259 169 1326 tis.
206 1256 405 1326 Innocentio
421 1257 553 1326 sublato
571 1257 739 1326 Honorius
759 1261 880 1328 tercius
899 1260 1117 1349 substituitur,
1145 1275 1166 1324 a
1189 1273 1256 1344 quo

121 1354 302 1425 iridericus
328 1355 464 1425 llomam
497 1355 643 1446 rediens,
677 1358 821 1445 peractis
854 1363 887 1425 et
919 1358 1085 1446 expeditis
1112 1355 1186 1424 aliis
1213 1353 1257 1423 ad

122 1455 240 1522 cultum
268 1473 362 1524 suum
391 1455 651 1546 pertinentibus,
680 1474 768 1525 anno
801 1455 924 1524 domini
957 1475 1105 1525 meaux.
1131 1457 1166 1522 in
1190 1455 1335 1522 im-teeo

120 1558 302 1640 peratorem
328 1555 556 1644 sollempniter
576 1560 763 1624 coronatur.
796 1554 976 1623 Primordia
991 1572 1053 1622 sua
1065 1555 1152 1622 bene
1169 1570 1256 1638 ges-

119 1653 166 1720 sit.
209 1650 309 1723 Annc
341 1656 469 1743 imperii
504 1673 567 1723 suo
601 1655 704 1722 tercio
739 1652 828 1742 apud
862 1652 1008 1742 Capuam
1040 1651 1255 1742 presentibus

117 1752 263 1838 pluribus
290 1754 460 1842 episeopis
480 1759 513 1823 et
536 1753 746 1841 magnatibus
768 1754 925 1821 sancivit:
952 1753 1041 1838 qood
1054 1751 1255 1836 oolluspre-

116 1849 199 1918 lotos
224 1851 470 1920 ecclesiasticus
493 1853 722 1939 possessiones
747 1852 885 1919 ecclesie
907 1854 960 1920 cui
974 1854 1089 1937 preest
1107 1849 1256 1918 ctieocre

116 1950 166 2017 cel
186 1951 361 2039 infeodare
383 1955 495 2037 potest
514 1952 750 2038 perpetualiter
770 1953 818 2018 ud
834 1950 971 2020 terres
996 1950 1165 2034 infeodati,
1192 1949 1256 2016 nisi

116 2050 180 2115 siat
198 2049 326 2136 prelati
350 2053 406 2136 piri
423 2052 567 2137 irsipeie
582 2068 646 2117 sec
666 2051 707 2118 de
732 2067 830 2117 omno
854 2051 1064 2136 imperatoris
1088 2049 1255 2133 mscipere

114 2151 145 2213 et
166 2151 252 2216 euna
277 2167 317 2216 ec
343 2149 457 2217 bellice
491 2151 707 2235 expeditiores
732 2153 865 2236 pestere
890 2149 1050 2234 clippeum
1075 2163 1253 2215 commere-

112 2252 193 2315 runt.
229 2247 361 2317 Deinde
387 2250 588 2317 insolentius
607 2267 710 2335 agere
725 2251 888 2336 incipiens
910 2253 1025 2316 eontra
1045 2245 1220 2314 eeclesiam
1231 2239 1254 2334 ¹,

111 2361 163 2412 res
190 2354 224 2415 et
250 2363 415 2435 personas
441 2348 623 2416 molestans
651 2349 792 2434 eiusque
818 2346 1083 2414 benivolenciam
1109 2351 1250 2433 poster-

112 2461 206 2536 gans,
235 2446 277 2514 ab
304 2446 453 2515 Honorio
481 2447 750 2535 anathemizatur,
778 2451 812 2513 et
836 2445 1064 2513 inditlerenter
1090 2460 1206 2512 omnes
1233 2461 1252 2511 a

111 2543 296 2614 iuramento
329 2545 393 2614 sibi
427 2545 514 2614 iacto
548 2545 782 2614 universaliter
813 2544 1040 2613 absolvuntur.
1083 2541 1251 2609 Subducto
1271 2549 1337 2602 rear

114 2641 266 2713 Honorio
303 2645 455 2714 succedit
490 2646 670 2732 Gregorius
697 2661 826 2733 nonus,
867 2641 1050 2730 quideme
1077 2641 1251 2708 concilium

113 2744 233 2811 uolens
254 2743 425 2812 celebrare
442 2745 530 2814 misit
545 2745 630 2813 duos
647 2742 833 2812 cardinales
853 2739 1008 2811 Ottonem
1031 2739 1253 2808 Tusculanum

111 2845 143 2908 et
166 2841 329 2910 Iacobum
355 2842 585 2912 Prenestinum
612 2843 655 2911 ad
680 2846 939 2932 transmontana,
968 2845 1082 2908 centra
1105 2837 1252 2907 Frideri-

110 2956 179 3008 eum
207 2941 370 3010 auxilium
405 2942 608 3031 postulando
636 2949 668 3010 et
695 2941 868 3010 concilium
895 2937 1106 3030 publicando.
1153 2935 1252 3018 Quod

109 3038 183 3107 daun
218 3041 399 3130 imperator
432 3043 614 3130 comperit,
650 3057 768 3110 omnes
798 3042 872 3108 vias
907 3039 1007 3108 maris
1036 3044 1069 3106 et
1094 3043 1252 3106 terrarum

107 3139 267 3208 concludi
294 3146 328 3208 et
353 3140 524 3208 observari
551 3141 711 3230 precepit,
739 3139 840 3210 etsie
858 3144 923 3206 tam
947 3135 1134 3206 cardinales
1154 3153 1252 3223 quam

107 3238 161 3305 alii
188 3239 313 3327 prelati
346 3239 522 3309 tendentes
556 3239 599 3308 ad
631 3238 805 3308 concilium
838 3255 898 3326 per
924 3253 1031 3304 naues
1058 3236 1252 3302 Pisanorum

106 3337 327 3426 imperialium
364 3341 512 3426 parcium
547 3329 748 3427 capiuntur².
792 3335 899 3426 Papa,
942 3335 1019 3422 quia
1059 3334 1252 3422 passagium

106 3435 239 3504 distulit
266 3436 358 3524 qued
384 3439 559 3528 iuraverat,
587 3444 620 3506 et
641 3443 758 3506 terram
780 3442 928 3503 sanctam
955 3436 988 3500 in
1014 3451 1113 3500 manu
1138 3431 1253 3500 hostili

106 3535 303 3626 reliquerat,
320 3537 567 3624 exercitumque
583 3535 841 3604 Christianorum
857 3535 892 3601 in
903 3532 1087 3621 periculum
1106 3531 1251 3619 miserat,

105 3633 194 3702 inter
221 3653 310 3723 quos
338 3635 519 3722 Thuringre
546 3637 753 3722 lantgravius
778 3634 932 3722 perierat,
959 3632 1015 3718 qui
1034 3629 1096 3698 tuit
1116 3629 1251 3696 maritus

104 3739 225 3802 sancte
254 3733 436 3825 Elisabeth,
465 3741 498 3802 et
524 3736 704 3823 episeopus
720 3730 957 3820 Augustensis,
985 3735 1085 3816 atque
1106 3727 1251 3814 aliaque

104 3835 265 3918 promisit
281 3839 315 3900 et
329 3833 556 3922 sollempniter
581 3835 703 3902 iuravit
727 3849 796 3900 nen
821 3830 1024 3918 impleverat,
1052 3829 1160 3916 ipsum
1187 3843 1252 3894 ex-

104 3933 368 4002 communicavit
386 3938 420 4000 et
443 3937 560 4000 contra
581 3949 655 4000 eum
673 3931 872 4000 sententiam
891 3927 1029 3997 Honorii
1051 3925 1251 4012 gravissime

104 4031 291 4100 roboravit.
326 4031 434 4099 Movit
458 4033 556 4100 etiam
577 4050 697 4120 papam
716 4028 806 4118 quod
833 4027 977 4096 nobilem
995 4025 1159 4094 dominam
1186 4041 1251 4111 quc

138 4183 170 4248 1)
190 4182 314 4238 ecclesie
334 4195 387 4235 ron
413 4181 459 4238 der
482 4183 595 4236 zueirarr
621 4180 689 4236 band
707 4180 800 4236 darius
817 4178 943 4248 gemacht.
995 4179 1026 4245 2)
1046 4175 1088 4230 die
1105 4173 1253 4243 getangca·

103 4249 241 4318 rretrmung
261 4249 309 4306 der
326 4251 445 4320 prilaten
464 4250 525 4306 tend
544 4255 598 4306 erst
617 4250 680 4304 1211
700 4254 770 4324 stati.
