3044 4882
444 293 585 341 recurras
605 291 812 340 vroronransrs.
848 294 872 360 3,
890 295 914 346 t.
1184 263 1253 332 3d3

115 433 185 522 tini,
213 450 278 520 que
297 431 403 517 Pinge
429 429 557 522 dieitur,
584 431 765 501 fortissima
791 435 1081 521 circumgiratione
1108 432 1253 500 vallavit.

114 531 156 600 llt
182 533 436 618 circumquaque
462 532 602 599 vastatis
629 531 794 622 omnibus,
823 540 856 602 ot
874 535 1031 621 precipue
1050 532 1254 598 monasterio

116 630 424 719 sanctimonialium,
452 629 542 716 quod
568 629 668 698 Mons
696 633 802 698 sancti
822 631 982 720 Rudperti
1007 628 1134 720 dicitur,
1162 629 1253 716 quod

117 747 218 817 super
236 729 362 796 Nabam
380 728 513 796 tluvium
532 730 677 817 positum
700 736 751 797 cst
777 731 810 797 in
835 732 956 799 vicinia
982 731 1135 819 civitatis,
1161 730 1252 796 civcs

115 829 254 895 coartati
271 828 361 912 regis
375 827 481 912 gratie
499 845 536 896 sc
554 826 727 895 dederunt.
753 830 867 898 Presul
881 831 962 897 iram
977 831 1067 915 regis
1082 833 1197 895 contra
1214 844 1251 893 se

114 926 306 994 bullientem
324 927 485 1008 sentiens,
503 927 564 994 tria
580 933 688 995 castra
706 927 834 1017 obtulit,
861 933 897 996 ut
916 927 1038 996 deinde
1055 944 1167 1011 regem
1184 943 1252 992 non

113 1024 310 1092 ollenderet.
337 1022 409 1104 Que
432 1023 535 1092 nobili
552 1027 623 1094 viro
651 1025 692 1093 de
721 1027 855 1094 Brunek
878 1032 956 1096 sunt
982 1027 1168 1112 commissa,
1196 1025 1252 1091 tali

114 1124 382 1213 interpositione,
400 1129 436 1191 ut
456 1142 625 1211 nunquam
645 1124 863 1193 redderentur
880 1128 909 1194 si
925 1144 1056 1193 manum
1073 1124 1198 1194 levaret
1209 1122 1253 1189 de

113 1222 241 1309 reliquo
254 1228 368 1290 eontra
382 1239 506 1308 regem.
533 1222 686 1291 Audiens
707 1223 771 1292 boc
792 1225 970 1314 Palatinus,
989 1240 1131 1312 propera
1150 1223 1252 1309 venit,

115 1327 151 1389 et
172 1323 279 1407 gratie
306 1338 344 1388 se
369 1321 538 1389 subiciens
564 1324 655 1408 regis
681 1322 921 1408 indulgentiam
948 1323 1135 1410 acquisivit.

186 1419 313 1488 Eodem
335 1437 423 1488 anno
450 1420 484 1487 in
512 1419 722 1488 Hollandiam
748 1439 806 1489 rex
828 1427 993 1490 restaurat
1014 1421 1156 1509 militem,
1187 1437 1252 1506 qua

110 1525 202 1587 terra
226 1519 364 1606 imperio
389 1535 510 1586 vacare
537 1521 635 1607 cepit.
668 1519 735 1587 Sed
760 1526 896 1608 propter
922 1526 1008 1587 terre
1033 1519 1123 1585 illius
1150 1516 1252 1604 palu-

109 1619 193 1686 stria
217 1617 302 1706 loca,
328 1618 362 1684 in
389 1616 510 1704 quibus
536 1619 716 1706 periculum
742 1617 891 1686 incidere
924 1616 1101 1704 metuebat,
1127 1620 1253 1703 peten-

108 1716 201 1784 tibus
219 1715 348 1784 civibus
366 1714 634 1807 coloniensibus,
662 1719 810 1805 quicum
829 1735 892 1785 suo
918 1716 1052 1805 presule
1078 1714 1251 1801 discepta-

107 1817 202 1905 bant,
229 1816 410 1903 permansit
436 1833 511 1882 oum
538 1819 703 1905 exercitu,
729 1818 817 1884 inter
843 1814 1014 1884 Coloniam
1041 1818 1074 1882 ct
1099 1813 1251 1881 Bunnam
1266 1829 1334 1883 teca

107 1917 256 1982 tentoria
283 1913 363 2002 lixit,
390 1918 424 1981 ct
450 1931 557 2000 osque
584 1915 683 1983 bodio
701 1917 839 1984 Palezus
865 1910 1099 2000 regisAlberti
1125 1910 1166 1978 ab
1193 1912 1250 1978 io·
1274 1911 1334 1952 our.

108 2012 196 2081 colis
214 2011 332 2079 dieitur
349 2010 436 2080 idem
454 2012 560 2081 locus.
594 2015 635 2082 Et
660 2014 705 2082 ibi
731 2016 930 2103 persistens,
958 2019 1076 2081 terram
1101 2010 1251 2098 episcopi

107 2129 172 2200 per
189 2128 308 2178 omnes
330 2110 499 2179 districtus
515 2113 686 2200 provincie
706 2113 893 2182 demolitur.
927 2109 1058 2181 Deinde
1080 2107 1252 2177 Coloniam

106 2208 315 2299 ingreditur,
351 2211 482 2296 magnis
516 2211 707 2280 muneribus
734 2218 768 2279 et
799 2209 956 2279 laudibus
983 2216 1035 2278 est
1061 2213 1252 2296 susceptae.

105 2310 149 2378 Et
164 2309 262 2376 ecce!
289 2307 422 2395 quidam
439 2309 629 2381 vinolenter
644 2328 704 2398 pro
722 2309 877 2378 condicto
889 2314 1026 2376 metreta
1039 2309 1118 2396 vini,
1136 2324 1251 2392 regem

104 2407 256 2477 nobilem
275 2411 308 2474 et
325 2408 535 2478 monoculum
561 2409 647 2476 beno
674 2410 810 2476 venisse
837 2408 880 2475 ad
907 2413 1013 2475 terras
1040 2405 1114 2473 illas
1133 2405 1250 2473 ancta*

105 2509 226 2575 mavit.
258 2503 329 2573 Rex
355 2505 544 2596 subridenS,
572 2508 634 2575 ait:
661 2507 758 2590 Btdc,
786 2506 856 2574 lube
882 2509 915 2572 ct
938 2524 1004 2572 oon
1030 2509 1060 2570 tc
1086 2504 1254 2571 deterreat

105 2605 308 2689 deforndtoc
332 2606 421 2671 cirus
446 2606 558 2673 nostri.
595 2605 821 2674 Theodosium
847 2605 991 2693 imitans,
1019 2603 1075 2688 qui
1104 2601 1147 2668 ad
1172 2600 1251 2668 talia

103 2701 348 2792 respondebat,
376 2703 510 2772 dicens:
537 2704 598 2794 „Si
626 2707 701 2792 quis
723 2711 837 2772 nostra
864 2701 1048 2770 maledictis
1077 2697 1252 2767 crediderit

101 2800 328 2890 lacessenda,
358 2820 433 2870 eum
458 2821 546 2891 pene
571 2804 723 2870 nolumus
750 2803 941 2888 subtraere,
970 2799 1124 2887 quoniam
1154 2799 1182 2865 si
1208 2815 1251 2865 ex

99 2901 246 2970 levitate
271 2903 447 2990 processit,
475 2901 776 2990 contempnendum
804 2906 874 2987 cst,
902 2901 931 2968 si
948 2918 991 2966 ex
1016 2899 1157 2985 insania,
1184 2897 1251 2963 mi-

100 3000 280 3069 seratione
307 2997 444 3085 dignum
471 3007 540 3087 cst3
569 3003 598 3068 si
625 3019 667 3069 ex
693 3002 820 3089 iniuria,
850 2995 1081 3067 remittendum
1108 2991 1194 3062 cst.“

182 3094 323 3165 Audivit
348 3115 390 3167 eo
417 3105 566 3187 tempore
593 3117 662 3187 rex,
691 3099 781 3186 quod
800 3096 963 3166 Rudollus
985 3094 1155 3164 Palatinus
1174 3111 1250 3161 ma·

98 3203 192 3265 trem
216 3197 433 3288 captivasset,
453 3199 592 3284 eiusque
609 3196 852 3266 vicedominum
871 3198 928 3284 qui
943 3197 1027 3262 rexit
1043 3195 1250 3281 provinciam

98 3294 324 3364 decollasset.
358 3296 400 3363 Et
416 3295 568 3364 aseendit
591 3314 650 3364 rex
670 3297 704 3363 in
721 3298 887 3363 civitatem
909 3293 1125 3378 Ndrdlingam
1138 3291 1250 3379 ltecie,

98 3411 261 3464 sororem
289 3411 382 3462 suam
409 3395 596 3462 avinculis
624 3395 809 3463 absolutam
837 3412 909 3462 cum
936 3393 1003 3460 filio
1025 3390 1249 3460 concordavit.

97 3494 252 3562 Moritur
283 3491 347 3560 boc
372 3499 520 3580 tempore
547 3492 785 3562 Bobemundus
812 3493 927 3581 presul
953 3491 1190 3577 Treverensis,
1218 3492 1251 3554 et

95 3592 320 3660 substituitur
343 3591 510 3660 Dietricus
536 3591 638 3660 irater
659 3594 748 3678 regis
772 3589 893 3659 Aucti.
928 3587 1117 3676 Agentibus
1140 3593 1250 3654 autam

95 3692 223 3759 amicis
252 3692 457 3758 conveniunt
482 3708 541 3757 rex
567 3696 600 3758 et
625 3690 750 3780 presul,
779 3696 812 3757 et
839 3690 875 3757 lrt
899 3689 999 3776 plena
1025 3685 1251 3754 reconciliatio

94 3794 194 3860 inter
230 3805 292 3856 eos
328 3789 545 3877 reliquosque
580 3788 705 3858 Adolio
738 3807 798 3877 per
832 3805 964 3854 carnem
992 3791 1024 3853 et
1051 3786 1249 3869 sanguinem

92 3892 301 3959 attinentes.
335 3885 408 3956 Rex
433 3894 542 3956 autem
569 3894 602 3956 et
625 3887 739 3976 presul
765 3905 825 3975 per
851 3885 1001 3954 osculum
1027 3884 1166 3950 amicitie
1194 3879 1249 3947 l-

92 3989 186 4058 dera
217 3985 428 4077 exhibentes,
455 3986 601 4054 eiulantc
624 3986 759 4075 presule
782 3987 816 4053 in
842 3983 1020 4069 excelsum,
1038 3980 1080 4048 ab
1096 3987 1249 4068 utroque,

91 4088 238 4158 scilicet
265 4101 346 4169 rege
373 4091 406 4153 ct
431 4085 577 4175 presule,
609 4085 750 4154 ubertim
775 4085 908 4152 lacrimo
935 4080 1144 4168 distillarunt,
1171 4095 1249 4145 om-

92 4199 241 4272 nesque
275 4187 454 4270 presentes
488 4182 607 4252 tlentcs
640 4201 743 4273 super
774 4183 838 4251 boc
863 4181 1124 4268 omnipotentem
1151 4176 1250 4244 deum

92 4284 343 4358 laudaverunt.
379 4281 513 4373 „Nicbil
538 4284 636 4373 enim,
663 4289 699 4351 ut
725 4283 769 4349 ait
794 4278 1021 4369 Augustinus,
1047 4277 1082 4344 in
1108 4277 1249 4344 terrenis
