3028 4878
486 233 612 280 nvonnrn
634 233 868 280 unanmonrrsrs.
977 210 984 220 '
1174 205 1241 274 nol

115 374 269 442 illustrem
295 372 476 460 principem
504 372 669 440 dominum
688 371 868 460 Rupertnm
894 373 1045 440 comitem
1066 371 1246 442 Palatinum

115 471 227 541 ducem
252 473 404 540 Bawarie
431 489 581 559 suosque
609 471 776 560 lautores,
803 478 879 540 tunc
905 469 1069 558 siqnidem
1096 473 1160 559 ipsi
1188 491 1246 540 cc-

115 572 213 639 clesie
239 571 440 657 Mogontine
466 573 500 638 in
527 572 598 639 suis
625 570 906 639 iurisdictionibus
931 571 1173 639 municionibus
1199 572 1246 639 li-

112 667 290 738 bertatibus
312 674 345 737 et
361 669 487 738 iuribus
505 671 653 738 iniuriari
672 674 843 738 conantes.
877 668 1031 737 Attamen
1050 670 1085 736 in
1107 672 1245 738 termino

112 774 174 836 tam
200 771 356 857 temporis
383 787 481 855 qnam
507 768 585 859 loci,
613 774 734 836 extunc
758 768 881 837 ibidem
908 767 1099 856 apartibus
1127 771 1246 837 utrim-

113 867 190 935 libet
209 867 337 956 pridem
359 876 459 936 antea
478 861 664 956 arbitrato¹,
693 884 885 954 comparere
907 866 1158 953 quomodolibet
1176 885 1245 936 non

114 965 292 1056 audentes,
320 965 381 1034 sed
406 968 598 1054 vituperose
625 965 855 1058 retrogrados,
883 967 1061 1054 quinimmo
1088 966 1245 1034 laudabi-

113 1064 185 1133 liter
212 1065 323 1134 divina
350 1064 483 1133 favente
511 1067 685 1134 clementia
712 1066 754 1134 oh
781 1072 978 1134 armatorum
1005 1064 1246 1133 multitudinem

113 1165 280 1252 copiosam
307 1165 467 1253 explosos
490 1183 530 1232 ae
551 1165 767 1252 longinquius
793 1165 1000 1253 profugatos.
1037 1163 1246 1251 sicquidem

112 1263 363 1334 mansuetudine
399 1264 700 1332 ecclesiasticorum
732 1271 847 1332 contra
874 1262 1081 1353 tyrannidem
1109 1263 1247 1332 secula-

111 1363 190 1430 rium
215 1364 400 1452 principum
427 1361 538 1431 divina
555 1363 746 1452 opitulante
772 1364 880 1448 gratia
900 1365 1016 1449 utique
1040 1362 1245 1452 prevalente,

112 1478 149 1528 ac
181 1463 284 1530 eciam
320 1462 499 1551 subinoeps
533 1464 693 1552 perpetim
728 1463 851 1530 utinam
884 1461 1056 1550 prevalere
1089 1459 1244 1551 debente,

113 1561 187 1646 quia
211 1569 250 1630 ut
274 1560 438 1650 propheta
464 1566 618 1630 testatur:
644 1561 806 1628 Monacetc'
825 1558 1053 1628 hereditabant
1076 1563 1198 1626 terram
1215 1563 1248 1626 ei

112 1659 356 1728 delectabuntur
379 1661 412 1728 io
437 1661 637 1728 mollihrdine
658 1661 765 1746 pacis.

181 1757 234 1826 Ad
262 1777 403 1848 presens
422 1777 541 1848 nempe
561 1777 664 1828 causa
680 1759 851 1826 brevitatis
870 1757 923 1826 hic
938 1758 1153 1845 pretermisso
1168 1773 1245 1824 ser-

109 1873 204 1926 mone
232 1858 275 1927 de
302 1857 502 1928 multimodis
528 1860 693 1947 preciosis
720 1862 754 1925 et
776 1857 1019 1947 sollempnibus
1046 1863 1246 1924 armatorum

110 1956 280 2046 ohsequiis
308 1956 490 2048 bellicosis,
517 1963 583 2026 tam
609 1959 747 2045 imperio
776 1975 872 2045 quam
898 1956 1100 2044 principibus
1128 1961 1161 2022 ct
1185 1972 1245 2023 co-

111 2056 243 2125 mitibus
271 2059 354 2125 alias
381 2057 459 2124 hino
486 2061 519 2124 et
544 2055 640 2146 inde,
669 2062 703 2124 ct
728 2055 917 2144 specialiter
939 2062 971 2122 et
998 2055 1246 2142 praeleguntius

111 2170 149 2221 ac
174 2157 402 2246 sumptuosius
437 2157 547 2225 comiti
581 2154 624 2222 de
655 2155 884 2247 Hennenherg‘
909 2171 948 2223 ac
974 2153 1176 2240 burggravio
1203 2151 1246 2220 dc

108 2251 306 2341 Nurenberg
339 2253 517 2342 suprafatis
553 2272 596 2322 ex
629 2261 722 2342 parte
757 2253 906 2322 eiusdem
941 2252 1064 2320 domini
1094 2253 1246 2339 episcopi

110 2361 305 2443 sumptuose
331 2354 502 2443 impensis,
529 2370 662 2422 necnon
680 2352 723 2421 de
741 2353 888 2439 pluribus
915 2350 1124 2419 conssictihus
1152 2368 1246 2418 cum-

109 2454 277 2538 peslribus
312 2455 507 2521 servitorum
543 2469 678 2520 snorum
713 2451 775 2518 sub
811 2451 935 2519 vexillo
973 2449 1137 2539 prelibato
1172 2467 1247 2516 curn

109 2551 213 2638 ipsius
251 2552 394 2622 ecclesie
428 2551 581 2619 hostibus
607 2568 668 2619 seu
695 2549 894 2618 adversariis
922 2549 999 2616 hino
1026 2554 1058 2616 et
1089 2546 1186 2635 inde,
1214 2551 1247 2616 et

111 2649 151 2717 de
168 2650 394 2720 laudabilibus
413 2668 547 2719 suorum
565 2657 682 2719 contra
708 2648 845 2717 eosdem
874 2667 934 2716 sue
961 2647 1106 2715 ecclesie
1133 2645 1246 2714 oden-

111 2764 204 2818 scres
242 2750 414 2838 triumphis
423 2803 433 2840 ,
468 2749 624 2837 quodque
651 2755 685 2816 et
710 2749 852 2835 qualiter
882 2765 950 2814 non
986 2747 1058 2813 sine
1089 2744 1246 2814 notabilis

107 2847 215 2918 landis
236 2851 397 2938 preconio
417 2849 502 2916 idem
524 2848 677 2916 dominus
695 2844 774 2915 Otto
799 2849 833 2916 in
856 2845 1054 2914 obediencia
1080 2849 1112 2911 et
1130 2844 1248 2929 gracia

109 2963 202 3018 sacre
220 2948 370 3018 Romane
389 2948 532 3016 ecclesie
554 2964 772 3036 perseverare
799 2947 937 3035 curavit,
964 2950 998 3012 et
1015 2943 1246 3011 nichilominus

109 3044 221 3116 divina
256 3053 416 3137 operante
446 3047 640 3136 clementia,
666 3047 744 3114 licet
768 3046 950 3134 potentiam
976 3041 1095 3130 prelati
1122 3041 1247 3110 domini

107 3141 284 3216 Lodowici
315 3152 349 3214 et
384 3163 519 3214 suornm
551 3145 714 3215 lautorum
733 3144 1002 3213 exhorresceret
1027 3144 1247 3230 incessanter,

108 3243 215 3331 ipsum
245 3251 356 3314 tamen
390 3245 625 3314 reverebantur
660 3242 779 3332 iidem,
807 3243 905 3311 atah
933 3243 981 3308 eis
1015 3240 1189 3307 timebatur
1215 3243 1249 3306 et

110 3343 326 3414 tollerabatur
343 3350 479 3433 propter
495 3341 674 3413 resistendi
694 3343 876 3429 potentiam
903 3341 954 3410 sui
982 3344 1015 3407 et
1042 3357 1186 3429 scomm,
1215 3344 1248 3406 et

109 3443 157 3510 sic
183 3446 274 3512 inter
308 3461 466 3512 summum
500 3442 730 3512 sacerdocium
757 3446 791 3508 et
816 3439 961 3508 inolitum
987 3440 1156 3527 imperium
1183 3439 1248 3508 iarn

108 3539 240 3612 diucius
274 3561 336 3632 per
368 3543 466 3610 huius
496 3543 564 3611 vite
590 3541 755 3610 miseriam
780 3541 904 3607 utinum
931 3538 972 3608 ad
1000 3538 1159 3606 celestem
1184 3553 1247 3624 pa·

108 3642 201 3712 triam
229 3641 371 3711 feliciter
396 3641 624 3709 transvolavit.

180 3739 285 3810 Anno
316 3757 459 3827 namque
494 3739 619 3809 domini
653 3738 842 3806 m.ece.xl.v.
869 3752 986 3804 mense
1012 3733 1147 3821 augusti
1172 3731 1246 3820 ipse
1263 3739 1330 3793 lata

108 3838 309 3908 benedictus
336 3838 490 3908 dominus
517 3837 606 3930 Otto,
634 3836 744 3908 adeo
772 3834 904 3924 quidem
930 3838 1065 3922 propter
1091 3849 1153 3900 sua
1172 3849 1246 3899 me-
1263 3823 1323 3864 ³¹³⁰·

108 3939 170 4007 rita
197 3937 394 4008 multimoda
420 3936 594 4007 salubriter
619 3935 841 4027 premiandus,
869 3941 946 4002 tunc
965 3932 1008 4001 ad
1031 3930 1248 4000 mortemheu

107 4044 266 4124 egrotare
292 4039 427 4125 incepit.
459 4037 501 4104 Et
524 4037 759 4106 nichilominus
785 4051 845 4124 pro
873 4033 981 4120 gloria
1002 4036 1034 4099 et
1055 4029 1248 4100 honoreac

105 4191 171 4313 Bal]
191 4189 427 4258 derilestgesetzte
444 4191 536 4245 termin
554 4204 610 4245 war
629 4189 675 4244 der
693 4191 725 4242 15
744 4201 803 4242 nov.
821 4184 910 4253 Vergl.
929 4184 972 4239 die
990 4183 1102 4252 Regesta
1116 4179 1248 4234 ludewici

142 4273 176 4313 vv.
