3002 4880
272 173 322 241 bb
588 201 733 248 annorum
755 201 792 246 or
814 201 916 246 ersrrs
937 202 1095 247 rarncrruu

188 355 256 409 rem
273 342 386 408 movet
411 341 526 408 contra
552 339 718 408 civitatem
739 341 939 409 Florentiam
947 362 955 427 3
984 356 1148 427 quocum
1172 340 1321 408 venisset
1343 360 1403 409 va-

181 438 256 546 811191·
272 438 341 507 lida
375 456 448 506 eam
483 436 659 506 obsidione
695 441 806 507 cinxit.
845 438 914 507 Sed
948 437 1142 526 Leupoldus
1177 437 1245 506 dux
1274 437 1403 508 Austrie

275 536 394 606 callido
429 541 463 604 et
495 536 634 624 provide
668 540 827 606 remansit
862 536 950 627 apud
984 555 1150 625 cesarem,
1177 554 1219 604 ne
1246 539 1273 604 si
1300 538 1341 605 ab
1367 557 1404 606 eo

274 655 347 705 cum
367 637 438 704 aliis
458 638 658 704 recessisset
680 655 777 705 casso
803 637 919 705 labore
947 641 980 703 et
1005 637 1142 704 servitio
1167 641 1287 723 postea
1313 639 1404 704 etiam

273 735 536 821 indignationem
563 753 656 803 suam
682 754 719 804 se
747 735 860 804 doleat
884 728 1094 804 incurrisse¹.
1120 734 1161 800 Et
1187 753 1259 801 cum
1286 735 1406 804 videret

273 853 422 903 cesarem
440 835 603 922 privatum
624 837 792 903 consortio
812 834 991 924 coniugali,
1019 851 1168 902 sororem
1186 852 1290 925 suam,
1315 853 1406 922 quam
1494 857 1495 926 3

273 934 387 1002 habuit
412 935 445 1000 in
471 929 615 1022 Austria,
643 932 871 1021 desponsavit.
905 934 948 1001 Et
972 933 1105 1000 mittens
1132 932 1273 1000 celerius
1300 931 1406 1001 fratri·
1494 953 1495 960 ¹

272 1033 336 1100 bus
363 1033 432 1100 suis
459 1033 612 1121 nuncioS,
640 1032 801 1100 mandans
830 1034 890 1121 eis,
917 1037 954 1098 ul
980 1033 1053 1098 sine
1076 1031 1234 1099 dilatione
1262 1049 1407 1100 sororem
1494 1041 1495 1130 j

274 1149 367 1200 suam
394 1148 466 1197 cum
493 1130 637 1199 honesta
663 1133 818 1199 comitiva
844 1132 950 1199 cesari
976 1133 1105 1198 mittere
1131 1148 1200 1197 non
1227 1129 1406 1220 obmittant,
1494 1153 1495 1156 ¹

274 1247 372 1316 quam
406 1228 564 1315 dignatus
600 1235 653 1296 est
685 1230 748 1318 sibi
783 1232 935 1318 accipere
969 1231 1002 1296 in
1035 1246 1191 1318 uxorem,
1226 1229 1318 1298 unde
1344 1236 1408 1298 tcta
1493 1219 1495 1259 ³

274 1345 387 1396 eorum
415 1328 552 1396 soboles
579 1321 740 1397 sructum²
764 1328 960 1417 proircieridi
985 1333 1098 1416 potest
1124 1329 1272 1416 recipere
1299 1330 1408 1396 incre·
1493 1415 1494 1422 ἵ

271 1433 428 1495 mentum.
454 1427 563 1496 Letali
590 1432 667 1496 snnt
692 1429 792 1514 igilur
818 1427 921 1496 duces
946 1424 1079 1495 Austrie
1107 1426 1149 1494 de
1176 1433 1241 1494 tam
1269 1427 1408 1496 honesto

272 1526 495 1618 consobrino,
523 1526 713 1594 mandatum
740 1525 848 1595 iratris
875 1528 971 1595 citius
999 1526 1219 1614 adimplentes
1246 1545 1408 1616 prepara·
1488 1545 1490 1621 j

270 1630 391 1694 verunt
417 1643 531 1695 currus
554 1632 587 1694 et
609 1628 749 1716 equites,
778 1631 811 1694 et
829 1627 991 1714 impositis
1014 1627 1063 1692 eis
1086 1627 1290 1712 sumptuosis
1308 1632 1407 1694 uten-

274 1725 390 1794 silibus
425 1730 459 1792 et
490 1727 633 1812 pecunia
667 1743 735 1792 non
771 1723 917 1815 modica,
953 1741 1102 1792 sororem
1135 1742 1228 1792 suam
1259 1726 1409 1793 cumbis
1488 1714 1495 1808 {³

192 1835 258 1890 1313
274 1825 381 1892 cesari
408 1822 609 1891 direxerunt.
636 1821 715 1889 Cum
743 1829 852 1890 autem
876 1819 1012 1891 Austria
1034 1824 1193 1890 exivisset
1209 1828 1243 1889 et
1262 1822 1306 1891 ad
1330 1843 1409 1912 par·
1494 1812 1495 1854 ³

188 1917 261 1959 sarr,
274 1928 325 1991 tes
354 1921 487 1990 Suevie
514 1920 717 2011 devenisset,
744 1923 888 1989 occurrit
913 1924 945 1989 ei
970 1939 1030 1990 rex
1056 1921 1226 2012 Bchemie,
1254 1924 1313 2009 qui
1339 1940 1410 1991 cum
1494 1935 1495 1954 ³

273 2039 314 2090 ea
338 2022 386 2088 ire
412 2019 618 2110 decreverat,
646 2025 681 2087 ut
708 2021 806 2089 etiam
832 2023 905 2108 ipsc
930 2022 1080 2089 visitaret
1106 2037 1255 2089 cesarem
1282 2027 1409 2110 patrem

273 2139 378 2189 suum.
1494 2125 1495 2132 ’

345 2218 479 2286 Interim
513 2235 628 2307 cesar,
664 2234 738 2284 cum
773 2224 865 2286 esset
898 2225 1013 2286 sancte
1040 2224 1074 2286 et
1100 2221 1234 2286 emerite
1260 2220 1351 2310 vite,
1379 2223 1411 2288 et
1494 2210 1495 2254 ³

272 2319 305 2385 in
332 2318 447 2386 seculo
474 2316 604 2403 degens
630 2319 847 2384 monasticam
873 2315 1117 2403 quodammodo
1144 2319 1177 2384 in
1201 2335 1238 2386 se
1261 2323 1411 2388 servaret

272 2415 490 2507 disciplinam,
519 2417 641 2504 quique
667 2415 777 2484 multis
797 2417 882 2483 curis
907 2422 941 2483 et
961 2417 1236 2502 occupationibus
1259 2435 1409 2507 pressuS,
1494 2429 1495 2448 ³

272 2521 383 2585 tamen
407 2517 616 2584 incessanter
642 2514 684 2582 ad
708 2516 846 2583 colestia
864 2514 1086 2602 conspirabat.
1113 2514 1209 2583 Unde
1228 2534 1303 2582 cum
1321 2522 1412 2584 essct
1494 2507 1495 2548 ³

271 2616 305 2682 in
322 2615 508 2684 obsidione
535 2616 677 2682 civitatis
703 2614 882 2703 Florentia,
912 2614 968 2682 ubi
995 2620 1145 2682 sanctum
1172 2613 1258 2681 diem
1284 2623 1411 2703 pente·
1494 2615 1495 2622 ’

272 2721 384 2782 costes
413 2713 597 2800 celebrans,
625 2715 709 2781 sicut
736 2731 867 2801 semper
894 2714 1069 2781 consuevit
1093 2715 1128 2780 in
1151 2715 1286 2780 summis
1315 2713 1411 2782 lestis
1492 2711 1493 2716 ’

272 2819 487 2880 sacrosancta
504 2813 733 2878 communione
751 2829 788 2879 se
804 2813 1002 2901 premunire,
1018 2812 1084 2879 illic
1099 2812 1195 2879 eliam
1210 2812 1262 2879 die
1279 2820 1409 2903 sancto,

270 2928 355 2997 pura
389 2916 465 2978 aute
497 2909 585 2976 lacta
618 2908 850 3001 confessione,
885 2909 927 2979 ad
956 2911 1062 2978 altare·
1086 2910 1251 2979 accedens
1280 2913 1412 3000 accepit

272 3010 425 3076 viaticum
460 3008 615 3076 salutare.
666 3008 729 3076 Ubi
764 3027 837 3076 cum
866 3013 944 3097 post
970 3016 1119 3078 sanctam
1145 3012 1412 3078 communionem

273 3107 372 3175 solito
391 3107 504 3174 bibere
524 3106 649 3197 debuit,
677 3107 836 3176 sacerdos
861 3108 916 3178 vel
943 3110 1092 3176 minister
1118 3109 1251 3176 mixtum
1274 3127 1411 3177 veneno

274 3206 336 3273 sibi
370 3208 483 3274 mortis
513 3207 669 3295 poculum
694 3213 931 3296 porrexerunt,
959 3225 1026 3294 quo
1052 3206 1173 3274 hausto
1198 3221 1276 3275 mcx
1303 3210 1412 3276 sensit

274 3321 311 3372 se
331 3307 443 3372 mortis
462 3306 615 3393 poculum
642 3308 825 3392 accepisse.
852 3306 894 3373 Et
910 3304 1029 3373 videns
1053 3323 1090 3374 se
1115 3323 1232 3373 necem
1262 3306 1412 3375 eradere

272 3421 340 3471 non
366 3421 481 3494 posse,
506 3406 663 3491 pictatem
690 3405 835 3472 servavit
860 3405 893 3470 in
919 3411 1023 3472 morte
1052 3405 1205 3492 exemplo
1231 3405 1411 3474 salvatoris

273 3503 434 3591 omnium,
468 3504 523 3589 qui
555 3520 613 3590 pro
647 3502 716 3569 suis
742 3503 1012 3592 persecutoribus
1040 3505 1206 3592 exoravit,
1234 3505 1282 3572 sio
1309 3506 1412 3572 etiam

271 3603 344 3690 ipse
377 3602 446 3668 suis
474 3601 590 3668 emulis
621 3600 738 3668 dicitur
763 3601 945 3670 indulsisse
972 3618 1096 3687 rogans
1122 3620 1183 3690 pro
1210 3604 1259 3671 cis
1285 3603 1411 3671 Domi·
1494 3597 1495 3692 Ῠ

271 3718 365 3768 1111
382 3717 425 3768 ne
458 3701 614 3788 perirent.
665 3698 787 3768 Verum
826 3717 1000 3768 venenosa
1036 3700 1171 3769 iniectio
1202 3702 1341 3769 vertitur
1375 3704 1410 3769 in

192 3839 251 3880 rue.
269 3798 465 3887 profluvium
491 3800 628 3889 ventris,
651 3798 745 3868 cuius
771 3801 930 3888 passione
955 3804 988 3866 et
1011 3799 1127 3868 dolor'e
1153 3797 1238 3867 inira
1264 3799 1410 3874 triduum
1494 3807 1495 3852 ss

202 3893 237 3946 24
270 3916 367 3966 cesar
392 3897 526 3967 vivendi
551 3897 650 3966 linem
676 3895 764 3967 iecit.
791 3895 818 3965 Ο
844 3897 972 3984 grande
1000 3897 1209 3966 scandaluml
1238 3897 1411 3968 Summum
1494 3939 1495 3948 1

305 4091 335 4158 1)
353 4090 485 4146 Durchaus
502 4089 625 4158 unwabr;
650 4089 745 4157 herzog
768 4089 883 4160 Lenpold
906 4106 962 4146 war
985 4089 1066 4146 sclron
1092 4093 1126 4144 im
1146 4089 1205 4157 Jahr
1228 4090 1339 4143 131111
1361 4090 1411 4144 der

270 4157 422 4212 Lombcrdei
440 4160 544 4213 schwer
562 4159 682 4214 erlrranlrt
698 4158 883 4226 heimgelehrt.
917 4158 1013 4213 Chrcn.
1032 4157 1150 4212 Claustro
1168 4157 1251 4212 Neob.
1268 4157 1335 4226 apud
1354 4159 1410 4212 Pez

271 4227 292 4294 l,
312 4227 360 4280 181
420 4227 451 4292 2)
470 4227 505 4282 So
523 4228 565 4283 dic
584 4228 622 4283 bs.
645 4227 697 4281 und
715 4225 814 4284 Oelele.
849 4228 910 4281 blan
927 4229 1032 4282 miicbte
1049 4228 1216 4282 vermutben:
1240 4226 1409 4283 fructuosum.
