3028 4878
462 189 604 236 conannas
625 189 837 236 rrc'ronrmrsrs.
874 193 897 257 5,
917 191 939 241 7.
1206 164 1277 230 hoa

142 330 192 398 les
225 327 311 396 duos
346 327 580 397 llarinthianos
614 330 883 420 lieentiaverunt,
919 339 952 399 et
981 348 1019 398 se
1047 349 1119 398 eum
1147 332 1278 397 civitate
1301 336 1365 390 raas
1436 359 1440 366 ·

142 421 243 496 Cani¹
268 426 388 512 grandi
415 427 457 495 de
483 427 618 496 Verona
643 428 857 497 tradiderunt.
888 429 1073 497 Fridericus
1098 431 1278 517 rex,oogi-

140 533 215 594 tans
242 526 466 613 periculosum
483 543 560 596 esse
578 529 683 613 patrie
699 528 806 612 litigia
824 546 953 617 gerere,
973 527 1184 596 concordiam
1205 546 1278 594 oum

141 622 265 693 Ottone
291 623 391 692 iratre
418 631 452 692 et
476 625 625 693 Iohanne
652 641 733 712 rege
759 625 919 694 Bohemie
946 627 1135 715 meditatur,
1164 635 1197 693 et
1222 627 1279 692 in·
1304 650 1360 692 our.

139 723 228 792 diota
253 723 307 791 die
335 725 549 792 conveniunt.
590 723 660 792 Rex
686 724 905 794 Bohemorum
940 728 974 792 in
1001 743 1177 794 occursum
1202 725 1280 791 Fri-

140 823 271 912 derieo,
299 822 449 891 detracto
477 824 634 912 capucio,
662 829 698 892 ut
723 826 942 893 reverentiam
969 824 1095 891 laceret
1121 824 1278 911 venienti,

138 923 325 1010 prooessit;
361 920 548 990 Fridericus
581 915 710 1012 lentc²,
747 922 837 1010 pileo
871 923 913 992 ad
945 923 1109 991 modicum
1136 923 1278 1010 elevato,

139 1020 342 1088 obviationis
369 1021 474 1088 vicem
500 1020 686 1109 rependero
712 1020 895 1090 videbatur.
929 1020 1002 1102 Quo
1029 1022 1117 1089 iacto
1143 1039 1202 1088 rex
1218 1021 1279 1088 lo-

140 1120 271 1188 hannes
306 1119 468 1188 arbitrans
503 1137 541 1187 sa
574 1117 797 1209 contemptum
823 1122 936 1208 placiti
966 1121 1051 1188 diem
1080 1122 1195 1209 solvit,
1224 1118 1279 1186 di-

139 1237 241 1286 eens:
268 1235 306 1286 se
331 1219 539 1306 imperatoris
561 1217 664 1286 hlium
687 1225 720 1287 et
746 1235 869 1308 regem,
897 1223 1053 1290 nesciens
1073 1222 1146 1308 quis
1165 1237 1279 1286 eorum

140 1318 237 1386 alteri
260 1322 353 1386 essct
372 1315 602 1405 preferendus.
628 1318 759 1386 Interea
773 1319 972 1387 secundario
991 1321 1203 1406 conveniunt,
1222 1317 1280 1384 uhi

138 1417 208 1490 dun
228 1414 306 1485 Otto
324 1414 500 1484 manifeste
520 1419 555 1484 in
570 1415 686 1484 taciem
701 1419 773 1502 regi
800 1417 891 1506 dixit,
919 1418 996 1485 dum
1024 1415 1278 1502 tergiversando

138 1516 256 1585 durius
276 1531 314 1582 se
329 1514 477 1605 haberet,
505 1522 538 1582 et
556 1516 707 1601 aquisitis
727 1517 877 1584 tenacius
896 1517 1078 1585 inhereret:
1105 1517 1141 1583 St
1162 1519 1280 1581 nostro

137 1617 188 1682 aie
214 1613 353 1703 comitio,
375 1615 545 1699 promissa
569 1618 680 1680 oestro
705 1619 764 1698 ter,
789 1633 852 1700 ree
877 1614 1040 1697 Benenate,
1067 1618 1116 1680 ter
1142 1613 1278 1680 obliuio-

136 1716 190 1781 nis
216 1707 407 1798 obprobrio
424 1713 608 1780 mootlctbr.
651 1713 799 1781 Tandem
827 1715 857 1780 ei
883 1713 926 1782 ad
955 1712 1195 1800 stipendiorum
1220 1730 1278 1778 re-

139 1830 356 1900 compensam
383 1812 524 1880 maxima
551 1829 676 1880 summa
702 1813 845 1900 pecunia
872 1819 1079 1880 contaxatur.
1114 1813 1156 1878 Et
1176 1811 1277 1877 resti-

137 1913 218 1980 tutis
255 1909 406 1998 plurihus
437 1928 504 1996 que
533 1910 716 1999 aquisierat
742 1918 775 1978 et
801 1913 833 1978 in
860 1912 1012 1979 manibus
1039 1910 1216 1996 habuerat,
1244 1911 1278 1975 in

138 2011 282 2079 amicitia
307 2014 418 2076 mutua
445 2014 523 2076 sunt
549 2008 674 2078 hrmati.
712 2007 946 2097 Cepernntque
972 2012 1044 2098 ipse
1072 2016 1105 2076 et
1131 2008 1278 2076 Frideri-

139 2127 200 2178 eus
229 2125 266 2176 se
293 2106 453 2197 diligere,
490 2113 524 2175 at
556 2106 728 2196 familiaria
756 2108 922 2194 colloquia
950 2111 1174 2176 commiscere.
1208 2107 1277 2173 Po-

135 2209 237 2297 pulus
264 2213 349 2274 terre
375 2207 505 2297 letatur,
533 2212 567 2273 et
592 2206 716 2292 gaudio
743 2208 954 2275 inenarrabili
979 2207 1172 2296 gratulatur,
1200 2207 1278 2292 quia

136 2305 349 2376 auferebatur
374 2305 484 2372 abeis
510 2306 623 2390 iugum
646 2310 679 2373 et
704 2308 880 2393 oppressio
905 2306 1138 2393 Bohemorum,
1167 2309 1200 2372 et
1224 2305 1277 2371 in-

137 2403 310 2475 dicebatur
343 2405 377 2470 in
411 2404 572 2492 reliquum
606 2405 814 2492 propriorum
851 2403 1025 2473 obsecutio
1059 2404 1277 2490 dominorum,

136 2503 443 2575 mmmmm:

238 2601 382 2693 „lleditu
407 2602 542 2690 proprio
568 2603 701 2687 singula
728 2600 887 2690 gaudent,

262 2700 494 2789 Repetuntque
522 2717 603 2768 suos
630 2718 762 2789 queque
789 2697 980 2768 recursus“

137 2885 191 2953 De
207 2881 295 2952 oottu
314 2882 471 2951 Frideriei
486 2882 584 2967 repta,
609 2885 643 2948 et
656 2882 798 2949 ottonem
807 2900 1027 2968 personarum
1048 2881 1134 2948 illius
1152 2878 1276 2956 dairaco,

238 2983 377 3065 alboque
402 2979 623 3048 taumatibus.
1106 2977 1187 3061 Cup.
1213 2975 1276 3040 otii.

213 3094 312 3164 Anno
328 3095 451 3164 domini
467 3096 678 3164 moeoxxix.
690 3095 758 3163 drrx
769 3093 848 3162 Otto
865 3113 1007 3164 concors
1022 3113 1094 3162 cnm
1112 3091 1275 3178 iratribus,
1293 3100 1359 3155 1329

137 3196 179 3265 ud
199 3196 274 3264 loca
293 3193 374 3262 Reni
394 3195 566 3283 superiora
583 3193 811 3280 proficiscitur.
845 3193 926 3260 Nam
948 3195 1068 3261 milites
1094 3199 1127 3258 et
1143 3189 1275 3258 nobiles

138 3313 178 3362 ac
204 3294 320 3362 civiles
347 3294 434 3361 illius
462 3299 547 3360 terre
574 3291 818 3380 desiderabant,
847 3299 882 3358 ut
908 3292 1069 3360 haherent
1087 3295 1166 3378 post
1182 3288 1275 3356 Leu-

136 3393 273 3482 poldum
308 3391 504 3460 subductum
539 3393 594 3479 qui
620 3393 669 3460 eis
696 3397 867 3480 preesset,
897 3397 930 3458 et
956 3393 1068 3458 causis
1097 3407 1209 3457 eorum
1238 3403 1277 3452 ae

137 3492 395 3560 necessitatibus
412 3489 610 3580 provideret,
639 3496 672 3557 et
695 3509 737 3558 nc
760 3491 858 3557 etiam
884 3489 1090 3557 insolescere
1116 3488 1277 3573 inciperet

138 3593 211 3679 ipsa
239 3596 332 3659 terra.
367 3591 408 3658 llt
434 3590 574 3658 veniens
600 3587 721 3657 ibidem
753 3588 885 3656 diversa
912 3588 1033 3656 solatia
1058 3585 1182 3654 habuit.
1218 3584 1276 3650 Fi-

138 3690 217 3757 lium
245 3690 372 3758 sororis
403 3705 464 3756 sue
492 3686 666 3757 Rudolium
693 3688 910 3772 Lothoringie
938 3686 1055 3754 ducem
1082 3685 1115 3751 in
1144 3683 1275 3749 civitate

140 3807 204 3876 que
232 3787 275 3855 ad
301 3794 451 3855 sanetum
480 3778 707 3855 Theodatum³
739 3786 859 3854 dicitur
894 3791 947 3852 est
972 3785 1109 3871 allatus,
1145 3786 1275 3848 etcum

139 3886 292 3956 iocundis
321 3886 499 3974 colloquiis
521 3885 723 3954 abinvicem
744 3885 985 3954 discesserunt.
1017 3882 1202 3951 Friderieus
1218 3895 1276 3944 rex

139 4005 177 4055 ae
205 3986 345 4054 contulit
372 3983 414 4052 ad
440 3990 608 4074 montana,
637 4003 709 4052 oum
738 3989 830 4052 esset
855 3982 1014 4070 inlumina,
1042 3986 1079 4050 ut
1105 3982 1136 4046 in
1165 3984 1276 4045 castro

172 4119 201 4185 i)
221 4133 251 4172 so
269 4117 427 4172 rerbesrere
444 4117 486 4171 ioh
504 4117 551 4170 das
568 4120 620 4169 tam
639 4115 685 4168 des
704 4115 782 4169 Leoh.
819 4115 850 4179 2)
869 4128 899 4167 so
915 4114 1070 4168 verbessere
1087 4113 1127 4166 ich
1147 4111 1192 4164 das
1204 4111 1276 4164 leuto

137 4187 185 4242 des
203 4185 282 4243 Lech.
319 4187 349 4253 3)
370 4187 405 4240 St.
423 4186 498 4242 bidei
519 4185 584 4238 oder
602 4183 637 4237 st.
657 4184 704 4238 Die
723 4200 755 4240 an
775 4185 822 4238 der
839 4182 963 4238 bleurthe.
