3096 4882
314 199 385 268 252
679 231 746 275 rrrn
768 231 876 276 arnoul
898 231 1006 285 ounnrr
1027 231 1085 276 run.

229 378 297 435 roeo
313 368 347 436 in
372 370 504 454 magnis
530 367 686 456 perieulis
711 370 808 455 quasi
826 386 868 436 ex
894 369 1046 438 omnibus
1071 367 1232 455 partibus.
1280 367 1339 435 lllo
1357 373 1435 436 tenr-

312 483 395 557 pore
422 466 560 534 lecimus
586 465 771 554 Nyeolaum
796 469 931 536 natione
958 459 1187 535 Brunensem¹
1215 467 1436 534 cancellarium

312 571 460 634 nostrum
488 567 677 653 episcopum
707 565 949 655 Tridentium,
976 572 1010 634 et
1034 557 1288 633 Brixinensam²
1312 567 1436 636 nomine

312 663 482 732 Matheum
509 664 716 751 capellanum
742 663 850 733 fratris
876 667 992 756 nostri,
1021 665 1098 752 quia
1119 663 1217 732 ambo
1234 666 1437 754 episcopatus

312 762 478 831 rnoabont
503 768 650 849 tempore
677 762 806 831 eodem.

387 861 503 930 Estate
520 878 600 929 vero
618 859 734 929 eadem
751 860 943 931 liudovious
960 862 1016 948 qui
1035 879 1072 930 se
1096 863 1235 949 gerebat
1255 880 1315 951 pro
1335 863 1437 949 impe-

313 962 422 1028 ratore
457 978 611 1046 magnum
645 963 825 1028 exereitum
853 979 926 1029 oum
953 961 1105 1029 omnibus
1131 961 1335 1051 prinoipibus
1361 957 1438 1028 Ale-

312 1060 421 1126 manie
461 1057 554 1126 duxit
592 1065 708 1127 eontra
742 1059 921 1127 Henrieum
959 1059 1077 1128 dueem
1109 1061 1250 1130 Bavarie
1286 1061 1440 1129 sororium

311 1163 463 1226 nostrum
479 1159 534 1245 qui
552 1164 632 1225 tune
649 1158 825 1226 nobiseum
852 1163 930 1226 erat.
972 1157 1050 1228 Dux
1076 1163 1185 1227 autem
1205 1157 1338 1229 Austrie
1357 1159 1441 1227 venit

311 1256 347 1323 in
378 1254 561 1324 subsidium
597 1255 703 1325 eidem
735 1257 908 1326 Ludovioo
941 1274 1001 1344 per
1031 1258 1217 1350 Patavium,
1245 1263 1340 1347 pater
1366 1274 1438 1324 vero

313 1360 429 1423 noster
445 1357 585 1424 veniens
603 1355 692 1424 dioto
709 1356 853 1424 Henrieo
873 1358 906 1423 in
921 1356 1088 1447 auxilium,
1113 1361 1225 1426 metati
1245 1363 1322 1424 sunt
1337 1362 1440 1424 eastra

236 1492 296 1533 ma
312 1471 419 1542 penes
446 1473 546 1522 unum
572 1457 674 1522 rivum
701 1458 792 1523 iuxta
818 1455 980 1524 LandoW.
1024 1455 1117 1524 Tune
1137 1459 1229 1525 venit
1250 1456 1360 1524 dietus
1378 1454 1442 1522 Lu·

313 1551 452 1622 dovious
479 1571 552 1620 cum
576 1553 660 1622 duee
678 1551 812 1623 Austrie
830 1560 862 1622 et
877 1572 950 1621 eum
966 1553 1040 1622 aliis
1064 1572 1138 1622 eum
1153 1557 1299 1624 exercitu
1314 1571 1441 1640 magno.

312 1652 354 1720 Et
380 1654 608 1742 quiapropter
629 1655 731 1721 rivum
748 1657 797 1721 eis
822 1669 983 1722 decessus
1000 1672 1069 1722 non
1091 1655 1236 1745 patebat,
1263 1653 1442 1722 devastan-

314 1757 363 1818 tes
394 1752 568 1819 Bovarium
607 1770 668 1840 per
700 1771 800 1820 unum
832 1769 999 1842 mensem,
1040 1753 1119 1820 lieet
1150 1755 1314 1822 exereitus
1354 1751 1441 1820 duois

312 1849 448 1919 Henriei
483 1852 588 1918 minor
624 1844 735 1940 esset,
770 1857 879 1919 tamen
906 1850 1014 1920 dietus
1041 1850 1234 1921 Ludovious
1262 1869 1335 1920 eum
1363 1849 1442 1920 duoe

312 1945 445 2016 Austrie
461 1949 535 2016 sine
553 1948 734 2017 voluntatis
750 1967 864 2018 eorum
884 1950 1126 2039 complemento
1145 1951 1187 2020 ad
1214 1952 1351 2040 propria
1373 1953 1444 2018 sunl

313 2049 449 2115 reversi.
491 2048 655 2135 Tempore
675 2067 755 2117 vero
775 2047 893 2117 eodem
914 2049 1067 2118 volentes
1086 2053 1200 2119 venire
1222 2052 1306 2138 patri
1330 2054 1442 2118 nostro

313 2152 346 2213 et
371 2145 521 2234 predicto
556 2149 683 2214 sororio
710 2149 743 2214 in
771 2149 930 2216 auxilium
957 2147 999 2216 de
1027 2151 1183 2219 comitatu
1209 2150 1343 2238 Tyrolis
1371 2165 1438 2216 oum

312 2263 431 2330 magna
459 2249 560 2330 gente
587 2250 651 2312 tam
678 2245 824 2333 peditum
853 2265 950 2334 quam
978 2249 1133 2337 equitum,
1161 2266 1229 2317 non
1251 2255 1441 2337 poteramus

312 2345 450 2412 transire
477 2360 537 2432 per
564 2342 749 2432 Cuplsleyn
774 2345 831 2413 nbi
858 2351 926 2412 erat
950 2344 1037 2413 filius
1056 2345 1227 2438 Ludovioi
1256 2363 1356 2434 quem
1377 2363 1445 2413 eun

313 2442 429 2510 eadem
456 2450 557 2528 gente
583 2442 704 2511 ibidem
732 2443 925 2513 obsedimus
946 2449 1039 2513 lanto
1055 2451 1203 2533 tempore
1223 2452 1349 2533 quanto
1368 2462 1446 2533 pre-

313 2542 391 2610 dieti
407 2543 576 2630 prinoipes
596 2541 759 2611 adversus
781 2561 818 2611 se
837 2542 991 2611 iooebant
1006 2545 1040 2610 in
1055 2546 1192 2632 eampis.
1236 2543 1315 2612 Cum
1339 2549 1444 2612 autem

313 2643 457 2729 separati
483 2642 548 2730 ipsi
575 2637 718 2708 luissent
742 2659 862 2711 versus
890 2642 1022 2729 Tyrolis
1049 2645 1327 2712 sumusreversi.
1371 2643 1447 2710 Post

312 2740 375 2808 heo
408 2742 495 2808 eirea
532 2739 651 2808 festum
685 2739 860 2809 Michaelis
894 2746 1035 2818 tractata
1069 2739 1130 2808 luit
1155 2742 1337 2811 eoncordia
1363 2743 1444 2809 inter

312 2844 436 2927 patrem
472 2844 620 2906 nostrum
648 2844 682 2906 et
706 2839 825 2906 duoem
850 2836 996 2930 Austrie,
1024 2842 1074 2908 sio
1102 2841 1191 2928 quod
1218 2841 1286 2910 dux
1310 2838 1444 2908 Austrie

312 2939 456 3004 restituit
483 2938 647 3004 civitatem
674 2937 932 3030 Znoymensem,
961 2957 1058 3026 quam
1084 2945 1310 3028 paternoster
1337 2938 1444 3008 dede-

313 3042 363 3102 rat
398 3034 504 3102 eidem
540 3055 614 3103 oum
649 3036 714 3104 lilia
749 3055 810 3104 sua
840 3039 873 3104 in
908 3037 1018 3105 dotem
1027 3090 1037 3128 ,
1065 3057 1286 3126 magnamque
1320 3045 1446 3127 partem

312 3135 454 3221 peounie
481 3133 573 3202 dedit
598 3138 681 3223 patri
708 3142 835 3222 nostro,
865 3142 898 3204 et
923 3135 1065 3223 quedam
1088 3144 1197 3206 eastra
1221 3140 1308 3206 circu
1325 3137 1445 3206 llumen

312 3232 422 3300 Dravo
450 3232 492 3300 ad
518 3236 705 3302 comitatum
733 3235 865 3322 Tyrolis
892 3234 981 3303 fratri
1007 3240 1135 3306 nostro.
1176 3237 1343 3305 Duoatum
1368 3253 1446 3306 vero

313 3330 480 3398 llarintbie
506 3351 566 3420 pro
594 3351 632 3400 se
659 3333 773 3400 debuit
798 3335 951 3402 retinere.

137 3463 140 3470 λ
231 3453 297 3507 1337
386 3429 525 3498 Domum
549 3432 664 3500 eadem
685 3432 808 3520 hyeme
828 3434 946 3500 ivimus
969 3451 1043 3501 ourn
1068 3440 1162 3522 patre
1185 3440 1303 3503 nostro
1328 3453 1447 3503 versus

235 3538 289 3576 nn.
312 3530 797 3600 PrussiamcontraLitrranos.
824 3532 1035 3618 Fueruntque
1051 3534 1225 3602 nobiseum
1243 3533 1368 3603 ibidem
1382 3551 1444 3603 eo·

314 3630 407 3697 mites
428 3628 625 3696 Wilhelmus
652 3631 782 3698 iuvenis
809 3629 851 3698 de
868 3630 1044 3722 Holandia,
1073 3631 1114 3699 de
1132 3631 1315 3721 Montibus
1345 3635 1446 3703 iuve-

208 3739 209 3742 ’
312 3729 363 3796 nis
380 3727 421 3796 de
439 3728 500 3818 Lo,
528 3733 561 3796 et
583 3747 679 3814 quem
699 3729 813 3816 plures
832 3729 885 3796 alii
909 3733 1047 3799 eomites
1067 3736 1100 3799 et
1116 3732 1273 3802 barones.
1307 3731 1445 3820 lliemps

311 3845 391 3896 voro
428 3832 493 3896 tam
528 3827 634 3895 mollis
670 3832 740 3894 erat
766 3827 856 3914 quod
883 3830 1009 3914 glacies
1036 3847 1104 3898 non
1132 3835 1218 3919 erat3
1246 3829 1336 3899 unde
1362 3849 1446 3920 pro-

344 4107 373 4168 1)
392 4106 470 4170 illese
489 4107 583 4161 beiden
600 4111 684 4161 worta
702 4108 794 4163 staben
813 4108 855 4164 bei
873 4111 946 4164 llein.
967 4111 1019 4166 und
1037 4113 1064 4164 in
1082 4109 1129 4163 der
1151 4109 1189 4163 bs.
1208 4114 1290 4166 etwas
1307 4110 1446 4164 weilerlrin

309 4187 356 4224 ror
379 4177 497 4242 nomina,
524 4175 639 4241 galuren
664 4175 726 4231 aber
750 4177 866 4242 bierber,
891 4179 951 4232 weil
975 4179 1094 4234 llioolaus
1118 4178 1357 4247 ambrisnam,
1377 4179 1446 4234 nield

308 4240 445 4297 llaltlriius.
482 4245 513 4310 2)
532 4249 558 4296 et
576 4244 753 4300 brixinensem
773 4245 835 4301 leblt
852 4248 879 4300 in
898 4247 945 4303 der
962 4247 1002 4303 lrs.
