3052 4878
415 209 531 254 nrcounr
552 211 598 256 ar.
622 208 763 255 uornour.
785 210 917 255 anurnio.
1185 182 1224 250 71
1307 176 1310 183 ’

119 351 200 414 tatem
227 347 268 415 de
303 348 372 414 suis
407 346 522 435 bonis,
550 366 615 435 que
650 348 692 415 ab
722 349 861 434 imperio
889 347 1033 416 tenebat
1067 346 1228 416 Dominus
1248 359 1315 415 raro

116 465 163 514 rex
184 449 287 535 ipsum
313 445 419 512 noluit
451 448 599 534 recipere
626 446 668 514 ad
695 445 901 536 fidelitatem,
930 448 1006 534 quia
1037 444 1228 515 fidelitatem

115 543 220 612 iecerat
242 546 314 630 regi
340 542 497 635 Roborto,
525 545 599 613 dum
627 564 686 632 per
702 545 931 613 Lumbardiam
958 547 1088 612 veniret
1104 544 1146 613 de
1164 563 1227 614 co-

113 646 266 712 ronatione
299 644 509 714 revertendo.
547 645 589 713 Et
620 643 709 712 istud
736 644 795 712 suit
827 663 922 712 suum
948 647 1122 714 motivum:
1150 647 1228 732 quia

113 743 297 829 parentelam
331 742 526 811 intendebat
557 743 668 811 iacere
702 761 773 811 cum
808 743 945 834 codem,
972 745 1077 812 noluit
1103 743 1227 830 aliquid

112 840 207 910 iacere
231 845 265 909 in
292 843 385 909 terris
413 848 447 909 et
471 844 505 909 in
531 841 728 932 bominibuS,
757 861 821 929 que
842 850 921 910 tuno
939 861 1000 930 per
1020 861 1134 928 regem
1154 842 1226 911 Ro-

113 939 223 1007 bertum
248 940 454 1008 tenebantur.
480 939 648 1009 Recordor
675 959 741 1026 ego
768 941 809 1009 de
837 944 970 1010 civitate
996 939 1147 1031 Albensi,
1174 943 1226 1009 cui

109 1045 206 1106 uestra
229 1040 389 1108 sanctitas
415 1041 541 1107 litteras
576 1042 663 1108 sicut
689 1047 723 1109 et
748 1041 820 1108 aliis
848 1040 1034 1109 civitatibus
1061 1041 1226 1109 Lumbar-

110 1135 163 1227 die,
186 1143 220 1205 ut
245 1140 277 1206 ei
304 1137 486 1229 obedirent,
515 1137 689 1229 dirigebat,
718 1139 808 1226 quod
834 1141 906 1227 ipse
931 1159 1098 1226 nunquam
1120 1140 1226 1208 voluit

108 1239 267 1328 sustinere,
295 1236 385 1324 quod
411 1239 458 1306 eis
485 1244 773 1326 presentarentur,
800 1257 854 1328 ne,
881 1241 910 1306 si
928 1238 1112 1328 obedirent,
1137 1257 1223 1328 pos-

108 1340 151 1401 set
173 1337 289 1424 aliqua·
306 1338 437 1405 novitas
463 1337 538 1404 oriri
556 1339 641 1405 inter
661 1355 735 1406 eum
763 1343 797 1405 et
821 1356 935 1422 regem
959 1336 1149 1429 Robertum,
1173 1341 1225 1406 cui

106 1434 160 1500 iam
184 1433 223 1502 de
248 1436 406 1504 mandato
432 1441 546 1504 vestro
573 1435 713 1505 dederat
743 1438 928 1526 licentiam,
957 1436 1047 1523 quod
1073 1455 1140 1506 non
1168 1443 1225 1505 te-

106 1539 222 1600 neretur
255 1537 403 1622 recipere
432 1533 567 1603 feodum
594 1554 688 1604 suum
723 1553 831 1622 usque
862 1534 905 1603 ad
930 1542 1054 1603 certum
1081 1542 1224 1627 tempuS,

106 1629 140 1697 de
163 1651 225 1718 quo
253 1632 297 1700 ad
322 1651 462 1721 presens
488 1651 556 1702 non
583 1633 746 1703 recordor.

167 1731 202 1797 ln
219 1731 337 1800 eodem
355 1733 431 1800 loeo
449 1737 541 1800 venit
558 1734 703 1802 marchio
723 1730 960 1801 Montisierrati
982 1749 1055 1799 oum
1069 1731 1223 1800 ducentis

104 1831 232 1920 armatis,
257 1837 295 1898 ut
321 1831 502 1901 dicebatur.
530 1833 738 1901 Presentavit
762 1851 799 1900 se
823 1831 954 1920 publice
973 1830 1015 1899 ad
1036 1829 1225 1900 taciendam

103 1925 281 1997 fidelitatem
292 1928 334 1998 de
348 1931 585 2000 marchionatu.
612 1928 775 1999 Dominus
787 1932 960 1999 rexnoluit
975 1929 1097 1998 ibidem
1115 1932 1224 2018 ipsum

103 2029 254 2119 recipere,
284 2031 363 2116 quia
388 2030 532 2098 marchio
560 2030 765 2099 Saluoiarum
796 2028 944 2119 dicebat,
973 2028 1064 2116 quod
1090 2028 1152 2097 sibi
1180 2029 1223 2097 de

101 2125 162 2193 iure
186 2126 368 2196 debebatur
392 2135 528 2216 propter
550 2129 692 2216 quedam
719 2149 784 2218 que
810 2129 850 2196 ab
874 2131 1010 2216 antiquo
1028 2130 1224 2196 erantinter

102 2240 163 2314 eos,
181 2233 211 2293 et
226 2226 318 2314 qnod
334 2230 406 2315 ipse
421 2227 502 2295 nihil
518 2230 598 2296 iuris
616 2229 769 2298 habebat.
791 2227 926 2316 Propter
947 2227 1012 2295 hoc
1030 2232 1064 2293 et
1079 2227 1224 2313 quedam

101 2321 166 2413 alia,
184 2332 219 2393 ut
236 2328 352 2394 sanius
370 2327 542 2395 consilium
560 2327 708 2418 haberet,
728 2335 761 2396 et
776 2345 818 2394 ne
838 2329 936 2396 nimis
954 2344 991 2394 se
1009 2328 1223 2414 precipitaret

100 2421 279 2515 inprimis,
311 2443 372 2512 pro
404 2433 482 2492 tuno
510 2426 617 2494 noluit
641 2429 749 2514 ipsum
776 2428 924 2514 recipere
952 2423 995 2492 ad
1021 2423 1225 2494 fidelitatem.

162 2521 256 2591 Licet
280 2530 391 2591 autem
415 2524 591 2592 consilium
615 2525 739 2594 domini
759 2527 888 2594 comitis
916 2524 1123 2612 Philipponi,
1146 2521 1223 2591 An-

99 2621 169 2688 tonii
194 2630 228 2689 et
254 2622 411 2710 Symonis
437 2622 660 2711 predictorum
679 2623 868 2692 Gueliorum
891 2623 998 2711 luerit,
1026 2621 1117 2707 quod
1142 2623 1223 2688 nul-

97 2713 153 2785 lam
176 2725 305 2809 partem
330 2715 501 2790 introiret1
528 2723 700 2811 expulsam
735 2722 844 2791 donec
875 2727 1107 2808 coronaretur,
1135 2738 1223 2788 con-

99 2817 194 2885 silium
226 2828 338 2889 autem
372 2822 508 2890 aliorum
535 2829 568 2890 et
598 2823 788 2910 specialiter
815 2821 1135 2889 Citramontanorum
1162 2817 1223 2887 luit
1321 2844 1322 2848 ¹

98 2920 297 2988 eontrarium.
323 2919 419 2988 Unde
446 2919 600 2992 dominus
628 2920 669 2989 de
697 2922 842 2990 Taurino
868 2921 928 2987 ivit
952 2918 1222 3009 brittonuma

97 3012 135 3080 ibi
162 3025 290 3105 partem
331 3019 546 3087 Guebelinam
580 3019 637 3088 diu
672 3021 845 3108 expulsam
879 3037 992 3086 seeum
1028 3017 1220 3107 introduxit,

96 3115 175 3198 quod
192 3116 255 3184 suit
272 3116 315 3185 ad
341 3121 514 3186 maximam
542 3119 808 3187 consolationem
835 3120 980 3187 omnium
1006 3118 1221 3205 expulsorum

95 3209 187 3283 ltalie.
212 3216 264 3284 lbi
286 3218 457 3285 constituit
481 3220 649 3307 vicariurn,
676 3220 815 3306 primum
840 3235 936 3304 quom
957 3215 1046 3306 bote,
1074 3224 1220 3284 vestrum

94 3312 220 3382 militem
238 3314 407 3385 dominum
426 3315 629 3402 Hugolinum
647 3315 689 3384 de
705 3317 809 3386 Vioco
819 3339 828 3403 3
857 3319 913 3404 qui
929 3318 977 3384 sio
995 3332 1055 3384 eos
1071 3318 1105 3383 in
1122 3315 1221 3384 bonis

94 3413 230 3482 moribus
266 3417 401 3483 nutrivit
435 3434 502 3482 una
535 3433 610 3483 oum
642 3417 716 3484 aliis
748 3417 900 3504 vicariis,
927 3416 983 3501 qui
1009 3416 1116 3482 secuti
1142 3419 1221 3482 surrt

93 3527 168 3601 eum,
196 3511 290 3600 quod
315 3531 422 3601 usque
448 3516 482 3581 in
500 3514 696 3582 hodiernum
714 3514 802 3583 diem
823 3516 857 3582 in
876 3531 959 3601 pace
981 3518 1219 3581 remanserunt.

91 3605 177 3677 Dicta
192 3619 292 3679 terra
318 3613 436 3680 dicitur
462 3613 606 3682 ecclesie
634 3615 851 3682 laurinensis
868 3631 945 3681 esse
962 3630 1023 3700 per
1044 3612 1219 3699 privilegia

90 3708 325 3796 imperatorum.
353 3709 473 3780 Comes
501 3712 669 3781 Sabaudie
697 3711 775 3780 dioit
801 3712 891 3801 quod
914 3730 975 3781 sua
998 3716 1051 3779 cst
1067 3729 1127 3799 per
1145 3713 1218 3797 pri-

91 3806 203 3893 vilegia
229 3812 475 3898 imperatorum.
508 3810 670 3880 Dominus
697 3831 755 3880 rex
780 3815 887 3900 ipsam
915 3826 1046 3897 semper
1071 3809 1132 3877 sibi
1159 3827 1218 3876 re-

91 3904 177 3974 tinuit
200 3915 339 3997 propter
364 3909 467 3979 verba
494 3910 582 3978 illius
608 3912 734 4001 populi,
763 3913 819 3998 qui
847 3910 980 3978 dicebat
997 3906 1088 3995 quod
1105 3906 1218 3976 Fede-

91 4004 169 4073 rieus
195 4007 464 4096 condempnatus
490 4009 553 4075 iam
579 4009 635 4078 illa
659 4010 836 4099 privilegia
860 4008 952 4078 dedit
977 4006 1136 4095 predictrs
1156 4023 1217 4074 ec·

21 4182 22 4186 ¹
90 4102 182 4173 olesie
209 4107 411 4180 Taurinensi
437 4113 471 4176 et
496 4108 615 4177 comiti.

120 4230 146 4298 l]
164 4239 309 4302 reponeret
326 4234 395 4289 biess
414 4247 443 4290 es
462 4233 538 4302 oben,
557 4247 612 4287 uas
631 4232 695 4289 anob
714 4232 857 4286 deutlicber
874 4235 916 4285 ist.
