3096 4882
297 201 368 272 222
633 229 736 276 curura
758 227 892 274 ruuwrcs
913 226 967 272 urs
987 226 1103 272 urrann.

298 371 395 460 simo,
421 367 617 438 salutemet
638 369 769 436 sincere
792 365 980 434 dilectionis
1008 365 1174 434 allectum.
1215 365 1311 434 Licet
1333 367 1436 434 innu-
1533 391 1534 402 Ν

297 487 389 538 mera
405 467 612 554 grandiaque
629 467 768 554 negotia
783 467 910 534 nostris
926 463 1118 532 incumbant
1135 464 1282 534 humeris
1301 469 1336 534 ct
1351 468 1439 536 circa
1533 477 1534 492 l

298 568 355 636 illa
380 561 605 655 multipliciter
630 573 665 635 ct
690 565 829 634 assidue
861 563 1098 655 distrahamur,
1126 569 1236 632 tamen
1262 583 1336 633 cum
1361 566 1438 634 dis-

298 665 414 736 cordia
439 667 525 734 inter
551 670 584 734 te
612 671 647 734 et
670 666 855 754 preclarum
889 663 1072 751 Philippum
1108 662 1150 731 de
1177 663 1293 733 Valois
1322 683 1438 752 regem

297 767 437 836 Francia
472 763 606 834 alhuem
638 771 790 834 nostrum
816 763 1048 852 predicatum,
1076 780 1119 831 ex
1146 781 1211 851 qua
1237 764 1296 832 tihi
1323 770 1357 832 et
1381 771 1439 834 tuo

298 883 409 952 regno
436 864 677 954 quamplurima
705 881 922 953 personarum
951 868 984 928 et
1009 879 1115 928 rerum
1142 860 1337 953 dispendia,
1363 865 1442 952 ipsa

300 982 370 1033 non
390 963 517 1054 sedata,
545 965 580 1030 in
599 963 742 1032 suturum
767 967 926 1052 poterunt
951 961 1098 1050 evenire,
1121 979 1158 1029 se
1180 964 1304 1032 nostris
1322 981 1439 1052 reprc-

302 1068 415 1132 sentat
440 1062 620 1153 obtutibus,
647 1069 790 1131 mentem
816 1067 965 1130 nostram
991 1059 1170 1148 specialius
1197 1065 1291 1148 angit
1316 1069 1349 1130 et
1375 1081 1442 1132 crr-

299 1164 430 1232 citatut
448 1161 491 1231 ad
513 1161 693 1231 tollendam
718 1161 807 1230 illam
835 1159 978 1229 studium
1006 1165 1039 1226 et
1065 1177 1200 1247 operam
1222 1168 1338 1230 nostre
1363 1163 1442 1231 sol·
1533 1181 1534 1196 ¹

297 1261 479 1330 licitudinis
500 1277 720 1350 apponamus.
747 1260 884 1349 Propter
898 1258 990 1346 quod
1007 1258 1093 1326 scire
1112 1265 1144 1326 tc
1163 1260 1329 1351 volumus,
1348 1261 1441 1349 quod

298 1358 449 1450 prelatus
476 1359 645 1450 Philippus
681 1359 773 1429 dedit
807 1359 906 1432 uobis
934 1357 977 1427 ad
1011 1358 1261 1444 requisitionem
1290 1368 1442 1430 nostram
1533 1395 1534 1420 r

299 1461 371 1528 suis
398 1461 503 1529 literis
530 1464 733 1548 potestatem
759 1457 921 1526 tractandi
946 1459 1032 1525 inter
1052 1462 1083 1524 te
1105 1465 1138 1525 ct
1154 1460 1263 1547 ipsum
1289 1477 1441 1530 concor-

298 1557 384 1628 diam
408 1577 510 1647 super
531 1557 709 1628 discordiis
732 1559 896 1626 intervos
915 1557 1096 1626 suscitatis.
1140 1555 1244 1638 Quam
1263 1561 1362 1628 ctiam
1379 1561 1443 1628 tibi
1533 1641 1534 1652 χ

250 1676 252 1679 ·
298 1665 331 1728 ct
348 1665 405 1727 tuo
427 1675 535 1745 regno
560 1659 711 1748 pensatis
738 1656 916 1743 diligenter
932 1656 1087 1724 omuibus
1111 1656 1357 1727 conditionibus
1373 1661 1441 1730 tuis
1533 1659 1534 1664 ’

298 1764 333 1828 et
346 1757 555 1844 alligatorum
577 1765 706 1827 tuorum
725 1756 947 1845 multipliciter
966 1755 1124 1844 expedire
1145 1756 1333 1850 credentes,
1352 1761 1442 1826 ami·
1533 1813 1534 1820 ,

298 1857 375 1924 citio
401 1864 456 1924 tue
479 1856 723 1945 persuademus
746 1861 846 1942 teque
868 1873 942 1924 cum
964 1853 1139 1940 diligentia
1157 1856 1380 1947 exhortamur,
1402 1863 1443 1928 ut

297 1955 427 2024 adhoc
451 1963 540 2024 tuum
564 1956 708 2045 prebeas
737 1971 1001 2041 assensumque
1025 1961 1057 2022 tc
1081 1960 1114 2022 ct
1140 1956 1249 2044 ipsum
1278 1975 1441 2026 revocare
1533 1951 1534 2000 l

296 2057 467 2145 possimus
504 2054 546 2122 ad
574 2053 797 2144 concordiam,
825 2059 859 2122 et
883 2055 970 2122 inter
995 2071 1058 2121 vos
1093 2071 1173 2121 vere
1199 2055 1295 2143 pacis
1322 2055 1441 2126 federa
1533 2077 1534 2096 ³

298 2153 463 2242 ordinare,
491 2154 623 2240 adque
649 2153 765 2221 libenti
788 2158 897 2221 animo
918 2169 1039 2220 vacare
1065 2153 1219 2222 volumus
1246 2160 1280 2222 et
1303 2155 1440 2243 impen-

298 2252 378 2321 dere
412 2270 558 2321 onerosa
591 2254 828 2341 prosecutione
862 2252 1008 2321 labores
1054 2248 1108 2319 Ad
1135 2270 1200 2340 que
1228 2255 1257 2321 si
1284 2255 1439 2324 consiliis

296 2353 422 2426 nostris
455 2354 645 2421 consentire
673 2357 706 2420 et
732 2353 947 2439 acquiescere
979 2351 1145 2441 volueriS,
1180 2355 1218 2420 ut
1251 2371 1438 2446 speramus,
1533 2359 1534 2416 t

296 2453 430 2542 placcat
458 2452 518 2519 tibi
546 2454 611 2520 tuis
638 2450 743 2519 literis
772 2451 871 2520 uobis
902 2450 982 2519 dare
1009 2454 1212 2538 potestatem
1238 2454 1440 2540 premissam

297 2549 462 2621 tractandi
495 2549 709 2621 concordiam
737 2549 839 2619 etad
870 2567 992 2618 annum
1021 2549 1076 2616 vcl
1102 2549 1272 2618 biennium
1298 2555 1438 2639 treugas
1533 2565 1534 2584 ¹

297 2649 482 2720 ordinandi.
523 2649 594 2718 Nec
621 2655 654 2718 te
681 2655 815 2718 moveat
840 2649 983 2718 amicitia
1010 2649 1096 2741 iuter
1119 2665 1183 2718 nos
1202 2651 1439 2739 etpreclarum

296 2749 482 2839 Philippum
498 2766 613 2834 regern
629 2748 769 2817 Francia
791 2747 975 2837 predictum
992 2748 1074 2815 inita
1091 2754 1125 2814 et
1140 2753 1319 2818 contracta.
1353 2749 1440 2819 Nam
1533 2753 1534 2808 ἐ

298 2866 424 2936 exque
445 2853 480 2915 tu
500 2852 637 2934 treugas
658 2854 691 2916 et
716 2855 827 2916 certos
852 2849 1011 2914 terminos
1040 2847 1201 2915 tractandi
1222 2845 1440 2918 concordiam
1533 2895 1534 2940 3

296 2945 383 3016 inter
400 2953 432 3014 tc
450 2951 482 3014 et
507 2945 691 3035 predictum
716 2945 899 3034 Philippum
926 2945 1088 3034 accepisti
1115 2947 1189 3015 sinc
1215 2954 1331 3016 nostro
1350 2951 1440 3017 scitu
1533 2981 1534 3028 3

297 3045 469 3115 voluntate
492 3058 524 3113 et
543 3063 699 3135 assensu,
721 3043 763 3112 dc
789 3045 931 3113 consilio
950 3052 1140 3113 nostrorum
1157 3047 1351 3136 principum,
1381 3048 1440 3136 qui
1533 3117 1534 3120 ,

297 3145 396 3230 ligias
427 3150 527 3233 pacta
553 3152 587 3214 ct
618 3145 763 3213 uniones
799 3151 932 3212 nostras
967 3145 1138 3236 noverint,
1171 3145 1292 3231 quibus
1327 3148 1440 3214 visum

298 3241 405 3312 lucrat
421 3243 511 3331 quod
529 3243 594 3312 hoc
612 3244 707 3313 salvo
727 3243 855 3313 honore
878 3249 994 3312 nostro
1013 3241 1122 3312 lacere
1148 3247 1327 3336 possimus,
1347 3264 1441 3314 con·
1533 3253 1534 3338 j

295 3342 444 3412 cordiam
472 3350 505 3412 ct
531 3344 706 3411 amicitiam
733 3361 806 3411 cum
832 3342 921 3412 dicto
947 3360 1029 3429 rege
1048 3342 1186 3411 Francia
1209 3347 1440 3413 contraximus
1533 3339 1534 3382 l

298 3448 332 3511 et
357 3443 515 3511 unionem
541 3443 712 3533 inivimus,
745 3443 1005 3529 vicariatumque
1031 3460 1092 3530 per
1123 3460 1187 3512 nos
1213 3443 1312 3513 vobis
1339 3461 1442 3512 oom-
1533 3485 1534 3492 κ

296 3542 434 3609 missum
460 3559 504 3610 cx
529 3543 643 3610 causis
670 3543 902 3610 revocavimus
928 3543 1122 3629 prenotatis
1161 3541 1224 3611 Pro
1244 3541 1336 3612 firmo
1362 3546 1441 3611 sci·

296 3645 389 3709 turus
418 3639 508 3728 quod
544 3641 578 3709 in
614 3641 808 3709 tractatibus
835 3643 958 3709 nostris
986 3641 1035 3708 sic
1061 3639 1120 3708 tibi
1145 3639 1288 3710 fraterne
1314 3643 1441 3731 provi·
1533 3645 1534 3682 ³

295 3737 415 3829 dimoc,
443 3739 533 3827 quod
561 3739 589 3806 si
616 3740 764 3808 consiliis
789 3740 912 3808 nostris
940 3740 1131 3808 consentire
1158 3742 1304 3810 volueris
1331 3759 1441 3811 causa
1533 3755 1534 3810 1

296 3844 353 3908 tua
379 3838 422 3908 od
449 3839 547 3906 hnem
579 3837 702 3906 bonum
735 3837 904 3906 mediante
930 3845 1046 3907 nostro
1074 3839 1197 3910 auxilio
1224 3840 1440 3929 perducetur.
1533 3873 1534 3880 κ

296 3937 404 4028 Super
430 3938 550 4026 quibus
577 3943 665 4007 tuam
692 3939 867 4032 amicitiam
894 3936 936 4005 de
963 3938 1148 4007 intentione
1167 3946 1281 4008 nostra
1300 3939 1441 4028 plenius

296 4037 449 4106 duximus
476 4036 717 4106 informandam
744 4037 939 4123 religiosum
956 4039 1060 4105 virum
1077 4036 1210 4106 tratrem
1230 4037 1441 4106 Eberardum

294 4135 453 4205 lectorem
482 4135 606 4206 ordinis
633 4135 871 4205 Heremitarum
898 4135 1005 4204 sancti
1032 4132 1224 4228 Augustini,
1253 4138 1442 4226 specialem

295 4237 385 4304 curie
402 4242 517 4306 nostre
537 4236 757 4327 capellanum,
780 4241 836 4304 tue
861 4235 1057 4303 fraternitati
1074 4237 1318 4306 transmisimus
1337 4255 1442 4324 mem
