3096 4882
442 209 505 256 nnc.
529 207 652 255 nussnrr
673 208 835 258 nunovrcus
854 211 920 258 arv.
1177 182 1252 256 deo

131 348 437 437 simplicissimorum
462 366 640 437 puerorum
666 367 757 418 more
779 349 915 418 loannis
940 370 1028 441 papa
1053 351 1163 422 ideam
1189 372 1253 424 seu
1271 370 1338 426 1329

129 450 294 534 imaginem
338 465 380 516 ex
412 449 569 516 stramine
604 446 737 516 lcrmari
768 467 906 536 passum
941 468 1038 543 csse,
1076 455 1252 542 ipsamque

128 548 294 633 imaginem
322 547 458 615 loannis
483 564 571 634 pape
598 548 731 614 momine
757 548 828 633 igni
851 547 1073 618 adiudicatum
1099 570 1251 621 cremas-

125 663 167 715 sc.
211 644 281 726 Quc
308 644 442 734 quidem
467 645 546 713 talia
579 646 638 713 toti
672 645 795 714 mundo
822 646 988 717 horrenda
1027 649 1250 720 abhominan-

126 743 223 831 daquc
240 743 414 814 Ludovico
436 744 513 811 buic
529 743 673 812 levitatis
690 763 860 833 parvaque
877 747 1250 839 prudentiepctiusqua

122 861 219 930 pauco
246 845 447 913 maturitatis
472 841 638 910 infamiam
665 843 816 912 attulere.

192 944 312 1012 Verum
340 962 413 1011 cum
438 941 680 1031 perplurimos
708 943 889 1030 imperialis
911 942 1067 1014 lactionis
1091 944 1156 1013 bec
1182 944 1248 1014 iam

124 1044 212 1113 dietis
229 1041 469 1112 consodalibus
483 1043 663 1129 pravisque
683 1041 895 1130 consiliariis
920 1061 1018 1130 quam
1039 1046 1105 1132 ipsi
1127 1043 1249 1114 Ludo-

123 1146 190 1212 vico
206 1143 326 1211 ascribi
352 1141 551 1230 dicerentur,
577 1156 822 1227 usquequaque
849 1146 959 1209 tamen
982 1145 1056 1230 ipsa
1076 1145 1248 1216 excusatio

121 1259 181 1312 non
194 1242 338 1311 levabat.
374 1238 424 1308 Ob
443 1256 526 1327 quas
542 1257 650 1306 rerum
668 1239 847 1307 varietates
865 1241 888 1308 ii
904 1242 1100 1332 mortalium,
1118 1244 1174 1330 qui
1187 1243 1249 1314 Io-

80 1399 82 1406 ,
121 1360 231 1410 annom
266 1359 388 1428 papam
420 1340 469 1406 uti
503 1343 719 1406 sacrosancte
752 1339 894 1406 ecclesie
922 1340 1122 1409 ordinarium
1149 1345 1250 1430 caput

120 1435 665 1526 observatumquevenerabantur,
691 1435 899 1522 Ludovicum
924 1437 1013 1506 bunc
1033 1441 1163 1509 cesarei
1182 1442 1249 1508 im·
1334 1515 1337 1520 ,
1392 1441 1395 1447 ’

120 1539 337 1628 peratoriique
370 1537 515 1605 nominis
545 1534 682 1621 dignum
707 1534 896 1626 negabant,
924 1538 1088 1606 Bavurum
1112 1540 1249 1607 vocita-

120 1637 208 1727 bant;
243 1637 363 1725 reliqui
378 1651 528 1723 quorum
554 1634 657 1719 longe
687 1634 795 1702 minor
820 1652 975 1703 numerus
1004 1642 1074 1704 crat
1098 1637 1249 1726 impera·

119 1743 214 1806 torem
246 1735 480 1805 Romanorum.
528 1732 599 1800 Nos
633 1733 748 1800 maiori
780 1734 865 1821 parti
899 1735 1099 1803 adherentes
1128 1741 1161 1803 et
1186 1735 1248 1804 lc-

119 1839 189 1905 enni
220 1854 311 1925 pape
347 1834 557 1917 ecclesieque
593 1829 804 1921 deserentes,
840 1832 930 1919 quod
965 1833 1115 1923 prolecto
1148 1833 1248 1902 nobis

119 1938 230 2022 cquius
258 1933 446 2022 videbatur,
473 1931 612 1997 maxime
635 1929 678 1997 ob
701 1947 853 1998 enormes
881 1937 1065 2001 creatorum
1092 1935 1249 2023 antipapa

118 2039 147 2101 ct
170 2033 455 2103 anticardinalium
477 2029 690 2118 ignominias
715 2026 878 2097 Ludovici
896 2037 1023 2099 tantum
1041 2049 1163 2100 nomem
1184 2050 1250 2100 ex-

116 2136 307 2222 pressimuS,
335 2132 382 2199 nil
407 2129 514 2218 ipsius
541 2129 656 2196 merito
675 2126 829 2213 dignitati
849 2132 1105 2218 auctoritatique
1132 2130 1250 2200 detra-‘-
1364 2205 1367 2212 .

116 2231 188 2301 bere
214 2229 443 2322 intendentes,
472 2225 534 2295 sed
558 2227 696 2295 aliorum
719 2232 889 2315 posterum
914 2231 1064 2299 veritatis
1090 2229 1249 2299 iudicium

117 2336 337 2400 reservantes

181 2431 290 2499 Ducis
314 2429 412 2496 huius
437 2443 499 2495 seu
523 2426 682 2515 principis
715 2431 873 2495 staturam
899 2442 1077 2512 moresque
1107 2429 1141 2494 et
1162 2441 1248 2513 quos

114 2528 172 2616 ipsi
204 2530 351 2598 vidimus
386 2527 451 2595 hcc
484 2525 560 2596 loco
600 2524 789 2593 describere
826 2523 1011 2614 expediens
1050 2525 1250 2612 putavimus.

116 2625 244 2698 Statura
282 2627 343 2695 luit
376 2625 494 2713 gracili
528 2630 561 2693 ct
590 2642 741 2714 procera,
764 2624 890 2712 'capillo
918 2621 1067 2690 subrullc
1094 2640 1249 2714 raroque,

115 2728 181 2795 acie
213 2725 322 2796 vividi
357 2724 479 2793 coloris
513 2741 646 2811 semper
672 2721 794 2790 ridenti
820 2721 933 2812 simili,
961 2721 1065 2790 oculis
1094 2722 1248 2813 capriniS,

115 2843 195 2895 naso
221 2830 386 2916 peracuto
414 2821 456 2890 ad
484 2839 523 2892 os
549 2839 657 2910 prono
684 2839 723 2890 ac
747 2823 946 2911 propinquo,
973 2819 1115 2888 maxillis
1141 2837 1249 2907 equa-

114 2921 184 2992 liter
212 2925 381 3013 carncsiS,
407 2928 519 2989 mento
548 2923 654 3011 tereti,
682 2920 768 2988 ccllo
796 2921 915 2988 cervici
934 2924 967 2987 et
990 2918 1135 2987 bnmcris
1162 2935 1250 2986 con-

113 3026 253 3114 gruenti,
284 3022 418 3091 lacertis
445 3019 593 3087 cruribus
617 3018 808 3107 etpedibus
832 3024 957 3086 stature
976 3017 1248 3109 congruentibus,

111 3121 268 3192 inarmis
300 3125 456 3190 strenuus
484 3124 518 3186 et
543 3116 654 3186 audax
679 3116 721 3185 ad
745 3135 843 3187 cmnc
869 3117 1058 3206 discrimen,
1087 3115 1148 3184 sed
1166 3133 1250 3204 pre·
1356 3199 1358 3204 Ι

111 3237 185 3310 ceps
206 3228 242 3290 et
267 3222 405 3289 nimium
429 3217 587 3306 lubricus,
616 3218 651 3284 in
667 3215 816 3286 adversis
837 3216 977 3285 consilio
1005 3230 1123 3306 egena,
1150 3217 1249 3283 ioco-

113 3335 167 3389 sus
194 3327 300 3410 atquc
327 3318 492 3408 urbanus,
519 3317 555 3384 in
579 3316 716 3386 incessu
742 3317 846 3408 citus,
873 3314 1031 3403 irequens
1059 3315 1249 3384 sessionum

111 3425 141 3486 ct
164 3421 323 3490 locorum
348 3422 500 3485 mutator.
