3044 4882
416 223 559 271 nonnanes
579 224 789 272 vranomausrs.
825 227 849 290 a,
869 223 908 276 vo,
1164 195 1235 266 383

98 376 162 453 que
177 359 349 453 pastore.“
373 361 423 432 lta
441 368 477 431 ut
491 381 611 432 versus
629 364 783 454 Prosperi
800 365 863 435 biis
883 364 1085 454 temporibus
1105 365 1239 434 valeant
1254 383 1322 436 aare

97 463 258 553 adaptari,
287 463 343 550 qui
371 462 471 531 dioit:

195 562 359 654 „Pulsant
385 563 533 630 exterius
560 561 701 631 diversis
728 564 897 632 montibus
923 564 1053 654 hostes,

261 661 355 730 Intus
381 661 479 731 oivile
506 665 559 730 est
584 665 618 730 ot
644 663 769 732 sooiale
795 660 952 732 malum.“

544 890 792 900 —fflu—

440 1081 575 1146 INCIPIT
596 1083 705 1145 LIBER
728 1081 894 1155 QUINTUS.

94 1234 145 1302 lle
179 1234 339 1306 electione
370 1237 528 1306 litderiei
553 1241 586 1304 et
616 1237 794 1324 mmm,
819 1242 852 1306 et
876 1239 1090 1308 coronatione
1114 1239 1236 1308 utrius-

174 1347 265 1419 'poa
1109 1340 1191 1425 Cep.
1215 1339 1237 1406 i.

167 1446 268 1519 Anno
282 1450 406 1520 domini
424 1453 579 1540 superius
600 1455 701 1541 taoto,
728 1452 856 1521 soiliaet
875 1454 1069 1524 maeoniiii.
1086 1452 1237 1522 Frideri-

94 1563 156 1615 ous
184 1554 219 1616 et
242 1549 443 1620 Ludowious
470 1550 512 1619 ad
539 1552 648 1620 locum
675 1551 860 1641 electionis,
887 1553 1017 1620 soilioet
1041 1552 1237 1621 Franohen-

92 1645 169 1737 iurt,
188 1665 255 1734 quo
273 1654 429 1738 poterant
445 1649 628 1736 gloriosius
645 1656 882 1719 convenerunt.
911 1650 1036 1719 Civitas
1052 1651 1236 1720 Ludowioo

91 1748 218 1836 patuit,
246 1765 422 1837 areaque
457 1756 635 1818 mereatum
661 1751 851 1819 victualium
878 1748 1083 1819 suiiioienter
1109 1749 1234 1818 babuit.

91 1843 279 1915 Friderious
313 1853 407 1917 extra
438 1865 550 1918 muros
579 1867 652 1917 oum
678 1850 748 1918 suis
775 1851 809 1918 in
834 1867 903 1917 una
927 1855 1020 1938 parte
1047 1849 1142 1937 Mogi
1168 1848 1235 1916 ilu-

91 1944 190 2012 minis
216 1952 325 2014 aastra
351 1948 482 2038 looavit,
511 1953 544 2016 et
563 1967 603 2016 ea
626 1967 690 2035 que
707 1965 768 2038 per
787 1947 869 2016 Reni
895 1947 1026 2018 alveum
1052 1947 1235 2017 mitteban-

92 2047 145 2110 tur
173 2042 235 2112 sibi
262 2064 379 2114 manus
406 2047 536 2115 hostilis
563 2047 706 2138 diripuit,
735 2051 768 2116 et
794 2048 837 2116 ob
861 2048 926 2115 hoo
951 2047 1112 2137 populum
1139 2064 1235 2115 suum

91 2140 198 2210 lamas
225 2145 411 2232 aliqualiter
430 2147 565 2235 pressit.
598 2147 640 2216 Et
666 2165 739 2214 oum
766 2145 972 2216 oonoordare
999 2164 1068 2215 non
1093 2151 1236 2235 possent

90 2240 272 2310 aleatorum
303 2247 383 2313 vota
413 2245 574 2335 „Yliaoos
608 2246 695 2314 intra
727 2263 838 2314 muros
864 2251 1021 2333 poooatur
1046 2250 1081 2313 et
1107 2242 1235 2333 extra,“

92 2342 172 2427 quia
197 2343 284 2410 intra
306 2343 421 2411 urbem
449 2343 642 2434 Ludewioo,
670 2350 763 2413 extra
782 2344 897 2412 urbem
917 2345 1038 2414 votivis
1060 2343 1234 2431 plausibus

91 2439 203 2508 bonor
228 2443 323 2528 regni
351 2443 740 2533 aoolamaturFriderioo,
769 2448 802 2511 et
821 2444 1008 2531 eoliptioata
1033 2443 1176 2511 amioitia
1193 2442 1236 2510 ab

91 2539 237 2608 invioom
263 2539 506 2610 discesserunt.
539 2541 727 2611 Friderious
753 2541 893 2629 biogum
919 2541 1053 2611 liuvium
1080 2547 1237 2609 transva-

93 2636 193 2729 danS,
219 2638 348 2710 habens
375 2657 490 2709 seeum
516 2658 644 2730 pauoos
670 2659 730 2731 pre
757 2642 878 2709 noteris
902 2641 965 2710 sibi
986 2639 1174 2729 familiares,
1201 2641 1236 2706 in

92 2738 261 2806 eivitatem
280 2757 346 2827 que
362 2740 479 2808 Bunna
500 2739 619 2809 dieitur
639 2742 740 2831 venit,
768 2745 904 2828 quaest
930 2739 1083 2808 territorii
1102 2743 1135 2806 et
1153 2739 1236 2806 iuris

89 2837 240 2924 presulis
276 2837 506 2930 coloniensis,
535 2841 782 2927 transmisitque
812 2837 856 2908 ad
882 2835 1081 2929 Aquenses,
1108 2843 1145 2906 ut
1171 2838 1236 2907 sibi

92 2935 280 3006 adsedem
310 2937 423 3008 Karoli
453 2939 621 3008 introitum
648 2939 889 3009 eondonarent.
932 2937 1061 3020 Quibus
1088 2954 1237 3026 respon-

91 3034 269 3106 dentibus:
296 3055 333 3107 se
353 3043 529 3124 preoeotoa
556 3043 588 3106 et
610 3039 679 3106 tom
704 3039 871 3106 deoioolos
896 3037 973 3105 ollis
993 3037 1115 3123 poetis,
1140 3038 1238 3104 lueto

91 3151 176 3202 suos
209 3137 396 3204 sooedooes
428 3136 548 3206 oelleol
568 3139 662 3223 prius
687 3139 854 3224 volnusque
874 3139 1057 3223 potentium
1082 3135 1237 3222 emerim,

93 3235 203 3302 etsie
237 3237 286 3303 od
313 3235 399 3304 breno
432 3236 486 3303 oel
517 3235 565 3303 od
595 3235 686 3303 illvm
718 3252 791 3302 esse
824 3235 990 3303 beoloolos
1023 3238 1056 3301 el
1081 3238 1236 3320 puratos.

91 3331 227 3401 lntorea
252 3334 408 3404 Friderioi
424 3334 579 3424 populus,
606 3333 782 3403 Heinrious
800 3334 867 3402 dux
885 3333 1055 3402 Karinthie
1074 3339 1107 3402 at
1124 3333 1235 3402 Hein-

92 3433 185 3500 rious
207 3449 320 3503 eomes
342 3434 472 3503 Gorioie
498 3451 572 3501 erun
598 3434 672 3502 aliis
698 3434 829 3520 magnis
855 3434 946 3526 viris,
973 3433 1096 3502 reliotis
1123 3438 1236 3501 tento-

92 3532 165 3623 riis,
193 3531 237 3600 ad
261 3535 394 3623 propria
409 3532 549 3601 reditum
567 3539 778 3622 paraverunt
812 3530 888 3600 Non
905 3525 1069 3600 modinum
1088 3531 1131 3599 de
1150 3536 1237 3600 terro

91 3631 218 3700 inoolis
244 3633 393 3701 timorem
409 3650 482 3700 oum
500 3631 594 3700 lamis
613 3632 727 3720 inopia
749 3631 946 3721 babuerunt,
972 3631 1019 3699 ita
1032 3635 1069 3698 ut
1088 3631 1122 3698 in
1140 3647 1237 3698 oam-

91 3731 148 3818 pis
180 3731 369 3818 rapuiarum
400 3731 520 3800 eduliis
555 3726 763 3822 foverentur,
800 3736 834 3799 et
863 3731 976 3820 plures
1009 3730 1110 3798 oeleri
1144 3745 1236 3797 novo

93 3830 265 3918 tyrooinio
290 3830 392 3900 velud
418 3830 557 3918 fugitive
580 3831 701 3926 milites
726 3830 846 3920 eiieoti,
875 3829 1046 3917 dignitatis
1071 3827 1161 3896 illius
1189 3829 1237 3896 ti-

93 3928 200 3997 tulum
228 3931 301 3998 sine
328 3928 447 3999 bellioo
474 3931 634 4018 preoonio
662 3927 705 3998 ad
730 3929 863 4019 propria
889 3932 1106 4018 reportarent.

171 4027 376 4098 Ludowious
409 4035 518 4098 autem
544 4030 682 4097 oomites
710 4035 744 4096 et
769 4027 900 4097 nobiles
928 4027 1019 4096 eirea
1043 4024 1236 4114 Aquensem

94 4127 264 4196 civitatem
291 4127 354 4198 sibi
379 4126 580 4198 favorabiles
606 4127 745 4218 habens,
770 4125 996 4217 potentialiter
1017 4125 1176 4215 introivit,
1204 4130 1239 4193 et

97 4243 176 4296 oum
201 4235 358 4299 oonsorto
384 4247 463 4321 sua,
490 4226 556 4296 iilia
581 4226 678 4296 duois
703 4226 859 4318 Polonie,
887 4231 1067 4296 coronatus
1094 4223 1238 4294 oidoium
