3028 4878
404 245 545 292 nonnanes
565 245 772 293 vroronransrs.
809 242 833 311 6,
853 243 877 298 6.
1163 215 1234 286 429

165 383 341 453 Redeunte
358 383 444 453 duee
459 385 494 452 in
504 384 548 452 W
550 385 681 452 iennam
699 384 929 475 civitatem,de
943 385 1099 455 thesauro
1119 391 1236 455 sancto
1251 403 1322 458 rear

93 485 304 571 reliquiarum
324 484 442 552 civitas
461 481 668 572 iocundatur‚
695 487 934 571 processiones
962 483 1054 572 liunt,
1082 489 1155 552 cum
1174 487 1236 554 im-

94 583 220 650 mensis
248 581 401 650 laudibus
429 583 623 671 suscipitur,
649 581 826 652 thesaurus
854 582 1025 672 dividitur,
1054 590 1086 650 et
1113 585 1146 651 in
1173 602 1236 651 ca·

94 682 183 771 pella
220 682 318 748 castri
351 699 428 768 pars
455 681 595 748 mamma
623 680 823 772 collocatur,
852 689 885 750 et
911 683 953 750 ad
979 681 1086 750 locum
1115 681 1236 750 tunda-

93 784 196 850 tionis
225 798 285 847 sue
313 786 346 846 ot
373 778 414 846 ad
441 778 506 847 alia
531 781 586 866 pia
611 778 688 846 loca
714 778 929 869 distribuitur,
956 782 989 847 in
1016 798 1083 866 quo
1108 782 1236 868 princi—

94 883 146 970 pis
175 870 310 946 devotio
344 879 516 965 plurimum
551 884 793 963 augmentatur.
831 878 960 948 Deinde
989 878 1056 946 dux
1082 880 1236 948 reficiens

94 981 188 1050 lassa
223 976 386 1065 membra,
423 994 630 1044 communem
658 993 695 1043 se
723 978 875 1046 omnibus
903 977 1101 1067 exhibebat,
1134 978 1237 1045 nichil

94 1084 232 1167 propter
249 1078 397 1163 corporis
413 1074 663 1145 invalitudinem
687 1076 893 1165 negligebat,
920 1095 1102 1166 pauperum
1126 1082 1159 1144 et
1181 1076 1237 1144 di-

93 1180 199 1246 vitum
226 1193 312 1262 eque
340 1173 522 1242 commodis
549 1173 760 1265 intendebat,
789 1175 929 1245 sedibus
956 1175 1132 1244 iuvenibus
1159 1175 1238 1264 pla-

93 1294 172 1344 cere
200 1273 386 1361 satagebat,
414 1271 557 1360 dampna
581 1275 725 1341 omnium
750 1275 963 1360 precavebat.
995 1274 1121 1342 Versus
1140 1271 1237 1341 Oratii

95 1377 130 1443 in
157 1379 295 1463 pectore
320 1373 445 1457 iugiter
470 1370 676 1458 revolvebat,
704 1373 760 1458 qui
786 1372 883 1443 dicit:

197 1519 565 1542 .......
614 1469 675 1558 „ld
703 1469 793 1556 quod

195 1571 289 1657 Eque
315 1568 519 1658 pauperibus
545 1566 694 1658 prodest,
721 1568 943 1656 locupletibus
971 1587 1068 1659 eque,

195 1669 288 1756 Eque
315 1667 505 1754 neglectum
531 1668 645 1755 pueris
672 1667 877 1756 senibusque
903 1666 1073 1738 nocebit.“

95 1852 148 1918 De
185 1849 320 1918 locustis
354 1851 387 1915 et
419 1846 643 1930 interfectione
675 1847 850 1916 ludentum
874 1853 907 1918 el
931 1847 1124 1934 quibasdam
1151 1850 1236 1918 otiis.

1088 1949 1169 2034 Cap.
1185 1951 1236 2016 cti.

170 2060 269 2131 Anno
295 2062 420 2130 domini
443 2062 702 2130 mcccxxxviii.
730 2057 886 2128 Albertus
915 2060 983 2130 dux
1009 2061 1148 2131 audiens
1177 2064 1237 2132 lo-
1254 2078 1322 2132 1³38

97 2161 261 2252 hannem,
289 2161 509 2229 Bohemorum
536 2163 626 2246 regis
654 2161 774 2250 hlium,
803 2161 859 2246 qui
886 2160 1106 2247 Tyrolensem
1132 2165 1237 2230 tenuit

96 2263 299 2350 comitatum,
326 2265 362 2328 ut
378 2260 581 2328 Kerinthiam
602 2259 777 2327 invaderet
792 2258 981 2348 machinari,
1010 2267 1044 2327 et
1062 2261 1153 2346 quod
1168 2279 1236 2328 non

94 2360 261 2429 modicam
295 2377 386 2447 spem
414 2358 551 2426 haberet
585 2359 648 2426 sibi
674 2359 708 2424 in
737 2364 823 2424 terra
850 2364 959 2425 eastra
985 2359 1096 2444 aliqua
1122 2377 1237 2427 reser-

96 2459 223 2544 vanda3
252 2459 406 2546 pervenit
433 2459 553 2524 etenim
574 2457 616 2525 ad
642 2457 814 2524 clausuras
832 2457 985 2523 comitum
1013 2457 1154 2546 Gorieie,
1181 2458 1237 2525 ubi

97 2561 170 2626 suis
199 2575 381 2645 processus
409 2555 637 2624 intercluditur
662 2573 722 2641 per
748 2555 972 2621 resistentiam
998 2556 1236 2646 clausurarum,

97 2664 132 2725 et
157 2655 292 2724 rediens
327 2654 483 2724 incendio
518 2654 686 2722 districtus
722 2654 810 2720 illius
843 2655 1017 2738 angustias
1051 2654 1235 2734 demolitur.

96 2753 254 2824 Albertus
289 2760 397 2821 autem
432 2753 633 2822 llarinthIam
665 2751 859 2838 ingrediens
869 2804 878 2840 ,
915 2754 1009 2820 cuius
1044 2771 1139 2821 aures
1175 2753 1238 2821 hac

97 2854 249 2944 procella
270 2854 383 2941 sepius
403 2859 481 2920 sunt
498 2869 675 2939 concusso,
704 2853 799 2937 quasi
823 2850 874 2918 sol
891 2849 1059 2938 dissipans
1087 2871 1125 2918 ao
1143 2853 1237 2926 sein-

98 2954 184 3022 dens
213 2951 417 3020 condensam
445 2950 609 3039 nebulam,
638 2969 700 3018 sua
725 2951 894 3036 presentia
920 2949 1237 3019 dissolvitturbinis

98 3054 198 3121 huius
225 3057 368 3120 ventum.
409 3051 450 3118 Et
476 3050 650 3136 alloquens
677 3049 893 3137 patriarcham
928 3049 1169 3118 Berthrandum
1195 3048 1238 3118 de

98 3151 249 3240 pluribus
276 3151 309 3216 in
335 3149 485 3239 Villaeo,
519 3147 596 3216 dum
630 3146 833 3235 adplenum
860 3148 1037 3215 convenire
1064 3149 1239 3235 nequirent

98 3256 234 3339 propter
260 3247 486 3316 difficultatem
511 3265 695 3336 causarum,
723 3263 796 3312 curn
820 3247 946 3330 treugis
962 3264 1069 3333 usque
1089 3247 1132 3314 ad
1150 3253 1237 3313 tem-

97 3367 161 3437 pus
191 3353 349 3417 statutum
376 3347 417 3414 ab
443 3347 584 3414 invicem
611 3345 850 3414 discesserunt.
882 3344 923 3412 Et
947 3344 1086 3413 lustrata
1112 3345 1236 3412 Karin-

101 3449 166 3516 thiu
193 3453 293 3534 atquo
321 3445 506 3536 disposita,
533 3444 664 3512 transiit
690 3441 893 3532 Carniolam,
922 3461 1061 3531 eamque
1087 3445 1237 3512 similiter

102 3546 241 3634 ordinat,
269 3563 327 3632 per·
354 3545 484 3612 Stiriam
510 3541 676 3611 Austriam
702 3542 764 3608 iter
790 3539 901 3608 llectit.

174 3641 364 3712 Patrinrche
392 3649 501 3710 autern
519 3641 561 3709 ad
579 3642 713 3730 propria
730 3640 918 3728 revertenti,
946 3658 1006 3726 per
1028 3638 1238 3707 Ventzonum

100 3745 260 3812 transitus
295 3740 490 3827 denegatur.
535 3738 598 3820 Qui
634 3757 710 3808 mox
743 3741 922 3806 instructus
950 3737 991 3806 de
1017 3739 1087 3805 iure
1115 3755 1178 3804 suo
1206 3744 1239 3804 et

102 3843 265 3930 ecclesie,
293 3847 435 3926 occupat
459 3837 591 3926 opidum
620 3845 654 3906 et
681 3837 819 3905 obtinet.
864 3835 962 3916 Quod
993 3854 1081 3904 anno
1115 3836 1238 3903 domini

99 3940 355 4008 mcclxxxviii.
385 3937 599 4006 vailhelmus
628 3935 759 4024 quidam
778 3935 977 4003 inmanibus
1002 3935 1123 4004 domini
1141 3932 1236 4022 Ray-

99 4039 213 4107 mundi
239 4037 423 4126 patriarche
450 4055 522 4104 cum
549 4036 623 4103 aliis
651 4034 758 4104 leodis
795 4033 835 4100 ab
869 4035 1012 4102 ecclesia
1039 4032 1239 4121 dependen-

99 4139 187 4206 tibus
214 4137 415 4224 resignavit,
451 4135 508 4222 qui
536 4134 578 4202 de
606 4133 733 4201 eisdem
759 4132 987 4200 bleinbardnm
1016 4131 1133 4200 ducem
1161 4137 1239 4199 tan-

100 4242 166 4304 tum
200 4254 261 4325 pro
298 4237 364 4302 vite
399 4252 459 4303 sue
496 4241 662 4323 tempore,
690 4236 826 4319 recepto
858 4239 894 4300 ut
920 4231 1036 4299 dieitur
1071 4229 1238 4299 fidelitatis
