3028 4878
474 217 618 262 rourunus
639 217 848 265 vroromsusrs.
883 218 906 282 6,
924 217 947 270 9.
1209 190 1294 258 tet

144 346 280 443 verso1‚
317 349 371 440 qui
398 354 588 442 imperatori
613 373 731 444 parere
757 359 791 424 in
818 360 1035 447 susceptione
1061 375 1195 427 sucrum
1222 375 1280 424 rc·
1297 369 1364 426 1339

142 453 267 539 galium
287 458 320 519 et
335 454 370 519 in
387 453 461 520 aliis
488 456 665 544 recusavit,
692 455 802 524 standi
827 459 861 524 in
881 475 964 546 pace
992 463 1025 525 et
1050 459 1123 525 sine
1151 455 1282 524 oliensa

141 551 294 620 inducias
321 569 389 620 non
415 554 488 620 sine
515 552 709 623 dificultate
735 554 777 623 ad
800 556 968 625 biennium
991 557 1187 644 impetravit.
1217 552 1280 635 Qui

143 649 409 737 gratulabundus
444 653 585 736 gratiam
617 653 703 722 bano
735 656 901 746 suscepit,
929 661 963 724 et
995 672 1130 725 versum
1155 653 1282 723 Lucani

143 749 255 819 dicere
282 748 471 818 videbatur:

240 848 344 938 „Pars
362 848 439 916 mibi
457 850 550 937 pacis
566 855 648 941 erat,
676 850 824 919 dextram
844 853 995 940 tetigisse
1015 847 1181 940 tyranni.“

141 1030 195 1098 Dc
219 1029 385 1096 Fridera'cc
407 1028 477 1109 filiu
504 1028 641 1114 ottonis,
668 1035 701 1100 et
720 1031 913 1118 quibusdum
934 1031 1060 1118 preliis,
1086 1033 1120 1100 et
1132 1031 1280 1098 luciden-

242 1126 327 1194 ttbos
351 1128 438 1194 illios
464 1130 628 1214 temporis.
1138 1131 1221 1214 Cup.
1246 1148 1280 1196 a.

216 1239 315 1310 Anno
342 1241 467 1312 domini
496 1243 688 1332 supradicto
710 1244 897 1314 Friderieus
920 1244 1001 1335 dux,
1025 1241 1159 1313 Ottonis
1182 1245 1279 1334 tilius,

142 1341 177 1408 in
197 1342 423 1430 superioribus
445 1343 594 1431 partibus
611 1345 646 1412 iu
663 1349 772 1412 castro
797 1344 1040 1431 Leuczenburg
1066 1345 1279 1433 constitutus,

141 1439 282 1528 provide
310 1458 348 1509 se
374 1442 523 1532 gerebat,
551 1449 680 1528 gratum
700 1461 737 1512 se
764 1448 796 1510 et
817 1442 1014 1530 placabilem
1036 1443 1188 1512 omnibus
1216 1461 1280 1512 ex-

142 1539 286 1608 hibebat
321 1539 469 1626 Contigit
485 1543 560 1629 ipso
577 1543 685 1610 inscio
703 1540 872 1629 quoddam
890 1541 1085 1610 disturbium
1102 1558 1278 1631 exurgere,

142 1637 260 1706 durum
286 1640 393 1706 nimis.
426 1639 509 1708 Nam
535 1658 647 1709 comes
674 1640 858 1732 Nydcwie,
886 1641 936 1708 vir
956 1646 1094 1730 potens,
1122 1639 1164 1708 ad
1191 1639 1278 1707 civi-

143 1739 219 1805 tatis
246 1736 456 1825 dispendium
483 1739 678 1808 trumentum
706 1746 739 1808 et
764 1739 830 1808 alia
854 1741 888 1808 in
912 1741 966 1808 via
991 1741 1086 1826 regia
1112 1736 1278 1827 depreda-

141 1843 204 1926 tur,
232 1834 405 1904 confidens
442 1837 537 1906 ducis
569 1840 753 1926 patrocinio
780 1830 818 1906 ee
845 1837 1012 1907 tuendum.
1057 1836 1155 1906 Cives
1183 1855 1279 1905 suum

141 1934 355 2023 obprobrium
366 1937 620 2024 circum-positis
636 1938 836 2026 civitatibus,
846 1937 1058 2026 postulantes
1073 1936 1278 2024 suffragium,

142 2033 368 2120 querulantur.
395 2033 549 2107 Similiter
563 2053 675 2105 comes
692 2037 851 2125 proximis
868 2042 901 2105 et
923 2036 1038 2105 amicis
1055 2042 1091 2104 ut
1106 2038 1279 2122 assistant,

140 2132 297 2246 precibus
315 2134 502 2204 insistebat
529 2134 651 2222 Sicquc
672 2136 780 2224 spolia
801 2140 834 2203 et
855 2134 1076 2204 abductiones
1098 2141 1131 2202 et
1146 2151 1280 2220 gwerra

141 2233 319 2300 sevissima
353 2234 525 2302 excitatur.
566 2233 643 2302 Dux
669 2241 787 2303 coacto
815 2236 963 2302 exercitu
991 2233 1168 2321 nobilium,
1195 2250 1279 2320 pre-

142 2330 300 2424 claroque
332 2333 464 2417 agmine
498 2333 627 2410 militari
660 2332 702 2401 ad
737 2332 965 2422 assistendum
991 2349 1092 2400 cause
1119 2331 1279 2399 nobilium

140 2445 177 2498 se
204 2417 361 2517 disponit.
396 2430 495 2500 Cives
522 2450 590 2500 non
616 2433 749 2521 ignave,
778 2431 838 2499 sed
851 2427 1000 2499 viriliter
1026 2447 1064 2498 se
1090 2435 1277 2518 opponunt.

138 2529 180 2596 Et
195 2528 431 2618 duccproptcr
457 2533 555 2598 etatis
583 2530 838 2598 teneritudinem
863 2530 1002 2618 prelium
1028 2547 1096 2597 non
1122 2531 1275 2614 intrante,

137 2629 182 2695 ix.
209 2627 274 2696 lral.
299 2629 369 2696 iulii
400 2629 537 2716 prelium
569 2646 611 2697 ex
644 2637 784 2716 utraque
818 2635 912 2717 parte
946 2633 999 2696 est
1031 2618 1276 2696 commissum&
1301 2653 1356 2690 ur.

137 2725 254 2794 Plures
280 2727 443 2795 vulnerati
469 2729 625 2816 captivati
651 2728 808 2816 prostrati
824 2745 866 2795 ex
888 2732 1028 2813 utraque
1054 2732 1159 2814 parte.
1195 2705 1345 2792 Tam23

138 2822 195 2891 diu
221 2830 255 2892 et
281 2827 367 2894 adeo
394 2843 431 2894 se
458 2827 611 2894 alacriter
637 2828 758 2895 mutuis
784 2825 1060 2915 percussionibus
1089 2823 1277 2910 concidere,

139 2922 251 2991 donec
272 2924 398 3008 civibus
420 2934 495 2994 sor's
514 2924 642 2994 faveret
659 2932 692 2994 et
715 2926 855 2994 victoria
873 2923 1041 2993 arrideret.
1068 2922 1196 2991 Cecidit
1215 2939 1285 2991 co-

138 3039 211 3090 mes
245 3022 286 3090 de
320 3022 494 3114 Nydoue,
529 3042 642 3094 comes
679 3023 869 3114 Subaudie,
907 3025 970 3092 viri
1002 3022 1204 3111 spectabiles
1241 3020 1284 3088 de

137 3121 382 3208 Fiirstenberg;
420 3124 476 3209 qui
508 3121 587 3206 luge
619 3123 768 3211 presidio
793 3128 949 3210 poterant
975 3140 1013 3190 se
1040 3122 1189 3211 salvare,
1220 3118 1284 3187 sed

138 3220 315 3305 elegerunt
338 3221 452 3309 potius
476 3223 661 3312 periclitari,
689 3241 786 3309 quam
811 3239 934 3290 nomen
960 3221 1068 3307 glorie
1095 3237 1156 3288 sue
1180 3219 1282 3288 deni-

137 3337 248 3405 grare.
280 3319 330 3386 Eu
356 3319 420 3388 boc
445 3320 536 3388 furor
563 3322 818 3407 circumquaque
851 3319 1010 3388 nobdium
1036 3325 1069 3387 et
1093 3320 1282 3407 principum

138 3423 256 3486 contra
289 3419 382 3485 cives
417 3418 621 3487 validissime
651 3419 812 3488 seviebat.
856 3416 920 3498 Qui
945 3418 1023 3485 licet
1049 3417 1091 3485 de
1119 3419 1281 3486 montium

137 3517 303 3584 clausuris
322 3522 355 3584 et
370 3517 710 3607 circumseptionibus
720 3515 937 3605 confiderent,
962 3516 1148 3584 occisorum
1166 3521 1278 3583 tamen

137 3616 263 3683 amicos
289 3633 358 3684 non
374 3615 538 3685 modicum
555 3616 756 3685 metuebant.
787 3615 889 3683 Facte
908 3622 1018 3682 tamen
1039 3619 1155 3700 treuge
1182 3614 1277 3701 pacis

137 3731 316 3801 quousque
344 3714 387 3782 ad
412 3713 623 3783 concordiam
649 3732 704 3782 res
732 3715 869 3782 veniret.

211 3812 285 3881 Hoc
303 3831 392 3881 anno
407 3813 582 3882 Heinricus
602 3813 670 3882 dux
687 3813 854 3881 interieris
871 3811 1036 3900 Bawaric,
1064 3825 1171 3895 gener
1185 3809 1278 3894 regis
1302 3839 1377 3879 serr.
1450 3841 1451 3850 κ

138 3911 378 4000 Bobemcrum,
405 3912 550 3981 moritur.
592 3913 634 3981 Et
660 3931 728 3982 non
752 3913 855 3998 lenge
883 3916 960 3999 post
989 3909 1091 3977 unico
1119 3907 1186 3976 libo
1212 3925 1276 3976 suo
1331 3899 1343 3950 ¹

172 4086 203 4150 l]
222 4081 344 4139 Heinrich
368 4101 424 4139 war
451 4087 519 4141 erzb.
545 4102 597 4140 von
626 4087 766 4154 salzburg,
787 4086 854 4140 nach
881 4085 953 4138 turia
977 4084 1020 4138 bat
1044 4083 1091 4137 der
1115 4095 1210 4148 auszug
1237 4081 1304 4136 bei

138 4152 301 4208 Wiirdtwein
320 4154 386 4208 nceb
406 4156 452 4209 das
469 4160 552 4209 wart:
572 4156 742 4223 Franbelort,
769 4169 825 4209 was
842 4155 890 4206 mir
908 4154 971 4218 irrig
988 4152 1106 4218 scheint,
1130 4149 1217 4202 indem
1241 4150 1287 4204 iob

138 4227 213 4277 unter
230 4223 301 4278 curia
320 4223 371 4276 deu
390 4222 554 4292 pibstlrcbeu
572 4224 620 4278 lrcl
634 4225 764 4278 uerstetre
799 4223 830 4288 2)
850 4222 892 4278 die
910 4221 1026 4277 schlacbt
1044 4219 1085 4274 bei
1100 4191 1217 4286 Laupen.
