3096 4882
464 213 567 259 parurn
588 213 722 261 annonas
742 215 796 262 ors
817 216 930 262 anrunn.
1192 189 1262 261 203

145 353 248 422 Omnis
275 355 383 435 tarro,
417 351 528 420 multis
559 351 741 420 honoribus
773 359 807 420 ot
834 353 1066 448 dignitatibus,
1098 355 1262 449 tripudiis,

144 453 318 520 cerimoniis
341 457 374 518 et
395 453 514 518 ceteris
531 468 630 538 quam
651 452 798 540 plurimis
815 453 936 522 tistulis
959 460 992 523 at
1011 455 1193 547 ornatibus,
1221 457 1265 525 ad

143 552 200 620 boc
224 549 448 640 spectantibus
476 550 664 640 specialiter
691 555 723 618 at
750 555 932 644 consuetis,
961 555 995 622 in
1014 553 1263 624 ecclcsiabeati

142 651 219 719 Patri
244 665 383 718 casareo
411 655 444 717 at
468 649 629 738 imperiali
655 649 841 720 diademate
867 651 988 721 luimus
1005 653 1181 740 magnilica
1199 671 1263 722 co-

142 757 258 818 ronato.
300 749 468 817 Daunius
497 749 728 818 sollemnitatis
750 754 936 820 reverantia
962 751 1125 820 discretos
1141 753 1260 822 etho-

140 854 246 917 nestos
278 848 369 915 viros
396 847 598 915 Willelmum
630 846 672 915 de
698 849 826 934 Forges
853 851 985 919 militem
1011 856 1046 919 et
1070 853 1263 937 magistrum

140 945 298 1016 Andrean
317 946 482 1037 clericum,
510 953 644 1015 nostros
664 948 853 1036 peculiares
868 948 1020 1040 dilectos,
1046 950 1143 1019 vobis
1159 949 1262 1018 duxi-

139 1065 203 1115 mus
228 1045 511 1136 transmitteudoS‚
539 1044 661 1114 obinde
688 1046 845 1131 gaudium
872 1054 905 1116 ct
930 1049 1067 1118 letitiam
1082 1056 1262 1137 reportan-

139 1151 195 1216 tes.
233 1145 354 1214 Datum
378 1141 492 1235 Roma,
518 1148 623 1234 primo
649 1144 726 1212 idus
751 1147 858 1214 martii
870 1138 891 1216 ¹.

184 1341 228 1400 10.
249 1339 377 1413 Ludwig
393 1339 561 1401 riimischer
573 1339 680 1400 kaiser
697 1337 835 1401 schreibt
851 1339 911 1402 den
928 1341 992 1403 rien
1005 1341 1262 1406 wetterauiscben

248 1420 490 1500 reicbsstidten‚
522 1422 649 1483 dassen
679 1422 830 1482 nunmehr
857 1421 936 1482 nach
957 1422 1086 1500 Apulien
1113 1427 1262 1488 rorrncke

249 1502 390 1662 um)dan
417 1502 511 1580 konig
532 1504 647 1566 Robert
666 1518 703 1564 zu
725 1503 910 1566 rernicbten.
953 1505 1060 1584 (Rom,
1084 1509 1162 1569 1328
1184 1507 1263 1570 ende

246 1601 335 1646 mar.

200 1703 394 1774 ludovicus
422 1704 475 1773 dai
501 1705 613 1790 gracia
640 1701 861 1774 Romanorum
878 1707 1057 1796 imperator
1078 1714 1111 1775 et
1129 1725 1262 1798 semper

136 1812 305 1890 augustus.
350 1803 572 1872 Prudentibus
595 1806 673 1872 viris
697 1805 893 1873 consulibus
919 1823 958 1874 ac
985 1807 1151 1875 univorsis
1174 1807 1262 1876 civi-

134 1896 212 1970 bus²
242 1906 278 1972 in
312 1903 557 1994 Frankenvort‚
594 1903 869 1995 Gbclenhausen‚
905 1903 1127 1991 Vredenborg
1161 1911 1194 1974 et
1225 1907 1261 1974 in

135 1999 281 2094 Walter,
310 2005 380 2070 suis
409 2007 443 2070 at
467 2003 596 2092 imperii
622 2002 768 2092 dilectis,
801 2005 946 2089 graciam
983 2021 1075 2071 suam
1103 2010 1137 2072 et
1163 2023 1262 2074 omna

134 2098 261 2172 bonum.
287 2101 388 2170 Dedit
405 2119 468 2170 nos
481 2101 574 2170 Deus
592 2103 625 2168 in
643 2101 751 2169 lucem
768 2105 927 2193 gentium,
945 2108 981 2170 ut
998 2104 1129 2181 sitlans
1146 2111 1261 2173 nostra

132 2200 296 2288 usquead
321 2217 508 2290 supremum
530 2206 563 2268 et
584 2199 733 2267 ultimum
757 2207 856 2269 terre.
895 2201 983 2270 Ecce
1007 2203 1094 2270 onim
1115 2205 1260 2291 peractis

131 2295 352 2388 feliciterque
381 2301 468 2368 circa
490 2304 611 2367 statum
635 2299 845 2390 Lambardio,
874 2302 996 2368 Tuscia
1021 2307 1054 2368 et
1070 2300 1260 2392 Campania,

132 2395 325 2490 Matimape‚
360 2397 577 2488 Campestrini
604 2403 638 2466 et
662 2397 896 2467 Montanarum
928 2417 991 2467 nec
1018 2417 1085 2468 non
1112 2407 1146 2468 et
1170 2401 1261 2468 urbis

134 2493 228 2566 Romo
259 2500 401 2586 eiusque
428 2488 657 2566 districtuum³
682 2503 716 2564 et
737 2499 918 2566 vicinarum
943 2489 1104 2587 partium⁴
1130 2499 1262 2566 iuerant

133 2592 294 2688 iacienda,
310 2595 535 2686 perlectisque
553 2597 720 2684 quocirca
738 2595 1015 2686 sollempnitatem
1033 2599 1261 2666 coronationis

132 2701 238 2765 nostre
267 2703 301 2764 ct
325 2695 570 2765 destitutionem
594 2694 681 2779 illius
707 2697 883 2784 apostatici
902 2695 1015 2764 laocbi
1036 2695 1078 2764 da
1098 2693 1261 2766 Catboroo

130 2811 167 2861 ac
181 2796 426 2864 institutionem
445 2795 646 2863 sanctissimi
662 2796 724 2861 viri
750 2794 873 2863 domini
896 2794 1025 2864 Nicolai
1042 2813 1128 2884 papa
1157 2795 1261 2884 quinti

130 2897 161 2959 et
175 2895 376 2964 creationem
395 2893 609 2962 cardinalium
630 2895 807 2961 extiterant
828 2893 1051 2985 adimplenda,
1074 2897 1109 2962 in
1124 2899 1261 2963 auctora

130 2991 239 3063 salutis
272 2996 306 3063 in
338 2991 493 3081 Apuliam
517 2996 672 3080 potenter
700 2991 934 3080 progredimur
966 2991 1009 3060 ad
1042 2993 1129 3062 illius
1154 2993 1261 3063 bostis

129 3091 276 3178 pestiferi
310 3089 445 3160 Roberti
477 3091 519 3160 da
548 3089 720 3159 Provincia
752 3094 980 3161 exterminium
1016 3095 1262 3181 sempiternum.

130 3185 197 3268 Quo
225 3191 360 3260 tarento
385 3189 531 3258 Domino
564 3189 708 3257 breviter
741 3197 937 3261 consumato
970 3196 1074 3259 totum
1105 3192 1262 3261 mundum

128 3287 159 3355 in
181 3292 277 3378 pacis
304 3288 513 3358 commodum
539 3281 769 3378 reponemus⁵.

156 3474 189 3540 l]
208 3474 338 3530 babulicb
367 3474 432 3529 aber
458 3475 552 3529 lrr‘irzar
568 3474 670 3530 sebneb
694 3475 738 3529 dio
759 3475 873 3531 lraiserin
891 3491 924 3530 an
942 3478 998 3531 ihre
1015 3481 1110 3532 mutter
1126 3477 1196 3531 aena
1214 3477 1264 3532 itt

127 3542 175 3596 und
192 3544 283 3598 ldiaris
300 3544 324 3611 2,
342 3544 401 3598 l80.
435 3544 471 3598 Es
495 3543 549 3610 gibt
573 3544 640 3598 nocb
664 3545 744 3598 einen
762 3544 861 3598 andern
880 3544 950 3600 brial
964 3545 1009 3600 dar
1026 3546 1138 3600 laisarin
1158 3560 1191 3599 an
1211 3543 1262 3598 dan

128 3609 167 3662 abt
184 3626 237 3665 ron
256 3611 386 3678 Egmont,
410 3614 494 3665 worin
518 3613 556 3666 sic
582 3610 732 3665 demselban
757 3611 798 3665 dia
822 3628 863 3666 arn
888 3618 1000 3679 samstag
1021 3629 1069 3666 vor
1093 3611 1263 3665 bimmallabrt

128 3675 219 3734 Christr
237 3679 348 3746 ariolgta
365 3680 456 3747 gebun
474 3681 549 3734 eines
567 3681 665 3733 sobnas
682 3683 795 3746 anzeigt.
831 3682 924 3736 lliesar
941 3681 1009 3734 brial
1022 3681 1113 3747 gabiirt
1130 3679 1262 3734 zwisclran

128 3747 192 3802 1328
217 3748 272 3802 und
295 3749 370 3802 1333.
422 3750 454 3814 2)
478 3750 572 3802 civium
596 3748 639 3802 bat
662 3749 816 3803 Matthaeus.
870 3751 901 3816 3]
927 3748 1082 3804 districtibus
1108 3749 1262 3804 Matthaeus.

128 3815 156 3879 l)
173 3815 290 3884 partibus
314 3815 464 3870 Matthaeus.
501 3817 531 3883 5)
550 3815 657 3884 Lndwig
680 3815 750 3870 batte
772 3817 825 3871 also
850 3818 988 3872 arnstlicbe
1014 3815 1148 3870 absicbten
1174 3830 1261 3882 gagen

126 3879 202 3950 lrdmg
220 3883 328 3952 liobam,
348 3885 388 3938 die
407 3883 470 3940 abar
488 3883 554 3938 nach
581 3886 681 3939 seincm
706 3883 868 3953 allzuiangen
886 3885 1026 3939 varzieben
1050 3887 1076 3936 in
1100 3883 1164 3936 Rom
1181 3885 1261 3938 einen

128 3951 185 4004 sabr
203 3953 355 4007 sublecbten
380 3954 463 4021 erlolg
486 3955 585 4008 hatten.
620 3953 678 4007 Und
702 3968 732 4006 so
758 3955 851 4009 arbielt
873 3955 944 4008 denn
971 3953 1034 4007 anob
1058 3953 1102 4007 dia
1125 3953 1190 4005 walt
1213 3951 1261 4006 da-

127 4019 188 4072 mals
212 4020 280 4075 noab
305 4021 375 4074 niclrt
403 4021 453 4076 den
475 4023 516 4076 ilrr
540 4020 729 4076 verheissenen
754 4021 863 4080 triadem.
899 4023 952 4078 llas
975 4035 1030 4076 war
1053 4020 1094 4075 die
1118 4019 1186 4076 bilha
1209 4035 1262 4074 von

127 4083 235 4145 liubans
257 4089 359 4158 macbt,
386 4090 428 4146 dia
449 4103 502 4144 nnn
520 4089 585 4145 sank
602 4089 655 4144 und
672 4089 761 4145 brach.
