<?xml version="1.0" encoding="UTF-8"?>
<!DOCTYPE html PUBLIC "-//W3C//DTD XHTML 1.0 Transitional//EN"
    "http://www.w3.org/TR/xhtml1/DTD/xhtml1-transitional.dtd">
<html xmlns="http://www.w3.org/1999/xhtml" xml:lang="en" lang="en">
 <head>
  <title>
</title>
<meta http-equiv="Content-Type" content="text/html;charset=utf-8" />
  <meta name='ocr-system' content='tesseract 3.04.00' />
  <meta name='ocr-capabilities' content='ocr_page ocr_carea ocr_par ocr_line ocrx_word'/>
</head>
<body>
  <div class='ocr_page' id='page_1' title='image "./fontesrerumgerm02hubegoog_0396.png"; bbox 0 0 3044 4882; ppageno 0'>
   <div class='ocr_carea' id='block_1_1' title="bbox 450 110 1249 202">
    <p class='ocr_par' dir='ltr' id='par_1_1' title="bbox 450 110 1249 202">
     <span class='ocr_line' id='line_1_1' title="bbox 450 110 1249 202; baseline -0.001 -24"><span class='ocrx_word' id='word_1_1' title='bbox 450 133 599 181; x_wconf 77' lang='lat' dir='ltr'><strong><em>rouanxss</em></strong></span> <span class='ocrx_word' id='word_1_2' title='bbox 619 135 831 184; x_wconf 80' lang='lat' dir='ltr'><strong><em>vrorouraxsrs</em></strong></span> <span class='ocrx_word' id='word_1_3' title='bbox 866 135 891 202; x_wconf 86' lang='lat'><strong><em>3,</em></strong></span> <span class='ocrx_word' id='word_1_4' title='bbox 909 135 933 188; x_wconf 68' lang='lat' dir='ltr'><strong><em>a</em></strong></span> <span class='ocrx_word' id='word_1_5' title='bbox 1186 110 1249 177; x_wconf 82' lang='lat'><strong><em>351</em></strong></span> 
     </span>
    </p>
   </div>
   <div class='ocr_carea' id='block_1_2' title="bbox 100 270 1340 3622">
    <p class='ocr_par' dir='ltr' id='par_1_2' title="bbox 119 270 1255 365">
     <span class='ocr_line' id='line_1_2' title="bbox 119 270 1255 365; baseline 0.005 -27"><span class='ocrx_word' id='word_1_6' title='bbox 119 270 169 338; x_wconf 82' lang='lat' dir='ltr'><strong><em>lie</em></strong></span> <span class='ocrx_word' id='word_1_7' title='bbox 188 270 398 356; x_wconf 78' lang='lat' dir='ltr'><strong><em>profectione</em></strong></span> <span class='ocrx_word' id='word_1_8' title='bbox 420 273 546 340; x_wconf 81' lang='lat' dir='ltr'><strong><em>Atherti</em></strong></span> <span class='ocrx_word' id='word_1_9' title='bbox 569 275 604 340; x_wconf 88' lang='lat' dir='ltr'><strong><em>in</em></strong></span> <span class='ocrx_word' id='word_1_10' title='bbox 629 273 780 360; x_wconf 74' lang='lat' dir='ltr'><strong><em>tsmmm,</em></strong></span> <span class='ocrx_word' id='word_1_11' title='bbox 806 282 840 344; x_wconf 85' lang='lat' dir='ltr'><strong><em>et</em></strong></span> <span class='ocrx_word' id='word_1_12' title='bbox 862 278 905 346; x_wconf 87' lang='lat' dir='ltr'><strong><em>ihi</em></strong></span> <span class='ocrx_word' id='word_1_13' title='bbox 929 281 1039 365; x_wconf 77' lang='lat' dir='ltr'><strong><em>qertis,</em></strong></span> <span class='ocrx_word' id='word_1_14' title='bbox 1065 280 1099 344; x_wconf 86' lang='lat' dir='ltr'><strong><em>et</em></strong></span> <span class='ocrx_word' id='word_1_15' title='bbox 1122 277 1255 361; x_wconf 70' lang='lat' dir='ltr'><strong><em>quaom-</em></strong></span> 
     </span>
    </p>

    <p class='ocr_par' dir='ltr' id='par_1_3' title="bbox 155 371 1255 459">
     <span class='ocr_line' id='line_1_3' title="bbox 155 371 1255 459; baseline 0.004 -21"><span class='ocrx_word' id='word_1_16' title='bbox 155 433 162 438; x_wconf 85' lang='lat'><em>.</em></span> <span class='ocrx_word' id='word_1_17' title='bbox 216 371 295 436; x_wconf 87' lang='lat' dir='ltr'><strong><em>dom</em></strong></span> <span class='ocrx_word' id='word_1_18' title='bbox 317 371 541 440; x_wconf 63' lang='lat' dir='ltr'><strong><em>incidentibus</em></strong></span> <span class='ocrx_word' id='word_1_19' title='bbox 1084 375 1165 459; x_wconf 79' lang='lat' dir='ltr'><strong><em>Cup.</em></strong></span> <span class='ocrx_word' id='word_1_20' title='bbox 1192 377 1255 442; x_wconf 85' lang='lat' dir='ltr'><strong><em>ciii.</em></strong></span> 
     </span>
    </p>

    <p class='ocr_par' dir='ltr' id='par_1_4' title="bbox 191 484 1340 577">
     <span class='ocr_line' id='line_1_4' title="bbox 191 484 1340 577; baseline 0.007 -24"><span class='ocrx_word' id='word_1_21' title='bbox 191 484 294 554; x_wconf 84' lang='lat' dir='ltr'><strong><em>Anno</em></strong></span> <span class='ocrx_word' id='word_1_22' title='bbox 311 484 436 555; x_wconf 91' lang='lat' dir='ltr'><strong><em>domini</em></strong></span> <span class='ocrx_word' id='word_1_23' title='bbox 452 489 608 555; x_wconf 84' lang='lat' dir='ltr'><strong><em>macovi.</em></strong></span> <span class='ocrx_word' id='word_1_24' title='bbox 627 505 687 555; x_wconf 89' lang='lat' dir='ltr'><strong><em>rex</em></strong></span> <span class='ocrx_word' id='word_1_25' title='bbox 704 485 925 570; x_wconf 89' lang='lat' dir='ltr'><strong><em>conditiones,</em></strong></span> <span class='ocrx_word' id='word_1_26' title='bbox 951 506 1036 576; x_wconf 88' lang='lat' dir='ltr'><strong><em>quas</em></strong></span> <span class='ocrx_word' id='word_1_27' title='bbox 1049 485 1155 577; x_wconf 89' lang='lat' dir='ltr'><strong><em>pater¹</em></strong></span> <span class='ocrx_word' id='word_1_28' title='bbox 1172 508 1255 558; x_wconf 91' lang='lat' dir='ltr'><strong><em>suus</em></strong></span> <span class='ocrx_word' id='word_1_29' title='bbox 1274 506 1340 562; x_wconf 81' lang='lat' dir='ltr'><strong><em>roos</em></strong></span> 
     </span>
    </p>

    <p class='ocr_par' dir='ltr' id='par_1_5' title="bbox 100 581 1257 3622">
     <span class='ocr_line' id='line_1_5' title="bbox 120 581 1255 677; baseline 0.005 -27"><span class='ocrx_word' id='word_1_30' title='bbox 120 581 281 652; x_wconf 83' lang='lat' dir='ltr'><strong><em>Rudolms</em></strong></span> <span class='ocrx_word' id='word_1_31' title='bbox 299 602 359 653; x_wconf 92' lang='lat' dir='ltr'><strong><em>rex</em></strong></span> <span class='ocrx_word' id='word_1_32' title='bbox 377 591 411 653; x_wconf 90' lang='lat' dir='ltr'><strong><em>et</em></strong></span> <span class='ocrx_word' id='word_1_33' title='bbox 436 583 579 654; x_wconf 82' lang='lat' dir='ltr'><strong><em>Adclius</em></strong></span> <span class='ocrx_word' id='word_1_34' title='bbox 598 604 619 653; x_wconf 94' lang='lat' dir='ltr'><strong><em>a</em></strong></span> <span class='ocrx_word' id='word_1_35' title='bbox 635 585 864 654; x_wconf 84' lang='lat' dir='ltr'><strong><em>misnensious</em></strong></span> <span class='ocrx_word' id='word_1_36' title='bbox 881 593 1086 677; x_wconf 88' lang='lat' dir='ltr'><strong><em>receperant,</em></strong></span> <span class='ocrx_word' id='word_1_37' title='bbox 1113 586 1255 656; x_wconf 90' lang='lat' dir='ltr'><strong><em>audiens</em></strong></span> 
     </span>
     <span class='ocr_line' id='line_1_6' title="bbox 118 684 1257 775; baseline 0.005 -27"><span class='ocrx_word' id='word_1_38' title='bbox 118 684 263 750; x_wconf 86' lang='lat' dir='ltr'><strong><em>variatas</em></strong></span> <span class='ocrx_word' id='word_1_39' title='bbox 291 690 325 750; x_wconf 91' lang='lat' dir='ltr'><strong><em>et</em></strong></span> <span class='ocrx_word' id='word_1_40' title='bbox 351 702 393 752; x_wconf 88' lang='lat' dir='ltr'><strong><em>ex</em></strong></span> <span class='ocrx_word' id='word_1_41' title='bbox 417 691 513 773; x_wconf 85' lang='lat' dir='ltr'><strong><em>parta</em></strong></span> <span class='ocrx_word' id='word_1_42' title='bbox 539 686 682 753; x_wconf 86' lang='lat' dir='ltr'><strong><em>maxima</em></strong></span> <span class='ocrx_word' id='word_1_43' title='bbox 707 686 889 775; x_wconf 86' lang='lat' dir='ltr'><strong><em>laceratus,</em></strong></span> <span class='ocrx_word' id='word_1_44' title='bbox 920 691 959 753; x_wconf 91' lang='lat' dir='ltr'><strong><em>ut</em></strong></span> <span class='ocrx_word' id='word_1_45' title='bbox 982 686 1158 754; x_wconf 87' lang='lat' dir='ltr'><strong><em>malivolos</em></strong></span> <span class='ocrx_word' id='word_1_46' title='bbox 1193 705 1257 755; x_wconf 88' lang='lat' dir='ltr'><strong><em>oa-</em></strong></span> 
     </span>
     <span class='ocr_line' id='line_1_7' title="bbox 119 782 1254 876; baseline 0.005 -29"><span class='ocrx_word' id='word_1_47' title='bbox 119 783 259 867; x_wconf 82' lang='lat' dir='ltr'><strong><em>stigaret</em></strong></span> <span class='ocrx_word' id='word_1_48' title='bbox 276 787 311 850; x_wconf 91' lang='lat' dir='ltr'><strong><em>et</em></strong></span> <span class='ocrx_word' id='word_1_49' title='bbox 335 782 379 850; x_wconf 89' lang='lat' dir='ltr'><strong><em>ad</em></strong></span> <span class='ocrx_word' id='word_1_50' title='bbox 404 790 526 852; x_wconf 87' lang='lat' dir='ltr'><strong><em>statum</em></strong></span> <span class='ocrx_word' id='word_1_51' title='bbox 551 783 731 871; x_wconf 88' lang='lat' dir='ltr'><strong><em>imperialis</em></strong></span> <span class='ocrx_word' id='word_1_52' title='bbox 757 784 894 852; x_wconf 90' lang='lat' dir='ltr'><strong><em>honoris</em></strong></span> <span class='ocrx_word' id='word_1_53' title='bbox 916 786 1027 853; x_wconf 90' lang='lat' dir='ltr'><strong><em>omnia</em></strong></span> <span class='ocrx_word' id='word_1_54' title='bbox 1052 784 1254 876; x_wconf 81' lang='lat' dir='ltr'><strong><em>reformaret,</em></strong></span> 
     </span>
     <span class='ocr_line' id='line_1_8' title="bbox 119 881 1256 975; baseline 0.005 -29"><span class='ocrx_word' id='word_1_55' title='bbox 119 885 238 947; x_wconf 91' lang='lat' dir='ltr'><strong><em>terram</em></strong></span> <span class='ocrx_word' id='word_1_56' title='bbox 256 899 330 948; x_wconf 89' lang='lat' dir='ltr'><strong><em>oum</em></strong></span> <span class='ocrx_word' id='word_1_57' title='bbox 349 883 455 970; x_wconf 89' lang='lat' dir='ltr'><strong><em>copiis</em></strong></span> <span class='ocrx_word' id='word_1_58' title='bbox 472 883 632 950; x_wconf 82' lang='lat' dir='ltr'><strong><em>introivit</em></strong></span> <span class='ocrx_word' id='word_1_59' title='bbox 656 882 740 950; x_wconf 91' lang='lat' dir='ltr'><strong><em>Nam</em></strong></span> <span class='ocrx_word' id='word_1_60' title='bbox 756 881 875 952; x_wconf 87' lang='lat' dir='ltr'><strong><em>iratres</em></strong></span> <span class='ocrx_word' id='word_1_61' title='bbox 892 882 971 975; x_wconf 87' lang='lat' dir='ltr'><strong><em>duo,</em></strong></span> <span class='ocrx_word' id='word_1_62' title='bbox 989 885 1121 952; x_wconf 88' lang='lat' dir='ltr'><strong><em>scilicet</em></strong></span> <span class='ocrx_word' id='word_1_63' title='bbox 1136 884 1256 952; x_wconf 84' lang='lat' dir='ltr'><strong><em>Dietz-</em></strong></span> 
     </span>
     <span class='ocr_line' id='line_1_9' title="bbox 118 980 1255 1071; baseline 0.005 -25"><span class='ocrx_word' id='word_1_64' title='bbox 118 996 259 1047; x_wconf 90' lang='lat' dir='ltr'><strong><em>mannus</em></strong></span> <span class='ocrx_word' id='word_1_65' title='bbox 279 986 313 1047; x_wconf 90' lang='lat' dir='ltr'><strong><em>et</em></strong></span> <span class='ocrx_word' id='word_1_66' title='bbox 327 980 525 1071; x_wconf 77' lang='lat' dir='ltr'><strong><em>liriderieuS,</em></strong></span> <span class='ocrx_word' id='word_1_67' title='bbox 542 981 599 1048; x_wconf 91' lang='lat' dir='ltr'><strong><em>lilii</em></strong></span> <span class='ocrx_word' id='word_1_68' title='bbox 616 980 752 1048; x_wconf 90' lang='lat' dir='ltr'><strong><em>Dietrioi</em></strong></span> <span class='ocrx_word' id='word_1_69' title='bbox 774 982 974 1052; x_wconf 90' lang='lat' dir='ltr'><strong><em>marchionis</em></strong></span> <span class='ocrx_word' id='word_1_70' title='bbox 992 985 1147 1071; x_wconf 88' lang='lat' dir='ltr'><strong><em>senioris,</em></strong></span> <span class='ocrx_word' id='word_1_71' title='bbox 1165 983 1255 1052; x_wconf 87' lang='lat' dir='ltr'><strong><em>filia-</em></strong></span> 
     </span>
     <span class='ocr_line' id='line_1_10' title="bbox 118 1077 1254 1170; baseline 0.005 -25"><span class='ocrx_word' id='word_1_72' title='bbox 118 1079 177 1145; x_wconf 89' lang='lat' dir='ltr'><strong><em>stri</em></strong></span> <span class='ocrx_word' id='word_1_73' title='bbox 193 1077 352 1146; x_wconf 85' lang='lat' dir='ltr'><strong><em>Friderici</em></strong></span> <span class='ocrx_word' id='word_1_74' title='bbox 379 1079 518 1148; x_wconf 89' lang='lat' dir='ltr'><strong><em>secundi</em></strong></span> <span class='ocrx_word' id='word_1_75' title='bbox 538 1078 705 1167; x_wconf 83' lang='lat' dir='ltr'><strong><em>quondam</em></strong></span> <span class='ocrx_word' id='word_1_76' title='bbox 720 1082 939 1170; x_wconf 88' lang='lat' dir='ltr'><strong><em>imperatoris,</em></strong></span> <span class='ocrx_word' id='word_1_77' title='bbox 963 1087 1068 1150; x_wconf 84' lang='lat' dir='ltr'><strong><em>terras</em></strong></span> <span class='ocrx_word' id='word_1_78' title='bbox 1089 1089 1180 1150; x_wconf 88' lang='lat' dir='ltr'><strong><em>sorte</em></strong></span> <span class='ocrx_word' id='word_1_79' title='bbox 1198 1081 1254 1151; x_wconf 89' lang='lat' dir='ltr'><strong><em>di-</em></strong></span> 
     </span>
     <span class='ocr_line' id='line_1_11' title="bbox 116 1176 1254 1271; baseline 0.005 -28"><span class='ocrx_word' id='word_1_80' title='bbox 116 1176 283 1267; x_wconf 77' lang='lat' dir='ltr'><strong><em>videntes,</em></strong></span> <span class='ocrx_word' id='word_1_81' title='bbox 311 1179 570 1246; x_wconf 75' lang='lat' dir='ltr'><strong><em>marchionatum</em></strong></span> <span class='ocrx_word' id='word_1_82' title='bbox 585 1178 806 1246; x_wconf 90' lang='lat' dir='ltr'><strong><em>Misnensium</em></strong></span> <span class='ocrx_word' id='word_1_83' title='bbox 821 1179 1018 1271; x_wconf 80' lang='lat' dir='ltr'><strong><em>FridericuS,</em></strong></span> <span class='ocrx_word' id='word_1_84' title='bbox 1045 1180 1254 1267; x_wconf 82' lang='lat' dir='ltr'><strong><em>lantgravio-</em></strong></span> 
     </span>
     <span class='ocr_line' id='line_1_12' title="bbox 116 1276 1253 1368; baseline 0.006 -26"><span class='ocrx_word' id='word_1_85' title='bbox 116 1280 184 1343; x_wconf 91' lang='lat' dir='ltr'><strong><em>tum</em></strong></span> <span class='ocrx_word' id='word_1_86' title='bbox 202 1276 384 1362; x_wconf 85' lang='lat' dir='ltr'><strong><em>Thuringie</em></strong></span> <span class='ocrx_word' id='word_1_87' title='bbox 401 1277 640 1346; x_wconf 88' lang='lat' dir='ltr'><strong><em>Dietzmannus</em></strong></span> <span class='ocrx_word' id='word_1_88' title='bbox 658 1280 804 1347; x_wconf 88' lang='lat' dir='ltr'><strong><em>sortitur.</em></strong></span> <span class='ocrx_word' id='word_1_89' title='bbox 840 1277 903 1359; x_wconf 83' lang='lat' dir='ltr'><strong><em>Qui</em></strong></span> <span class='ocrx_word' id='word_1_90' title='bbox 927 1298 1001 1348; x_wconf 92' lang='lat' dir='ltr'><strong><em>cum</em></strong></span> <span class='ocrx_word' id='word_1_91' title='bbox 1027 1281 1097 1348; x_wconf 90' lang='lat' dir='ltr'><strong><em>suis</em></strong></span> <span class='ocrx_word' id='word_1_92' title='bbox 1123 1279 1253 1368; x_wconf 82' lang='lat' dir='ltr'><strong><em>placide</em></strong></span> 
     </span>
     <span class='ocr_line' id='line_1_13' title="bbox 114 1375 1254 1469; baseline 0.004 -26"><span class='ocrx_word' id='word_1_93' title='bbox 114 1375 247 1466; x_wconf 82' lang='lat' dir='ltr'><strong><em>vivens,</em></strong></span> <span class='ocrx_word' id='word_1_94' title='bbox 273 1393 411 1444; x_wconf 90' lang='lat' dir='ltr'><strong><em>uxorem</em></strong></span> <span class='ocrx_word' id='word_1_95' title='bbox 428 1376 544 1444; x_wconf 81' lang='lat' dir='ltr'><strong><em>habuit</em></strong></span> <span class='ocrx_word' id='word_1_96' title='bbox 560 1376 661 1444; x_wconf 90' lang='lat' dir='ltr'><strong><em>liliam</em></strong></span> <span class='ocrx_word' id='word_1_97' title='bbox 680 1375 776 1444; x_wconf 91' lang='lat' dir='ltr'><strong><em>ducis</em></strong></span> <span class='ocrx_word' id='word_1_98' title='bbox 802 1378 1083 1469; x_wconf 86' lang='lat' dir='ltr'><strong><em>answicensis,</em></strong></span> <span class='ocrx_word' id='word_1_99' title='bbox 1111 1381 1254 1464; x_wconf 82' lang='lat' dir='ltr'><strong><em>sangui-</em></strong></span> 
     </span>
     <span class='ocr_line' id='line_1_14' title="bbox 115 1469 1253 1561; baseline 0.004 -22"><span class='ocrx_word' id='word_1_100' title='bbox 115 1474 167 1542; x_wconf 85' lang='lat' dir='ltr'><strong><em>nis</em></strong></span> <span class='ocrx_word' id='word_1_101' title='bbox 187 1478 347 1559; x_wconf 84' lang='lat' dir='ltr'><strong><em>generosi</em></strong></span> <span class='ocrx_word' id='word_1_102' title='bbox 356 1469 379 1561; x_wconf 68' lang='grc' dir='ltr'><strong><em>ς’</em></strong></span> <span class='ocrx_word' id='word_1_103' title='bbox 392 1474 579 1543; x_wconf 84' lang='lat' dir='ltr'><strong><em>Fridericus</em></strong></span> <span class='ocrx_word' id='word_1_104' title='bbox 598 1481 708 1544; x_wconf 89' lang='lat' dir='ltr'><strong><em>autem</em></strong></span> <span class='ocrx_word' id='word_1_105' title='bbox 725 1477 936 1545; x_wconf 75' lang='lat' dir='ltr'><strong><em>insolescens</em></strong></span> <span class='ocrx_word' id='word_1_106' title='bbox 953 1476 1140 1544; x_wconf 89' lang='lat' dir='ltr'><strong><em>Meinhardi</em></strong></span> <span class='ocrx_word' id='word_1_107' title='bbox 1157 1477 1253 1545; x_wconf 87' lang='lat' dir='ltr'><strong><em>ducis</em></strong></span> 
     </span>
     <span class='ocr_line' id='line_1_15' title="bbox 114 1570 1252 1665; baseline 0.004 -26"><span class='ocrx_word' id='word_1_108' title='bbox 114 1570 287 1640; x_wconf 88' lang='lat' dir='ltr'><strong><em>Karinthie</em></strong></span> <span class='ocrx_word' id='word_1_109' title='bbox 322 1573 422 1641; x_wconf 89' lang='lat' dir='ltr'><strong><em>filiam</em></strong></span> <span class='ocrx_word' id='word_1_110' title='bbox 454 1574 586 1663; x_wconf 88' lang='lat' dir='ltr'><strong><em>hahuit,</em></strong></span> <span class='ocrx_word' id='word_1_111' title='bbox 622 1580 655 1641; x_wconf 90' lang='lat' dir='ltr'><strong><em>et</em></strong></span> <span class='ocrx_word' id='word_1_112' title='bbox 686 1582 800 1642; x_wconf 87' lang='lat' dir='ltr'><strong><em>eontra</em></strong></span> <span class='ocrx_word' id='word_1_113' title='bbox 826 1593 863 1643; x_wconf 90' lang='lat' dir='ltr'><strong><em>se</em></strong></span> <span class='ocrx_word' id='word_1_114' title='bbox 889 1575 1020 1644; x_wconf 89' lang='lat' dir='ltr'><strong><em>nobiles</em></strong></span> <span class='ocrx_word' id='word_1_115' title='bbox 1045 1579 1252 1665; x_wconf 90' lang='lat' dir='ltr'><strong><em>provocavit,</em></strong></span> 
     </span>
     <span class='ocr_line' id='line_1_16' title="bbox 112 1670 1253 1762; baseline 0.003 -23"><span class='ocrx_word' id='word_1_116' title='bbox 112 1672 159 1740; x_wconf 91' lang='lat' dir='ltr'><strong><em>ita</em></strong></span> <span class='ocrx_word' id='word_1_117' title='bbox 187 1670 279 1759; x_wconf 84' lang='lat' dir='ltr'><strong><em>quod</em></strong></span> <span class='ocrx_word' id='word_1_118' title='bbox 305 1689 419 1758; x_wconf 81' lang='lat' dir='ltr'><strong><em>regem</em></strong></span> <span class='ocrx_word' id='word_1_119' title='bbox 445 1675 624 1741; x_wconf 74' lang='lat' dir='ltr'><strong><em>invitarent</em></strong></span> <span class='ocrx_word' id='word_1_120' title='bbox 640 1678 673 1741; x_wconf 90' lang='lat' dir='ltr'><strong><em>et</em></strong></span> <span class='ocrx_word' id='word_1_121' title='bbox 694 1679 814 1740; x_wconf 87' lang='lat' dir='ltr'><strong><em>terram</em></strong></span> <span class='ocrx_word' id='word_1_122' title='bbox 832 1676 1060 1762; x_wconf 79' lang='lat' dir='ltr'><strong><em>promitterent</em></strong></span> <span class='ocrx_word' id='word_1_123' title='bbox 1086 1691 1124 1741; x_wconf 91' lang='lat' dir='ltr'><strong><em>se</em></strong></span> <span class='ocrx_word' id='word_1_124' title='bbox 1151 1673 1253 1742; x_wconf 89' lang='lat' dir='ltr'><strong><em>datu-</em></strong></span> 
     </span>
     <span class='ocr_line' id='line_1_17' title="bbox 113 1771 1254 1862; baseline 0.004 -26"><span class='ocrx_word' id='word_1_125' title='bbox 113 1789 181 1840; x_wconf 80' lang='lat' dir='ltr'><strong><em>ros</em></strong></span> <span class='ocrx_word' id='word_1_126' title='bbox 217 1771 259 1838; x_wconf 87' lang='lat' dir='ltr'><strong><em>Et</em></strong></span> <span class='ocrx_word' id='word_1_127' title='bbox 275 1771 422 1840; x_wconf 89' lang='lat' dir='ltr'><strong><em>marchio</em></strong></span> <span class='ocrx_word' id='word_1_128' title='bbox 437 1771 571 1859; x_wconf 86' lang='lat' dir='ltr'><strong><em>quidem</em></strong></span> <span class='ocrx_word' id='word_1_129' title='bbox 587 1773 693 1859; x_wconf 87' lang='lat' dir='ltr'><strong><em>primo</em></strong></span> <span class='ocrx_word' id='word_1_130' title='bbox 720 1778 753 1838; x_wconf 88' lang='lat' dir='ltr'><strong><em>et</em></strong></span> <span class='ocrx_word' id='word_1_131' title='bbox 778 1791 838 1840; x_wconf 93' lang='lat' dir='ltr'><strong><em>sue</em></strong></span> <span class='ocrx_word' id='word_1_132' title='bbox 864 1775 966 1862; x_wconf 87' lang='lat' dir='ltr'><strong><em>partis</em></strong></span> <span class='ocrx_word' id='word_1_133' title='bbox 993 1773 1156 1861; x_wconf 85' lang='lat' dir='ltr'><strong><em>terricole,</em></strong></span> <span class='ocrx_word' id='word_1_134' title='bbox 1183 1791 1254 1840; x_wconf 91' lang='lat' dir='ltr'><strong><em>me-</em></strong></span> 
     </span>
     <span class='ocr_line' id='line_1_18' title="bbox 112 1869 1254 1961; baseline 0.003 -25"><span class='ocrx_word' id='word_1_135' title='bbox 112 1875 250 1938; x_wconf 89' lang='lat' dir='ltr'><strong><em>tuentes</em></strong></span> <span class='ocrx_word' id='word_1_136' title='bbox 283 1869 420 1938; x_wconf 87' lang='lat' dir='ltr'><strong><em>Romani</em></strong></span> <span class='ocrx_word' id='word_1_137' title='bbox 453 1872 597 1938; x_wconf 92' lang='lat' dir='ltr'><strong><em>nominis</em></strong></span> <span class='ocrx_word' id='word_1_138' title='bbox 633 1872 879 1961; x_wconf 76' lang='lat' dir='ltr'><strong><em>extollentiam,</em></strong></span> <span class='ocrx_word' id='word_1_139' title='bbox 913 1878 946 1940; x_wconf 87' lang='lat' dir='ltr'><strong><em>et</em></strong></span> <span class='ocrx_word' id='word_1_140' title='bbox 968 1876 1062 1940; x_wconf 85' lang='lat' dir='ltr'><strong><em>tante</em></strong></span> <span class='ocrx_word' id='word_1_141' title='bbox 1090 1888 1190 1959; x_wconf 89' lang='lat' dir='ltr'><strong><em>super</em></strong></span> <span class='ocrx_word' id='word_1_142' title='bbox 1216 1889 1254 1940; x_wconf 88' lang='lat' dir='ltr'><strong><em>se</em></strong></span> 
     </span>
     <span class='ocr_line' id='line_1_19' title="bbox 112 1969 1254 2060; baseline 0.003 -25"><span class='ocrx_word' id='word_1_143' title='bbox 112 1970 270 2036; x_wconf 89' lang='lat' dir='ltr'><strong><em>irmentis</em></strong></span> <span class='ocrx_word' id='word_1_144' title='bbox 297 1969 513 2037; x_wconf 86' lang='lat' dir='ltr'><strong><em>multitudinis</em></strong></span> <span class='ocrx_word' id='word_1_145' title='bbox 539 1971 740 2060; x_wconf 85' lang='lat' dir='ltr'><strong><em>potentiam,</em></strong></span> <span class='ocrx_word' id='word_1_146' title='bbox 764 1972 837 2056; x_wconf 83' lang='lat' dir='ltr'><strong><em>regi</em></strong></span> <span class='ocrx_word' id='word_1_147' title='bbox 863 1989 900 2040; x_wconf 91' lang='lat' dir='ltr'><strong><em>se</em></strong></span> <span class='ocrx_word' id='word_1_148' title='bbox 927 1971 1112 2060; x_wconf 87' lang='lat' dir='ltr'><strong><em>subiciunt,</em></strong></span> <span class='ocrx_word' id='word_1_149' title='bbox 1140 1976 1173 2037; x_wconf 88' lang='lat' dir='ltr'><strong><em>ct</em></strong></span> <span class='ocrx_word' id='word_1_150' title='bbox 1198 1971 1254 2038; x_wconf 84' lang='lat' dir='ltr'><strong><em>‹ti-</em></strong></span> 
     </span>
     <span class='ocr_line' id='line_1_20' title="bbox 112 2065 1257 2154; baseline 0.001 -19"><span class='ocrx_word' id='word_1_151' title='bbox 112 2085 191 2136; x_wconf 91' lang='lat' dir='ltr'><strong><em>cere</em></strong></span> <span class='ocrx_word' id='word_1_152' title='bbox 218 2065 434 2136; x_wconf 88' lang='lat' dir='ltr'><strong><em>videbantur:</em></strong></span> <span class='ocrx_word' id='word_1_153' title='bbox 460 2068 561 2137; x_wconf 83' lang='lat' dir='ltr'><strong><em>Solos</em></strong></span> <span class='ocrx_word' id='word_1_154' title='bbox 585 2072 702 2135; x_wconf 83' lang='lat' dir='ltr'><strong><em>nostro</em></strong></span> <span class='ocrx_word' id='word_1_155' title='bbox 725 2071 760 2135; x_wconf 85' lang='lat' dir='ltr'><strong><em>ia</em></strong></span> <span class='ocrx_word' id='word_1_156' title='bbox 783 2087 883 2136; x_wconf 83' lang='lat' dir='ltr'><strong><em>muno</em></strong></span> <span class='ocrx_word' id='word_1_157' title='bbox 912 2074 969 2138; x_wconf 83' lang='lat' dir='ltr'><strong><em>tuo</em></strong></span> <span class='ocrx_word' id='word_1_158' title='bbox 995 2075 1068 2150; x_wconf 83' lang='lat' dir='ltr'><strong><em>est,·</em></strong></span> <span class='ocrx_word' id='word_1_159' title='bbox 1099 2070 1257 2154; x_wconf 81' lang='lat' dir='ltr'><strong><em>respiciet</em></strong></span> 
     </span>
     <span class='ocr_line' id='line_1_21' title="bbox 111 2167 1254 2256; baseline 0.003 -23"><span class='ocrx_word' id='word_1_160' title='bbox 111 2185 216 2252; x_wconf 81' lang='lat' dir='ltr'><strong><em>super</em></strong></span> <span class='ocrx_word' id='word_1_161' title='bbox 239 2183 300 2233; x_wconf 81' lang='lat' dir='ltr'><strong><em>ace</em></strong></span> <span class='ocrx_word' id='word_1_162' title='bbox 325 2168 474 2234; x_wconf 67' lang='lat' dir='ltr'><strong><em>denotem</em></strong></span> <span class='ocrx_word' id='word_1_163' title='bbox 498 2171 625 2250; x_wconf 82' lang='lat' dir='ltr'><strong><em>noster,</em></strong></span> <span class='ocrx_word' id='word_1_164' title='bbox 651 2172 685 2234; x_wconf 90' lang='lat' dir='ltr'><strong><em>et</em></strong></span> <span class='ocrx_word' id='word_1_165' title='bbox 708 2167 762 2235; x_wconf 81' lang='lat' dir='ltr'><strong><em>leti</em></strong></span> <span class='ocrx_word' id='word_1_166' title='bbox 787 2171 963 2236; x_wconf 70' lang='lat' dir='ltr'><strong><em>serviemus</em></strong></span> <span class='ocrx_word' id='word_1_167' title='bbox 987 2171 1067 2256; x_wconf 67' lang='lat' dir='ltr'><strong><em>reci.</em></strong></span> <span class='ocrx_word' id='word_1_168' title='bbox 1100 2168 1254 2236; x_wconf 91' lang='lat' dir='ltr'><strong><em>Nichilo-</em></strong></span> 
     </span>
     <span class='ocr_line' id='line_1_22' title="bbox 110 2265 1253 2339; baseline 0.005 -7"><span class='ocrx_word' id='word_1_169' title='bbox 110 2267 226 2333; x_wconf 92' lang='lat' dir='ltr'><strong><em>minus</em></strong></span> <span class='ocrx_word' id='word_1_170' title='bbox 251 2266 404 2334; x_wconf 90' lang='lat' dir='ltr'><strong><em>iniuriam</em></strong></span> <span class='ocrx_word' id='word_1_171' title='bbox 431 2266 495 2334; x_wconf 91' lang='lat' dir='ltr'><strong><em>sihi</em></strong></span> <span class='ocrx_word' id='word_1_172' title='bbox 522 2265 594 2333; x_wconf 89' lang='lat' dir='ltr'><strong><em>lieri</em></strong></span> <span class='ocrx_word' id='word_1_173' title='bbox 620 2266 760 2334; x_wconf 89' lang='lat' dir='ltr'><strong><em>occultis</em></strong></span> <span class='ocrx_word' id='word_1_174' title='bbox 787 2268 1032 2336; x_wconf 88' lang='lat' dir='ltr'><strong><em>sibilationihus</em></strong></span> <span class='ocrx_word' id='word_1_175' title='bbox 1053 2268 1253 2339; x_wconf 81' lang='lat' dir='ltr'><strong><em>mussitavit.</em></strong></span> 
     </span>
     <span class='ocr_line' id='line_1_23' title="bbox 108 2361 1253 2454; baseline 0.002 -23"><span class='ocrx_word' id='word_1_176' title='bbox 108 2361 184 2434; x_wconf 88' lang='lat' dir='ltr'><strong><em>Rex</em></strong></span> <span class='ocrx_word' id='word_1_177' title='bbox 213 2366 339 2433; x_wconf 89' lang='lat' dir='ltr'><strong><em>exactis</em></strong></span> <span class='ocrx_word' id='word_1_178' title='bbox 367 2367 440 2434; x_wconf 91' lang='lat' dir='ltr'><strong><em>sine</em></strong></span> <span class='ocrx_word' id='word_1_179' title='bbox 467 2365 642 2450; x_wconf 84' lang='lat' dir='ltr'><strong><em>sanguinis</em></strong></span> <span class='ocrx_word' id='word_1_180' title='bbox 665 2363 829 2432; x_wconf 91' lang='lat' dir='ltr'><strong><em>ellusione</em></strong></span> <span class='ocrx_word' id='word_1_181' title='bbox 848 2365 1002 2435; x_wconf 91' lang='lat' dir='ltr'><strong><em>omuibus</em></strong></span> <span class='ocrx_word' id='word_1_182' title='bbox 1028 2372 1162 2454; x_wconf 88' lang='lat' dir='ltr'><strong><em>propter</em></strong></span> <span class='ocrx_word' id='word_1_183' title='bbox 1189 2383 1253 2452; x_wconf 85' lang='lat' dir='ltr'><strong><em>qrrc</em></strong></span> 
     </span>
     <span class='ocr_line' id='line_1_24' title="bbox 109 2463 1254 2555; baseline 0 -25"><span class='ocrx_word' id='word_1_184' title='bbox 109 2469 270 2553; x_wconf 88' lang='lat' dir='ltr'><strong><em>venerat,</em></strong></span> <span class='ocrx_word' id='word_1_185' title='bbox 298 2463 430 2531; x_wconf 89' lang='lat' dir='ltr'><strong><em>cuidam</em></strong></span> <span class='ocrx_word' id='word_1_186' title='bbox 455 2463 559 2532; x_wconf 90' lang='lat' dir='ltr'><strong><em>nobili</em></strong></span> <span class='ocrx_word' id='word_1_187' title='bbox 586 2469 619 2532; x_wconf 88' lang='lat' dir='ltr'><strong><em>et</em></strong></span> <span class='ocrx_word' id='word_1_188' title='bbox 643 2465 772 2552; x_wconf 88' lang='lat' dir='ltr'><strong><em>potenti</em></strong></span> <span class='ocrx_word' id='word_1_189' title='bbox 798 2464 948 2555; x_wconf 88' lang='lat' dir='ltr'><strong><em>dapiloro</em></strong></span> <span class='ocrx_word' id='word_1_190' title='bbox 975 2465 1017 2533; x_wconf 88' lang='lat' dir='ltr'><strong><em>dc</em></strong></span> <span class='ocrx_word' id='word_1_191' title='bbox 1043 2463 1254 2532; x_wconf 88' lang='lat' dir='ltr'><strong><em>Rotanharch</em></strong></span> 
     </span>
     <span class='ocr_line' id='line_1_25' title="bbox 108 2561 1252 2652; baseline -0.002 -22"><span class='ocrx_word' id='word_1_192' title='bbox 108 2566 202 2630; x_wconf 90' lang='lat' dir='ltr'><strong><em>terre</em></strong></span> <span class='ocrx_word' id='word_1_193' title='bbox 229 2563 496 2650; x_wconf 78' lang='lat' dir='ltr'><strong><em>procurationem</em></strong></span> <span class='ocrx_word' id='word_1_194' title='bbox 524 2561 772 2652; x_wconf 88' lang='lat' dir='ltr'><strong><em>commendans,</em></strong></span> <span class='ocrx_word' id='word_1_195' title='bbox 799 2569 836 2630; x_wconf 92' lang='grc' dir='ltr'><strong><em>ιιι</em></strong></span> <span class='ocrx_word' id='word_1_196' title='bbox 861 2564 1019 2631; x_wconf 87' lang='lat' dir='ltr'><strong><em>iustitiam</em></strong></span> <span class='ocrx_word' id='word_1_197' title='bbox 1042 2569 1076 2630; x_wconf 91' lang='lat' dir='ltr'><strong><em>et</em></strong></span> <span class='ocrx_word' id='word_1_198' title='bbox 1098 2561 1252 2630; x_wconf 85' lang='lat' dir='ltr'><strong><em>iudicium</em></strong></span> 
     </span>
     <span class='ocr_line' id='line_1_26' title="bbox 108 2659 1254 2753; baseline -0.002 -23"><span class='ocrx_word' id='word_1_199' title='bbox 108 2661 269 2730; x_wconf 89' lang='lat' dir='ltr'><strong><em>omnibus</em></strong></span> <span class='ocrx_word' id='word_1_200' title='bbox 295 2659 429 2751; x_wconf 90' lang='lat' dir='ltr'><strong><em>iaceret,</em></strong></span> <span class='ocrx_word' id='word_1_201' title='bbox 455 2679 573 2750; x_wconf 88' lang='lat' dir='ltr'><strong><em>paoem</em></strong></span> <span class='ocrx_word' id='word_1_202' title='bbox 599 2660 728 2729; x_wconf 88' lang='lat' dir='ltr'><strong><em>loveret</em></strong></span> <span class='ocrx_word' id='word_1_203' title='bbox 748 2667 781 2729; x_wconf 88' lang='lat' dir='ltr'><strong><em>ct</em></strong></span> <span class='ocrx_word' id='word_1_204' title='bbox 799 2660 963 2753; x_wconf 82' lang='lat' dir='ltr'><strong><em>diligeret,</em></strong></span> <span class='ocrx_word' id='word_1_205' title='bbox 990 2661 1191 2750; x_wconf 88' lang='lat' dir='ltr'><strong><em>hortabatur,</em></strong></span> <span class='ocrx_word' id='word_1_206' title='bbox 1220 2667 1254 2728; x_wconf 88' lang='lat' dir='ltr'><strong><em>et</em></strong></span> 
     </span>
     <span class='ocr_line' id='line_1_27' title="bbox 108 2758 1254 2850; baseline -0.003 -21"><span class='ocrx_word' id='word_1_207' title='bbox 108 2762 234 2830; x_wconf 91' lang='lat' dir='ltr'><strong><em>exiens</em></strong></span> <span class='ocrx_word' id='word_1_208' title='bbox 262 2758 304 2828; x_wconf 88' lang='lat' dir='ltr'><strong><em>de</em></strong></span> <span class='ocrx_word' id='word_1_209' title='bbox 330 2765 416 2828; x_wconf 89' lang='lat' dir='ltr'><strong><em>terra</em></strong></span> <span class='ocrx_word' id='word_1_210' title='bbox 440 2778 502 2849; x_wconf 92' lang='lat' dir='ltr'><strong><em>pro</em></strong></span> <span class='ocrx_word' id='word_1_211' title='bbox 529 2765 625 2850; x_wconf 87' lang='lat' dir='ltr'><strong><em>tunc,</em></strong></span> <span class='ocrx_word' id='word_1_212' title='bbox 651 2766 689 2828; x_wconf 93' lang='grc' dir='ltr'><strong><em>ιιι</em></strong></span> <span class='ocrx_word' id='word_1_213' title='bbox 717 2777 789 2828; x_wconf 90' lang='lat' dir='ltr'><strong><em>eam</em></strong></span> <span class='ocrx_word' id='word_1_214' title='bbox 816 2762 934 2829; x_wconf 90' lang='lat' dir='ltr'><strong><em>melius</em></strong></span> <span class='ocrx_word' id='word_1_215' title='bbox 961 2763 1166 2850; x_wconf 86' lang='lat' dir='ltr'><strong><em>inposterum</em></strong></span> <span class='ocrx_word' id='word_1_216' title='bbox 1193 2777 1254 2828; x_wconf 92' lang='lat' dir='ltr'><strong><em>or-</em></strong></span> 
     </span>
     <span class='ocr_line' id='line_1_28' title="bbox 106 2858 1252 2949; baseline -0.003 -21"><span class='ocrx_word' id='word_1_217' title='bbox 106 2859 247 2928; x_wconf 86' lang='lat' dir='ltr'><strong><em>dinaret</em></strong></span> <span class='ocrx_word' id='word_1_218' title='bbox 262 2876 323 2928; x_wconf 89' lang='lat' dir='ltr'><strong><em>suc</em></strong></span> <span class='ocrx_word' id='word_1_219' title='bbox 343 2865 492 2947; x_wconf 85' lang='lat' dir='ltr'><strong><em>tempore</em></strong></span> <span class='ocrx_word' id='word_1_220' title='bbox 508 2859 683 2928; x_wconf 88' lang='lat' dir='ltr'><strong><em>reditums.</em></strong></span> <span class='ocrx_word' id='word_1_221' title='bbox 716 2858 852 2949; x_wconf 85' lang='lat' dir='ltr'><strong><em>Dapiler</em></strong></span> <span class='ocrx_word' id='word_1_222' title='bbox 875 2868 985 2928; x_wconf 90' lang='lat' dir='ltr'><strong><em>autem</em></strong></span> <span class='ocrx_word' id='word_1_223' title='bbox 1003 2877 1143 2946; x_wconf 81' lang='lat' dir='ltr'><strong><em>egresso</em></strong></span> <span class='ocrx_word' id='word_1_224' title='bbox 1161 2875 1252 2949; x_wconf 77' lang='lat' dir='ltr'><strong><em>rege,</em></strong></span> 
     </span>
     <span class='ocr_line' id='line_1_29' title="bbox 105 2956 1252 3050; baseline -0.001 -24"><span class='ocrx_word' id='word_1_225' title='bbox 105 2960 287 3027; x_wconf 91' lang='lat' dir='ltr'><strong><em>immemor</em></strong></span> <span class='ocrx_word' id='word_1_226' title='bbox 316 2963 488 3047; x_wconf 83' lang='lat' dir='ltr'><strong><em>pactorum</em></strong></span> <span class='ocrx_word' id='word_1_227' title='bbox 521 2964 555 3026; x_wconf 89' lang='lat' dir='ltr'><strong><em>ct</em></strong></span> <span class='ocrx_word' id='word_1_228' title='bbox 588 2957 665 3026; x_wconf 88' lang='lat' dir='ltr'><strong><em>date</em></strong></span> <span class='ocrx_word' id='word_1_229' title='bbox 700 2956 795 3050; x_wconf 89' lang='lat' dir='ltr'><strong><em>fidei,</em></strong></span> <span class='ocrx_word' id='word_1_230' title='bbox 823 2960 1045 3029; x_wconf 80' lang='lat' dir='ltr'><strong><em>marchionem</em></strong></span> <span class='ocrx_word' id='word_1_231' title='bbox 1071 2960 1105 3026; x_wconf 93' lang='lat' dir='ltr'><strong><em>in</em></strong></span> <span class='ocrx_word' id='word_1_232' title='bbox 1132 2963 1252 3026; x_wconf 90' lang='lat' dir='ltr'><strong><em>statum</em></strong></span> 
     </span>
     <span class='ocr_line' id='line_1_30' title="bbox 103 3056 1252 3146; baseline 0 -21"><span class='ocrx_word' id='word_1_233' title='bbox 103 3059 288 3146; x_wconf 89' lang='lat' dir='ltr'><strong><em>pristinum</em></strong></span> <span class='ocrx_word' id='word_1_234' title='bbox 320 3056 497 3146; x_wconf 88' lang='lat' dir='ltr'><strong><em>relevavit,</em></strong></span> <span class='ocrx_word' id='word_1_235' title='bbox 530 3058 706 3125; x_wconf 88' lang='lat' dir='ltr'><strong><em>insistente</em></strong></span> <span class='ocrx_word' id='word_1_236' title='bbox 733 3062 768 3125; x_wconf 91' lang='lat' dir='ltr'><strong><em>et</em></strong></span> <span class='ocrx_word' id='word_1_237' title='bbox 799 3065 999 3146; x_wconf 87' lang='lat' dir='ltr'><strong><em>procurante</em></strong></span> <span class='ocrx_word' id='word_1_238' title='bbox 1032 3058 1252 3126; x_wconf 86' lang='lat' dir='ltr'><strong><em>Dietzmanno</em></strong></span> 
     </span>
     <span class='ocr_line' id='line_1_31' title="bbox 101 3154 1253 3244; baseline -0.001 -20"><span class='ocrx_word' id='word_1_239' title='bbox 101 3156 302 3244; x_wconf 84' lang='lat' dir='ltr'><strong><em>lantgravio</em></strong></span> <span class='ocrx_word' id='word_1_240' title='bbox 317 3154 608 3242; x_wconf 84' lang='lat' dir='ltr'><strong><em>Thuringielratre</em></strong></span> <span class='ocrx_word' id='word_1_241' title='bbox 628 3172 702 3243; x_wconf 89' lang='lat' dir='ltr'><strong><em>suc,</em></strong></span> <span class='ocrx_word' id='word_1_242' title='bbox 730 3162 763 3224; x_wconf 88' lang='lat' dir='ltr'><strong><em>ct</em></strong></span> <span class='ocrx_word' id='word_1_243' title='bbox 790 3157 999 3224; x_wconf 85' lang='lat' dir='ltr'><strong><em>conciliatum</em></strong></span> <span class='ocrx_word' id='word_1_244' title='bbox 1028 3173 1102 3223; x_wconf 90' lang='lat' dir='ltr'><strong><em>oum</em></strong></span> <span class='ocrx_word' id='word_1_245' title='bbox 1127 3154 1253 3223; x_wconf 61' lang='lat' dir='ltr'><strong><em>adverm</em></strong></span> 
     </span>
     <span class='ocr_line' id='line_1_32' title="bbox 103 3253 1253 3325; baseline -0.003 0"><span class='ocrx_word' id='word_1_246' title='bbox 103 3259 212 3325; x_wconf 87' lang='lat' dir='ltr'><strong><em>soriis</em></strong></span> <span class='ocrx_word' id='word_1_247' title='bbox 241 3253 283 3322; x_wconf 90' lang='lat' dir='ltr'><strong><em>ad</em></strong></span> <span class='ocrx_word' id='word_1_248' title='bbox 310 3253 490 3322; x_wconf 92' lang='lat' dir='ltr'><strong><em>dominium</em></strong></span> <span class='ocrx_word' id='word_1_249' title='bbox 515 3256 723 3323; x_wconf 88' lang='lat' dir='ltr'><strong><em>instauravit.</em></strong></span> <span class='ocrx_word' id='word_1_250' title='bbox 755 3253 827 3322; x_wconf 86' lang='lat' dir='ltr'><strong><em>Rex</em></strong></span> <span class='ocrx_word' id='word_1_251' title='bbox 848 3255 913 3323; x_wconf 89' lang='lat' dir='ltr'><strong><em>hoc</em></strong></span> <span class='ocrx_word' id='word_1_252' title='bbox 938 3254 1079 3323; x_wconf 84' lang='lat' dir='ltr'><strong><em>audiens</em></strong></span> <span class='ocrx_word' id='word_1_253' title='bbox 1106 3255 1253 3322; x_wconf 88' lang='lat' dir='ltr'><strong><em>miraba-</em></strong></span> 
     </span>
     <span class='ocr_line' id='line_1_33' title="bbox 103 3351 1253 3446; baseline -0.003 -22"><span class='ocrx_word' id='word_1_254' title='bbox 103 3361 172 3446; x_wconf 87' lang='lat' dir='ltr'><strong><em>tur,</em></strong></span> <span class='ocrx_word' id='word_1_255' title='bbox 204 3357 240 3422; x_wconf 87' lang='lat' dir='ltr'><strong><em>et</em></strong></span> <span class='ocrx_word' id='word_1_256' title='bbox 264 3353 472 3421; x_wconf 89' lang='lat' dir='ltr'><strong><em>narrantibus</em></strong></span> <span class='ocrx_word' id='word_1_257' title='bbox 499 3355 555 3421; x_wconf 89' lang='lat' dir='ltr'><strong><em>vix</em></strong></span> <span class='ocrx_word' id='word_1_258' title='bbox 574 3351 750 3439; x_wconf 72' lang='lat' dir='ltr'><strong><em>credebat,</em></strong></span> <span class='ocrx_word' id='word_1_259' title='bbox 777 3361 994 3422; x_wconf 88' lang='lat' dir='ltr'><strong><em>veruntamen</em></strong></span> <span class='ocrx_word' id='word_1_260' title='bbox 1011 3354 1145 3422; x_wconf 91' lang='lat' dir='ltr'><strong><em>militem</em></strong></span> <span class='ocrx_word' id='word_1_261' title='bbox 1161 3355 1253 3441; x_wconf 90' lang='lat' dir='ltr'><strong><em>prius</em></strong></span> 
     </span>
     <span class='ocr_line' id='line_1_34' title="bbox 102 3451 1254 3543; baseline -0.003 -21"><span class='ocrx_word' id='word_1_262' title='bbox 102 3451 352 3543; x_wconf 88' lang='lat' dir='ltr'><strong><em>stipendiatum</em></strong></span> <span class='ocrx_word' id='word_1_263' title='bbox 387 3451 577 3543; x_wconf 86' lang='lat' dir='ltr'><strong><em>aduntinat,</em></strong></span> <span class='ocrx_word' id='word_1_264' title='bbox 605 3452 648 3520; x_wconf 89' lang='lat' dir='ltr'><strong><em>ad</em></strong></span> <span class='ocrx_word' id='word_1_265' title='bbox 673 3452 897 3521; x_wconf 88' lang='lat' dir='ltr'><strong><em>ulciscendam</em></strong></span> <span class='ocrx_word' id='word_1_266' title='bbox 923 3453 1073 3521; x_wconf 89' lang='lat' dir='ltr'><strong><em>iniuriam</em></strong></span> <span class='ocrx_word' id='word_1_267' title='bbox 1100 3458 1133 3521; x_wconf 93' lang='lat' dir='ltr'><strong><em>et</em></strong></span> <span class='ocrx_word' id='word_1_268' title='bbox 1159 3451 1254 3519; x_wconf 88' lang='lat' dir='ltr'><strong><em>irau-</em></strong></span> 
     </span>
     <span class='ocr_line' id='line_1_35' title="bbox 100 3550 1253 3622; baseline -0.004 0"><span class='ocrx_word' id='word_1_269' title='bbox 100 3553 296 3622; x_wconf 85' lang='lat' dir='ltr'><strong><em>dulentiam</em></strong></span> <span class='ocrx_word' id='word_1_270' title='bbox 321 3550 520 3620; x_wconf 89' lang='lat' dir='ltr'><strong><em>secundario</em></strong></span> <span class='ocrx_word' id='word_1_271' title='bbox 547 3556 666 3619; x_wconf 89' lang='lat' dir='ltr'><strong><em>terram</em></strong></span> <span class='ocrx_word' id='word_1_272' title='bbox 692 3551 801 3620; x_wconf 90' lang='lat' dir='ltr'><strong><em>intrat.</em></strong></span> <span class='ocrx_word' id='word_1_273' title='bbox 831 3551 981 3621; x_wconf 88' lang='lat' dir='ltr'><strong><em>Marohio</em></strong></span> <span class='ocrx_word' id='word_1_274' title='bbox 1008 3553 1073 3621; x_wconf 92' lang='lat' dir='ltr'><strong><em>iam</em></strong></span> <span class='ocrx_word' id='word_1_275' title='bbox 1096 3569 1171 3620; x_wconf 91' lang='lat' dir='ltr'><strong><em>oum</em></strong></span> <span class='ocrx_word' id='word_1_276' title='bbox 1196 3552 1253 3618; x_wconf 89' lang='lat' dir='ltr'><strong><em>irr-</em></strong></span> 
     </span>
    </p>
   </div>
   <div class='ocr_carea' id='block_1_3' title="bbox 95 3676 1256 4225">
    <p class='ocr_par' dir='ltr' id='par_1_6' title="bbox 99 3676 1254 3744">
     <span class='ocr_line' id='line_1_36' title="bbox 99 3676 1254 3744; baseline -0.006 -9"><span class='ocrx_word' id='word_1_277' title='bbox 99 3681 155 3744; x_wconf 82' lang='lat' dir='ltr'><strong><em>Qui</em></strong></span> <span class='ocrx_word' id='word_1_278' title='bbox 183 3677 316 3733; x_wconf 83' lang='lat' dir='ltr'><strong><em>transtulit</em></strong></span> <span class='ocrx_word' id='word_1_279' title='bbox 339 3691 369 3731; x_wconf 89' lang='lat' dir='ltr'><strong><em>se</em></strong></span> <span class='ocrx_word' id='word_1_280' title='bbox 396 3677 429 3730; x_wconf 86' lang='lat' dir='ltr'><strong><em>ad</em></strong></span> <span class='ocrx_word' id='word_1_281' title='bbox 452 3691 541 3744; x_wconf 83' lang='lat' dir='ltr'><strong><em>regem</em></strong></span> <span class='ocrx_word' id='word_1_282' title='bbox 563 3677 754 3743; x_wconf 86' lang='lat' dir='ltr'><strong><em>Romanomm,</em></strong></span> <span class='ocrx_word' id='word_1_283' title='bbox 779 3683 805 3731; x_wconf 88' lang='lat' dir='ltr'><strong><em>et</em></strong></span> <span class='ocrx_word' id='word_1_284' title='bbox 830 3676 917 3731; x_wconf 87' lang='lat' dir='ltr'><strong><em>verhis</em></strong></span> <span class='ocrx_word' id='word_1_285' title='bbox 935 3693 966 3732; x_wconf 88' lang='lat' dir='ltr'><strong><em>ae</em></strong></span> <span class='ocrx_word' id='word_1_286' title='bbox 984 3678 1101 3732; x_wconf 88' lang='lat' dir='ltr'><strong><em>cansilris</em></strong></span> <span class='ocrx_word' id='word_1_287' title='bbox 1119 3678 1173 3731; x_wconf 86' lang='lat' dir='ltr'><strong><em>suis</em></strong></span> <span class='ocrx_word' id='word_1_288' title='bbox 1192 3689 1254 3744; x_wconf 82' lang='lat' dir='ltr'><strong><em>erga</em></strong></span> 
     </span>
    </p>

    <p class='ocr_par' dir='ltr' id='par_1_7' title="bbox 99 3745 1253 3824">
     <span class='ocr_line' id='line_1_37' title="bbox 99 3745 1253 3824; baseline -0.005 -20"><span class='ocrx_word' id='word_1_289' title='bbox 99 3762 204 3817; x_wconf 86' lang='lat' dir='ltr'><strong><em>regem</em></strong></span> <span class='ocrx_word' id='word_1_290' title='bbox 222 3747 363 3824; x_wconf 79' lang='lat' dir='ltr'><strong><em>predictum</em></strong></span> <span class='ocrx_word' id='word_1_291' title='bbox 381 3745 460 3799; x_wconf 89' lang='lat' dir='ltr'><strong><em>multa</em></strong></span> <span class='ocrx_word' id='word_1_292' title='bbox 478 3746 543 3800; x_wconf 86' lang='lat' dir='ltr'><strong><em>mala</em></strong></span> <span class='ocrx_word' id='word_1_293' title='bbox 561 3747 712 3815; x_wconf 87' lang='lat' dir='ltr'><strong><em>procuravit</em></strong></span> <span class='ocrx_word' id='word_1_294' title='bbox 729 3745 785 3798; x_wconf 85' lang='lat' dir='ltr'><strong><em>duci</em></strong></span> <span class='ocrx_word' id='word_1_295' title='bbox 804 3745 913 3814; x_wconf 84' lang='lat' dir='ltr'><strong><em>prefato.</em></strong></span> <span class='ocrx_word' id='word_1_296' title='bbox 948 3745 1048 3800; x_wconf 86' lang='lat' dir='ltr'><strong><em>Eodem</em></strong></span> <span class='ocrx_word' id='word_1_297' title='bbox 1058 3760 1129 3799; x_wconf 91' lang='lat' dir='ltr'><strong><em>anno</em></strong></span> <span class='ocrx_word' id='word_1_298' title='bbox 1145 3751 1171 3799; x_wconf 89' lang='lat' dir='ltr'><strong><em>et</em></strong></span> <span class='ocrx_word' id='word_1_299' title='bbox 1184 3751 1253 3798; x_wconf 77' lang='lat' dir='ltr'><strong><em>tem-</em></strong></span> 
     </span>
    </p>

    <p class='ocr_par' dir='ltr' id='par_1_8' title="bbox 98 3812 1254 3935">
     <span class='ocr_line' id='line_1_38' title="bbox 98 3812 1254 3935; baseline -0.006 -64"><span class='ocrx_word' id='word_1_300' title='bbox 98 3831 173 3890; x_wconf 78' lang='lat' dir='ltr'><strong><em>pore</em></strong></span> <span class='ocrx_word' id='word_1_301' title='bbox 201 3815 351 3896; x_wconf 76' lang='lat' dir='ltr'><strong><em>supradicto</em></strong></span> <span class='ocrx_word' id='word_1_302' title='bbox 377 3816 445 3868; x_wconf 83' lang='lat' dir='ltr'><strong><em>circa</em></strong></span> <span class='ocrx_word' id='word_1_303' title='bbox 467 3812 736 3935; x_wconf 48' lang='lat' dir='ltr'><strong><em>{olshtimbverbum</em></strong></span> <span class='ocrx_word' id='word_1_304' title='bbox 761 3827 852 3896; x_wconf 83' lang='lat' dir='ltr'><strong><em>verum</em></strong></span> <span class='ocrx_word' id='word_1_305' title='bbox 873 3814 942 3869; x_wconf 86' lang='lat' dir='ltr'><strong><em>beati</em></strong></span> <span class='ocrx_word' id='word_1_306' title='bbox 968 3814 1105 3908; x_wconf 51' lang='lat' dir='ltr'><strong><em>hugu‘stiui</em></strong></span> <span class='ocrx_word' id='word_1_307' title='bbox 1123 3814 1254 3934; x_wconf 71' lang='lat' dir='ltr'><strong><em>impleFtum</em></strong></span> 
     </span>
    </p>

    <p class='ocr_par' dir='ltr' id='par_1_9' title="bbox 95 3882 1254 4030">
     <span class='ocr_line' id='line_1_39' title="bbox 95 3882 1254 4030; baseline -0.008 -20"><span class='ocrx_word' id='word_1_308' title='bbox 95 3890 177 4010; x_wconf 72' lang='lat' dir='ltr'><strong><em>th</em></strong></span> <span class='ocrx_word' id='word_1_309' title='bbox 193 3882 1190 4030; x_wconf 56' lang='lat' dir='ltr'><strong><em>⁶lllll⁵olhl⁰⁵hl⁰rlimiltrrlthtl&#39;hlielhhd‘llna</em></strong></span> <span class='ocrx_word' id='word_1_310' title='bbox 1206 3893 1254 4002; x_wconf 66' lang='lat' dir='ltr'><strong><em>il?</em></strong></span> 
     </span>
    </p>

    <p class='ocr_par' dir='ltr' id='par_1_10' title="bbox 95 4018 1256 4088">
     <span class='ocr_line' id='line_1_40' title="bbox 95 4018 1256 4088; baseline -0.006 -11"><span class='ocrx_word' id='word_1_311' title='bbox 95 4024 177 4077; x_wconf 88' lang='lat' dir='ltr'><strong><em>mitis</em></strong></span> <span class='ocrx_word' id='word_1_312' title='bbox 199 4019 302 4085; x_wconf 79' lang='lat' dir='ltr'><strong><em>luam,</em></strong></span> <span class='ocrx_word' id='word_1_313' title='bbox 325 4018 403 4072; x_wconf 92' lang='lat' dir='ltr'><strong><em>homo</em></strong></span> <span class='ocrx_word' id='word_1_314' title='bbox 421 4020 513 4083; x_wconf 88' lang='lat' dir='ltr'><strong><em>malus,</em></strong></span> <span class='ocrx_word' id='word_1_315' title='bbox 530 4018 612 4088; x_wconf 87' lang='lat' dir='ltr'><strong><em>predo</em></strong></span> <span class='ocrx_word' id='word_1_316' title='bbox 630 4021 774 4088; x_wconf 85' lang='lat' dir='ltr'><strong><em>pessimus,</em></strong></span> <span class='ocrx_word' id='word_1_317' title='bbox 793 4021 861 4073; x_wconf 88' lang='lat' dir='ltr'><strong><em>sicot</em></strong></span> <span class='ocrx_word' id='word_1_318' title='bbox 878 4019 964 4073; x_wconf 88' lang='lat' dir='ltr'><strong><em>multis</em></strong></span> <span class='ocrx_word' id='word_1_319' title='bbox 982 4031 1060 4073; x_wconf 88' lang='lat' dir='ltr'><strong><em>annrs</em></strong></span> <span class='ocrx_word' id='word_1_320' title='bbox 1078 4022 1164 4071; x_wconf 87' lang='lat' dir='ltr'><strong><em>exlrht</em></strong></span> <span class='ocrx_word' id='word_1_321' title='bbox 1199 4022 1256 4071; x_wconf 86' lang='lat' dir='ltr'><strong><em>ater</em></strong></span> 
     </span>
    </p>

    <p class='ocr_par' dir='ltr' id='par_1_11' title="bbox 98 4033 1254 4225">
     <span class='ocr_line' id='line_1_41' title="bbox 98 4033 1254 4156; baseline -0.006 -11"><span class='ocrx_word' id='word_1_322' title='bbox 98 4094 173 4156; x_wconf 75' lang='lat' dir='ltr'><strong><em>ciue,</em></strong></span> <span class='ocrx_word' id='word_1_323' title='bbox 198 4087 287 4140; x_wconf 85' lang='lat' dir='ltr'><strong><em>divina</em></strong></span> <span class='ocrx_word' id='word_1_324' title='bbox 306 4088 404 4140; x_wconf 84' lang='lat' dir='ltr'><strong><em>ultione</em></strong></span> <span class='ocrx_word' id='word_1_325' title='bbox 421 4088 474 4140; x_wconf 88' lang='lat' dir='ltr'><strong><em>ictu</em></strong></span> <span class='ocrx_word' id='word_1_326' title='bbox 488 4087 723 4141; x_wconf 87' lang='lat' dir='ltr'><strong><em>lulminismcrtuus</em></strong></span> <span class='ocrx_word' id='word_1_327' title='bbox 737 4093 785 4156; x_wconf 89' lang='lat' dir='ltr'><strong><em>est,</em></strong></span> <span class='ocrx_word' id='word_1_328' title='bbox 804 4093 829 4142; x_wconf 85' lang='lat' dir='ltr'><strong><em>ot</em></strong></span> <span class='ocrx_word' id='word_1_329' title='bbox 840 4089 877 4142; x_wconf 90' lang='lat' dir='ltr'><strong><em>sic</em></strong></span> <span class='ocrx_word' id='word_1_330' title='bbox 888 4088 991 4142; x_wconf 80' lang='lat' dir='ltr'><strong><em>hostria</em></strong></span> <span class='ocrx_word' id='word_1_331' title='bbox 1000 4086 1109 4141; x_wconf 86' lang='lat' dir='ltr'><strong><em>liberata</em></strong></span> <span class='ocrx_word' id='word_1_332' title='bbox 1118 4091 1159 4142; x_wconf 88' lang='lat' dir='ltr'><strong><em>ost</em></strong></span> <span class='ocrx_word' id='word_1_333' title='bbox 1170 4033 1201 4140; x_wconf 44' lang='lat' dir='ltr'><strong><em>air</em></strong></span> <span class='ocrx_word' id='word_1_334' title='bbox 1213 4097 1254 4139; x_wconf 88' lang='lat' dir='ltr'><strong><em>eo.</em></strong></span> 
     </span>
     <span class='ocr_line' id='line_1_42' title="bbox 137 4153 835 4225; baseline -0.006 -12"><span class='ocrx_word' id='word_1_335' title='bbox 137 4160 174 4225; x_wconf 84' lang='lat' dir='ltr'><strong><em>l)</em></strong></span> <span class='ocrx_word' id='word_1_336' title='bbox 199 4169 230 4209; x_wconf 89' lang='lat' dir='ltr'><strong><em>so</em></strong></span> <span class='ocrx_word' id='word_1_337' title='bbox 248 4153 316 4209; x_wconf 88' lang='lat' dir='ltr'><strong><em>heim</em></strong></span> <span class='ocrx_word' id='word_1_338' title='bbox 333 4155 421 4223; x_wconf 86' lang='lat' dir='ltr'><strong><em>Lech,</em></strong></span> <span class='ocrx_word' id='word_1_339' title='bbox 439 4169 503 4209; x_wconf 84' lang='lat' dir='ltr'><strong><em>avus</em></strong></span> <span class='ocrx_word' id='word_1_340' title='bbox 521 4155 588 4210; x_wconf 87' lang='lat' dir='ltr'><strong><em>steht</em></strong></span> <span class='ocrx_word' id='word_1_341' title='bbox 604 4157 668 4223; x_wconf 81' lang='lat' dir='ltr'><strong><em>irrig</em></strong></span> <span class='ocrx_word' id='word_1_342' title='bbox 685 4157 711 4208; x_wconf 90' lang='lat' dir='ltr'><strong><em>in</em></strong></span> <span class='ocrx_word' id='word_1_343' title='bbox 732 4157 779 4210; x_wconf 86' lang='lat' dir='ltr'><strong><em>der</em></strong></span> <span class='ocrx_word' id='word_1_344' title='bbox 797 4155 835 4209; x_wconf 86' lang='lat' dir='ltr'><strong><em>hs.</em></strong></span> 
     </span>
    </p>
   </div>
   <div class='ocr_carea' id='block_1_4' title="bbox 0 0 1526 4882">
    <p class='ocr_par' dir='ltr' id='par_1_12' title="bbox 0 0 1526 4882">
     <span class='ocr_line' id='line_1_43' title="bbox 0 0 1526 4882; baseline 0 8"><span class='ocrx_word' id='word_1_345' title='bbox 0 0 1526 4882; x_wconf 95' lang='lat' dir='ltr'><strong><em> </em></strong></span> 
     </span>
    </p>
   </div>
  </div>
 </body>
</html>
