3028 4878
440 244 587 290 rounnuus
608 245 819 293 vroronrsusls.
856 247 879 311 5,
899 244 938 300 lc.
1173 221 1245 288 als

106 397 221 450 sunus
235 397 403 450 samonum
417 383 469 450 dei
487 385 535 450 ad
556 389 746 469 perpetuom
772 387 820 452 rei
845 387 1045 454 memoriam.
1078 386 1127 454 Ne
1147 405 1247 474 super
1261 398 1330 452 loon

106 477 179 566 iiis,
205 497 267 566 aaa
284 482 324 548 da
341 481 513 549 animabus
522 485 677 568 purgatis
692 523 742 532 -—-
757 485 1016 553 determinationi
1041 487 1178 554 caelone
1203 505 1246 555 aa

106 595 335 648 suceessorum
366 583 553 648 masuerum
576 582 794 666 relinquimus.
831 585 954 652 liatum
978 584 1117 668 Anione,
1144 589 1246 654 tercio

106 696 182 746 aon.
214 678 407 761 decembris,
436 679 648 764 pontificatus
680 683 783 748 nostri
816 700 903 750 anno
935 685 998 749 aie
1007 676 1027 750 ¹.
1061 683 1099 750 ln
1127 684 1245 753 ecdem
1263 715 1321 754 nae.

106 777 254 846 aduentu
282 777 406 846 domini
433 777 634 846 moriebatur
659 780 731 868 ipse
757 799 845 869 papa
870 781 1049 872 lohannes,
1078 788 1110 850 et
1136 787 1246 852 statim
1288 772 1306 822 I

106 878 143 945 in
160 876 275 964 vigilia
291 876 380 944 beati
403 876 529 944 Thcme
547 877 692 966 apostoli
712 879 898 964 eligebatur
913 880 1116 949 Benedictus
1136 876 1245 971 pnpa².
1280 896 1314 952 20

182 974 384 1043 Ludewicus
402 975 574 1064 adportes
592 974 676 1045 Reni
688 987 854 1068 properat,
872 979 1039 1067 quomodo
1059 983 1136 1048 novi
1153 999 1326 1070 pon-1335

107 1073 206 1143 tiliois
224 1075 363 1160 gratiam
380 1077 495 1142 venari
514 1076 633 1164 possit,
655 1095 672 1143 a
692 1077 904 1163 magnatibus
924 1080 1124 1147 sciscitatur.
1151 1079 1245 1149 Con-

107 1173 184 1241 silio
210 1174 323 1260 itaque
350 1173 508 1241 concordi
534 1175 669 1242 mittitur
693 1177 744 1242 vir
769 1176 915 1263 prudens
943 1176 985 1244 de
1011 1176 1186 1266 llechperg
1212 1185 1247 1248 et

107 1271 236 1341 ordinis
272 1270 510 1341 cruciferorum
545 1272 587 1340 de
614 1270 821 1361 Nellenburg
845 1276 1059 1364 provincialis
1086 1294 1159 1345 curn
1185 1279 1247 1346 Ul-

104 1373 175 1439 rico
211 1370 253 1438 de
287 1367 441 1457 Augusta
477 1373 597 1439 eximio
623 1371 825 1463 deeredsu,
853 1377 908 1460 qui
935 1376 1032 1441 etium
1059 1377 1144 1443 Inter
1170 1394 1245 1444 eum

105 1477 141 1537 et
167 1487 281 1556 regem
308 1469 445 1536 Francie
471 1488 614 1537 unacum
647 1468 784 1540 Alberto
811 1473 853 1540 de
880 1472 1103 1563 fledanburg,
1130 1474 1246 1544 Lude·

106 1569 186 1636 wioi
222 1568 440 1656 cancellario,
474 1568 653 1638 concordie
686 1572 856 1638 materiam
893 1571 1080 1658 conseruit3
1116 1572 1177 1640 sed
1205 1592 1246 1642 ea

104 1673 205 1735 veste
240 1684 306 1755 qua
338 1666 629 1758 ingrediebantur,
663 1686 772 1755 usque
802 1668 903 1737 hodie
928 1669 1143 1738 inefficaciter
1169 1676 1248 1740 sunt

106 1767 251 1853 egressi.
289 1763 358 1832 Rex
384 1765 552 1834 lohannes
579 1766 800 1835 Bohcmcrum
825 1785 972 1857 pergens
998 1769 1162 1860 Pausias,
1189 1771 1246 1839 ubi

103 1866 223 1933 Franci
249 1861 351 1951 Angli
377 1865 533 1932 Britoues
552 1865 729 1934 Vascones
751 1866 949 1935 Theutonici
976 1872 1009 1935 et
1036 1866 1077 1936 de
1102 1867 1246 1938 diversis

102 1964 256 2053 partibus
283 1963 401 2031 milites
427 1963 539 2031 ludum
565 1965 741 2033 Instituunt
767 1973 988 2045 munsterum,
1020 1968 1179 2034 acerrime
1207 1985 1247 2035 sc

103 2065 251 2132 invicem
278 2061 531 2151 contendentes,
557 2064 669 2150 plagis
690 2064 847 2150 gravibus
865 2066 1020 2153 receptis,
1047 2065 1159 2152 plures
1182 2083 1246 2135 so-

102 2163 230 2231 luminu
262 2160 463 2230 medicorum
490 2163 700 2254 quesierunt,
727 2164 772 2230 ita
796 2169 834 2230 ut
858 2162 958 2231 ludus
983 2180 1072 2253 pene
1098 2164 1140 2232 ad
1166 2164 1245 2253 ple·-

103 2281 184 2330 num
212 2266 320 2328 actum
347 2259 500 2328 bellicum
526 2259 625 2329 luerit
649 2267 870 2352 provocatuS,
897 2263 989 2330 quta
1016 2258 1162 2330 Oretium
1190 2265 1246 2351 qui

105 2359 205 2430 dion:

204 2457 345 2550 „Ludus
364 2461 449 2527 cuim
476 2459 594 2544 genuit
615 2457 788 2526 tremulum
812 2462 981 2525 certamen
1002 2457 1145 2549 etitem,

232 2557 286 2627 lra
311 2564 424 2627 truces
449 2558 638 2626 inimicitias
665 2564 699 2626 et
724 2557 864 2626 iunebre
890 2552 1049 2625 bellum.“

449 2929 583 2992 INCIPIT
607 2929 717 2992 LIBER
738 2928 894 2992 SEXTUS.

102 3081 158 3150 De
183 3085 288 3151 morte
312 3079 457 3151 Heinriti
489 3084 582 3151 doeio
606 3081 791 3166 nanctae,
816 3085 849 3150 et
878 3081 968 3166 quod
991 3079 1091 3147 daces
1116 3078 1268 3144 nmine

207 3185 331 3248 terram
356 3181 569 3249 obtinuerant.
1117 3178 1198 3262 Cap.
1223 3177 1244 3251 i,

181 3294 281 3365 Anno
305 3296 427 3366 domini
454 3312 678 3366 mascarum.
699 3294 877 3361 Heinricus
900 3293 969 3362 dux
989 3291 1157 3360 llarinthie
1177 3291 1243 3360 dc·
1262 3339 1322 3378 „g

102 3397 229 3464 mimica
264 3414 330 3482 qua
366 3398 493 3463 canitur
524 3393 661 3485 „ludIca
687 3411 738 3460 me
767 3390 875 3460 deus“
900 3393 935 3459 in
963 3399 1073 3459 castro
1100 3390 1243 3480 Tyrclis,
1289 3392 1305 3444 2

102 3503 257 3582 tempore
291 3496 392 3562 misse
419 3496 452 3563 in
479 3493 608 3582 capella
641 3492 729 3560 beati
759 3491 939 3579 Pancratii,
965 3507 1105 3578 pressus
1133 3490 1246 3558 colera

101 3596 195 3690 circa
228 3593 405 3681 precordia
438 3593 634 3681 suffocatur,
663 3596 697 3660 et·
722 3592 756 3656 in
791 3590 936 3658 ccclesia
968 3587 1057 3655 beati
1084 3583 1244 3656 Iohannis

101 3693 169 3762 sub
188 3699 301 3762 castro
321 3693 506 3761 tumulatur.
538 3691 662 3781 Fertur,
691 3688 781 3777 quod
806 3694 885 3776 post
907 3688 1106 3755 laxationem
1134 3686 1244 3754 colere

139 3857 172 3919 l)
184 3855 287 3908 »llieses
306 3853 455 3908 actensliicl
473 3852 556 3907 iudet
569 3865 628 3904 man
643 3851 806 3917 vollst'indig
818 3849 954 3904 iniciens
967 3845 1080 3914 ausgabe
1092 3846 1138 3899 des
1148 3845 1245 3900 Chron.

98 3923 184 3980 Leno.
209 3922 263 3977 und
287 3921 329 3978 bei
352 3922 477 3990 Rayualdi
503 3922 567 3974 nun.
587 3921 650 3973 eccl.
702 3919 734 3981 2)
753 3919 809 3972 hier
827 3919 891 3988 lolgt
908 3917 975 3971 heim
993 3918 1145 3982 Anonymus
1165 3914 1245 3968 Lech.

97 3993 173 4048 noch
192 3994 252 4045 eine
279 3991 353 4058 lange
378 3989 451 4045 stelle
469 3989 534 4043 iiber
550 3987 626 4058 pubst
646 3987 839 4040 denudatum
858 3985 1047 4040 insbescndore
1065 3981 1130 4036 iiber
1148 3981 1243 4036 dessen

98 4067 174 4116 ersle
193 4059 390 4126 vulturnum,
417 4059 497 4112 deren
518 4071 645 4125 urspruog
672 4053 712 4108 ich
736 4069 807 4109 zwur
825 4055 896 4108 nicln
914 4054 1112 4108 naelzuweisen
1130 4063 1244 4116 vermng,

97 4130 207 4184 welche
231 4126 296 4182 aber
319 4127 399 4182 scion
420 4125 526 4180 deslelb
543 4139 605 4178 vom
623 4122 666 4178 abt
683 4123 782 4178 lohaun
802 4123 874 4176 nicht
891 4122 1032 4176 herriilren
1051 4118 1152 4181 diirlte,
1180 4120 1243 4173 weit

96 4212 189 4265 gegen
210 4198 307 4251 dassen
325 4195 495 4262 gewoldum
513 4193 558 4248 der
576 4193 662 4246 kaiser
680 4192 753 4246 dedu
773 4190 945 4260 „ludewicus
966 4191 1104 4244 Bonosus‘
1129 4192 1245 4255 genennt

96 4269 179 4335 wird,
197 4262 251 4320 und
269 4261 313 4318 die
329 4264 372 4318 ich
389 4261 495 4319 deslualb
512 4259 695 4330 hinweglasse.
