3096 4882
491 233 559 280 rrrn
581 231 690 280 uenum
713 233 820 288 aunem
842 235 901 280 rur.
1193 207 1264 276 265

131 376 263 458 dieitur,
296 373 338 440 de
370 375 439 442 torn
472 373 603 440 nabeo
623 372 762 457 pecunie
786 389 914 440 summ
938 375 988 441 ete
1012 391 1125 460 aprum
1150 373 1265 444 ubba
1281 388 1346 444 aare

129 477 313 540 monstrare
339 473 499 555 emmam,
526 476 558 538 et
581 473 616 538 in
639 471 857 556 inquietudine
885 489 1012 558 ponae
1045 477 1181 541 nanum
1205 491 1263 542 oe-

130 577 241 640 strem.
271 570 370 638 *ane
402 574 439 638 ut
469 586 529 638 aas
561 574 594 636 et
625 586 736 637 omnes
769 570 827 637 otii
856 571 995 638 eideetis
1020 577 1152 658 operte,
1177 574 1267 660 qood

126 672 286 757 penninas
314 669 424 736 taliter
449 670 630 754 acquisitos
655 685 721 736 non
736 668 926 753 amplector,
940 687 1013 738 ¹nee
1030 674 1065 740 in
1079 690 1159 740 esua
1175 689 1265 740 meos

130 771 281 851 transire,
307 767 369 834 aad
392 766 571 836 liberaliter
596 785 620 833 o
644 784 695 834 nne
720 771 863 837 transire
888 767 1035 838 debeant.
1062 768 1137 850 Quo
1163 771 1264 862 dieto,

130 885 246 938 omnes
282 867 444 955 pecunias
478 869 511 933 in
547 867 625 934 lusu
659 867 840 953 aequisites
878 870 1020 955 proieoit
1052 871 1085 937 in
1120 870 1264 939 medium

128 968 242 1057 populi
271 967 526 1034 oiroumstentis.
573 965 624 1033 De
651 982 717 1052 quo
743 967 817 1055 ipse
843 984 903 1034 rex
929 970 1084 1037 maiorem
1110 971 1266 1057 ooneepit

128 1066 299 1136 iracundie
334 1066 523 1153 materiam,
552 1083 649 1151 quem
682 1069 793 1132 temen
818 1070 855 1132 ut
881 1067 1018 1156 sepiens
1052 1067 1264 1138 dissimulans

129 1168 260 1236 silentio
293 1165 426 1253 pressit.
468 1163 549 1232 Post
580 1181 648 1232 non
683 1164 805 1231 multos
836 1181 917 1234 uero
950 1165 1023 1236 dies
1057 1185 1175 1237 omnes
1209 1170 1264 1238 isti

127 1268 295 1355 prinsipes
330 1268 364 1330 et
396 1264 508 1349 magni
542 1263 602 1330 viri
637 1261 679 1330 de
714 1261 916 1332 Vretislevia
946 1283 1066 1334 versus
1097 1267 1265 1336 Pressiem

128 1369 374 1454 processerunt
408 1362 450 1430 Et
475 1360 597 1429 ibidem
623 1378 696 1429 oum
722 1380 782 1450 per
807 1362 945 1450 longum
967 1372 1097 1452 tempus
1122 1368 1265 1453 glaeiem

129 1468 346 1552 expectantes
383 1462 585 1550 ieouissent,
620 1461 737 1548 hyems
769 1460 856 1530 adeo
889 1461 949 1530 luit
973 1465 1081 1534 mollis
1107 1471 1141 1532 et
1165 1467 1263 1557 leurs,
1365 1462 1371 1475 ’

128 1563 218 1650 quod
245 1579 304 1652 per
330 1561 473 1646 glaciem
500 1561 682 1648 transitum,
710 1560 797 1628 siout
822 1561 895 1630 eliis
915 1564 1022 1653 ennis,
1049 1565 1180 1633 minime
1199 1565 1265 1632 he-

127 1663 280 1730 buerunt.
315 1661 356 1728 Et
373 1661 424 1728 sio
442 1659 533 1726 mrdti
560 1659 671 1745 magni
698 1659 759 1727 viri
785 1661 855 1727 suis
881 1663 970 1730 votis
997 1661 1154 1754 frustrati,
1181 1681 1264 1753 per-

128 1761 283 1830 diderunt
305 1759 439 1828 labores
467 1759 617 1826 similiter
643 1763 677 1825 et
703 1776 882 1847 expensas.

198 1858 337 1928 Reversi
367 1863 446 1927 suut
478 1859 593 1944 itaque
626 1856 750 1926 domini
781 1859 1021 1950 prenominati,
1054 1865 1087 1927 et
1119 1859 1262 1947 quisque

128 1977 240 2028 eorum
272 1955 316 2026 ad
342 1963 460 2026 terram
488 1974 582 2025 suem
608 1955 728 2025 direxit
753 1975 893 2044 gressus
921 1975 1014 2026 suos.
1055 1958 1127 2027 Rex
1153 1965 1263 2028 eutem

128 2057 287 2127 Creoovie
310 2062 344 2125 et
360 2056 465 2125 Buloo
486 2055 555 2124 dux
578 2056 757 2143 malignum
783 2054 1008 2126 fraudulenter
1034 2057 1263 2128 oontlaverunt

127 2158 311 2245 eonsilium,
340 2156 482 2243 qualiter
503 2154 685 2224 Iohannem
710 2173 825 2242 regem
852 2163 886 2225 et
906 2156 1062 2226 Karalum
1087 2159 1120 2226 in
1148 2158 1264 2226 ebrum

127 2257 233 2326 reditu
260 2256 302 2324 de
317 2255 452 2322 Prussie
477 2258 621 2341 possent
647 2272 778 2344 cepere,
806 2261 840 2323 et
864 2263 944 2345 post
968 2257 1088 2326 multes
1111 2256 1263 2345 ealump-

127 2358 199 2424 nias
227 2372 334 2444 usque
362 2353 404 2422 ed
432 2358 613 2421 extremum
639 2352 809 2421 denarium
836 2353 1024 2445 depectere.
1059 2356 1127 2443 lpsi
1152 2363 1263 2424 eutem

126 2455 238 2524 talium
264 2452 456 2522 insidiamm
483 2454 603 2542 ignari,
629 2471 689 2522 rex
714 2452 882 2522 labeones
909 2473 981 2524 oum
1003 2457 1074 2524 suis
1096 2473 1155 2543 per
1171 2473 1263 2522 mar-

126 2554 233 2624 obiam
257 2550 618 2638 Brendenburgensem
646 2556 679 2619 et
703 2550 872 2620 Lusetiem
900 2553 1117 2638 transeundo,
1143 2569 1261 2622 uersus

125 2657 314 2722 eomitatum
339 2651 668 2738 Luoemburgensem
695 2667 732 2718 se
760 2654 895 2741 reoepit..
929 2653 1071 2721 Karalus
1097 2668 1179 2721 vero
1205 2653 1263 2720 vi-

124 2757 194 2821 tare
226 2770 295 2822 non
328 2752 453 2839 potuit,
481 2753 560 2838 quin
596 2754 764 2838 oporteret
796 2769 871 2819 eum
896 2770 956 2841 per
981 2754 1071 2840 regis
1099 2750 1262 2822 Creeovio

122 2856 242 2921 terram
270 2867 391 2919 versus
417 2847 647 2918 Vretisleviem
666 2852 860 2920 necessario
882 2869 1030 2920 remeare
1075 2850 1176 2919 Venit
1193 2852 1261 2918 ita-

123 2968 191 3037 que
223 2954 258 3020 in
292 2952 459 3018 civitatem
495 2943 623 3038 ealis1‚
658 2948 714 3016 ubi
748 2958 950 3038 proourente
985 2967 1067 3038 rege
1101 2949 1260 3018 Craoovio

121 3050 269 3120 irretitus
296 3048 356 3118 luit
381 3047 524 3138 insidiis,
552 3065 621 3114 non
645 3055 683 3116 ut
709 3055 866 3138 nuquam
884 3051 990 3120 bostis
1011 3049 1164 3139 publieus
1186 3049 1261 3136 oapi

121 3148 279 3241 deberet,
306 3147 368 3217 sed
393 3166 436 3216 ne
458 3150 623 3216 civitatem
646 3149 752 3216 exiret
785 3150 936 3218 elanoulo
959 3149 1130 3218 eustodiri.
1163 3146 1261 3228 Quod

121 3252 234 3318 stetim
269 3247 410 3316 Karalus
445 3265 520 3316 oum
545 3247 766 3338 intelligeret,
793 3249 887 3317 inxit
912 3266 950 3318 se
977 3246 1165 3317 huiusmodi
1191 3264 1261 3315 non

119 3351 248 3418 sentire
277 3345 482 3438 eustodiem,
511 3345 573 3414 sed
599 3346 696 3414 dixit:
724 3365 762 3415 se
788 3346 910 3416 ibidem
936 3347 1022 3415 velle
1048 3346 1260 3435 pausationis

118 3450 232 3533 gretie
255 3465 316 3536 per
342 3445 415 3514 dies
440 3447 568 3534 aliquot
592 3463 798 3534 permanere.
838 3446 931 3515 Misit
955 3448 1066 3533 itaque
1094 3444 1136 3521 ad
1164 3447 1260 3533 eapi-

117 3551 256 3616 tenaum
290 3545 587 3614 Vretislauiensem
620 3547 776 3615 nuncium
813 3545 1022 3635 pedestrem,
1057 3543 1260 3613 insinuando

116 3647 185 3714 sibi
223 3649 324 3716 totius
357 3644 437 3713 laeti
471 3644 621 3714 ordinem
660 3647 816 3715 seriatim.
860 3644 923 3726 Qui
951 3647 1060 3714 stetim
1088 3661 1161 3713 oum
1189 3648 1260 3710 tre-

115 3747 232 3814 oentis
266 3745 402 3814 armatis
436 3761 541 3833 prope
578 3745 744 3814 oivitetem
784 3745 872 3815 Celis
913 3745 956 3814 ad
988 3763 1090 3813 unum
1123 3742 1260 3810 milliaro

113 3848 291 3936 pervenit,
319 3844 555 3930 valentemque
582 3844 767 3933 spadonem
793 3844 915 3914 Kerolo
948 3850 1025 3912 ente
1050 3848 1178 3932 portem
1207 3842 1260 3909 ei-

113 3945 239 4013 vitetis
264 3943 456 4013 transmisit.
482 3941 588 4023 Quem
606 3943 749 4013 Karalus
777 3946 861 4012 setis
890 3945 1069 4030 sagaeiten
1097 3943 1184 4010 siout
1201 3958 1261 4029 per

113 4045 284 4137 nuntium,
311 4061 410 4131 quem
435 4043 470 4110 in
496 4040 728 4112 Vretislauiem
754 4044 992 4133 transmiserat,
1021 4041 1162 4110 edootus
1188 4039 1259 4130 luit,

110 4144 274 4214 tentavit.
311 4141 501 4212 Adductum
541 4143 655 4234 itaquo
693 4142 856 4213 oaballum
889 4141 1058 4232 aseendit,
1093 4146 1127 4209 et
1160 4140 1261 4209 aeleri

149 4267 185 4335 1)
206 4261 318 4320 Kalisab.
