3002 4880
223 162 268 230 52
534 189 677 236 cunourcu
699 187 736 232 uu
757 188 855 234 cussus
875 189 1042 234 nnrncrrun.

139 341 204 398 131⁵
222 329 366 418 territuS,
395 327 483 394 siout
499 343 631 414 semper
649 327 790 415 segnius
804 328 884 417 egit,
904 343 1044 394 movens
1061 342 1099 394 se
1118 324 1160 394 de
1181 325 1258 394 loco
1278 343 1353 393 cum

220 428 339 518 paucis
357 426 485 514 recepit
501 443 538 492 se
559 427 594 493 iu
614 425 805 495 Fridberoh.
831 424 929 507 Quod
952 443 1026 493 cum
1047 422 1238 511 Augustani
1257 441 1355 492 com-

221 527 400 616 perissent,
428 541 541 610 regem
568 522 727 593 videlicet
752 523 809 593 illo
835 525 870 593 in
896 523 973 592 loco
1001 541 1090 612 esse,
1118 529 1151 591 et
1173 525 1271 611 quasi
1297 524 1355 590 in-

222 644 344 694 ermem
363 626 435 692 sive
455 627 653 692 armatorum
680 624 805 692 auxilio
832 623 1037 711 destitutum,
1064 625 1219 691 timentes
1246 623 1357 710 ipsum

221 723 343 794 ibidem
362 723 403 791 ab
427 722 582 791 hostibus
603 723 830 812 circumcingi,
859 729 892 790 et
914 739 1078 791 memores
1092 722 1270 805 juramenti
1288 738 1356 807 quo

222 841 261 892 se
283 825 355 910 regi
380 823 650 891 constrinxerant
675 821 718 890 ad
744 821 975 910 serviendum,
1003 821 1225 890 decreverunt
1245 821 1358 907 ipsum

157 971 160 977 -
222 924 256 990 in
278 923 334 990 tali
357 922 563 989 necessitate
589 922 623 987 in
651 937 746 989 suam
772 920 894 989 ducere
923 922 1100 1008 civitatem,
1127 937 1170 987 ne
1198 923 1263 986 tam
1288 920 1357 986 im-

221 1027 343 1110 potens
371 1021 405 1087 in
431 1020 572 1088 immane
606 1021 816 1108 precipitium
851 1024 941 1088 totus
968 1022 1040 1088 iret.
1075 1017 1173 1100 Quod
1200 1036 1273 1086 cum
1300 1015 1358 1084 lc-

224 1122 370 1208 cissent,
404 1123 438 1185 et
463 1119 572 1206 ipsum
606 1123 685 1206 post
719 1118 785 1187 diei
818 1136 990 1187 recessum
1016 1137 1089 1186 cum
1115 1117 1294 1184 luminibus
1320 1115 1360 1182 in

224 1236 317 1286 suam
354 1216 532 1285 duxissent
565 1217 750 1308 civitatem,
787 1234 855 1285 non
882 1218 983 1286 multo
1009 1221 1107 1306 post,
1138 1220 1362 1304 promovente

222 1317 379 1405 Domino,
406 1316 517 1383 multis
540 1316 618 1383 hino
636 1315 714 1384 inde
731 1317 881 1384 certatim
901 1315 1156 1405 confluentibus,
1178 1330 1362 1382 numerosa

224 1414 434 1482 multitudine
457 1413 655 1484 bellatorum
679 1420 835 1502 tanquam
866 1416 985 1483 celitus
1009 1416 1141 1504 missiS,
1174 1414 1209 1480 in
1231 1417 1362 1481 tautum

225 1516 298 1582 eius
318 1515 486 1583 exereitus
506 1515 663 1603 excrevit,
684 1514 775 1602 quod
793 1513 836 1582 ud
856 1520 1042 1602 campestre
1061 1513 1182 1581 bellum
1197 1516 1266 1580 tute
1284 1512 1362 1580 suis

223 1612 378 1683 hostibus
400 1616 508 1701 potuit
530 1613 677 1682 obviare.
704 1612 802 1695 Quod
826 1631 899 1681 cum
924 1613 991 1681 dux
1013 1610 1149 1680 Austrie
1166 1611 1363 1678 intellexis-

224 1720 287 1804 set,
314 1731 428 1799 regem
444 1711 642 1781 Ludwicum
665 1711 832 1801 videlicet,
861 1730 956 1780 suum
979 1712 1217 1800 adversarium,
1235 1716 1300 1777 tum
1323 1710 1364 1777 in

223 1812 318 1880 brevi
344 1811 567 1900 pregrandem
600 1811 842 1879 multitudinem
873 1828 1122 1900 congregasse,
1149 1827 1218 1878 non
1243 1827 1364 1897 panum

225 1909 332 1979 doluit
358 1915 391 1977 ct
416 1910 606 1999 obstupuit,
633 1911 808 1998 presertim
844 1911 901 1996 qui
926 1911 1033 1999 pridie
1061 1910 1125 1978 sibi
1152 1907 1271 1977 dolose
1297 1905 1365 1975 luit

226 2009 460 2099 t1·oditus,·jam
481 2009 569 2077 sicut
585 2009 735 2094 anguilla
756 2011 828 2077 suis
846 2009 999 2076 manibus
1021 2015 1073 2077 est
1090 2009 1238 2095 elapsus.
1263 2006 1363 2074 'lune

226 2125 286 2176 rex
309 2106 492 2175 Ludwieus
523 2108 690 2174 civitatem
716 2105 949 2194 Augustunam
977 2109 1094 2176 exiens
1130 2125 1204 2174 cum
1235 2122 1363 2190 magno

227 2207 437 2275 exercituin
466 2224 584 2294 campo
613 2223 650 2273 se
677 2209 812 2296 recepit.
847 2206 914 2274 Sed
941 2212 974 2274 et
999 2209 1073 2295 ipsu
1099 2207 1216 2273 civitas
1245 2209 1364 2273 contra

204 2304 416 2375 -Australem
435 2304 608 2372 iracundie
626 2303 757 2374 lucibus
780 2311 833 2373 est
854 2322 1030 2396 succenso,
1054 2306 1111 2393 qui
1128 2303 1225 2372 villas
1246 2321 1365 2371 eorum

227 2406 318 2492 ignis
344 2403 500 2472 incendio
527 2403 707 2494 destruxit,
742 2409 775 2472 et
805 2421 890 2492 quas
914 2423 981 2472 non
1006 2404 1180 2493 cremavit,
1207 2403 1364 2470 maximis

226 2505 371 2596 pecunie
393 2503 631 2572 ,exactionibus
657 2505 881 2591 pregravavit.
907 2502 988 2570 ldeo
1014 2521 1087 2572 oum
1112 2503 1254 2570 maxima
1272 2500 1364 2568 mul-

228 2602 369 2672 titudine
395 2603 563 2674 hominum
589 2600 632 2669 ad
659 2620 796 2693 campos
822 2618 937 2690 regem
963 2603 997 2668 in
1023 2601 1134 2670 lurore
1162 2607 1195 2669 et
1221 2600 1366 2688 strepitu

229 2708 282 2772 est
308 2709 435 2772 secuta.

146 2825 223 2864 suun.
302 2802 426 2870 Verum
443 2799 610 2868 Australis
636 2818 708 2868 cum
735 2801 885 2869 exercitu
902 2818 965 2868 suo
985 2799 1073 2888 apud
1091 2791 1268 2867 Puchlem¹
1291 2795 1367 2866 lixit

229 2902 373 2967 tentoria
386 2899 482 2982 juxta
501 2898 637 2967 lluvium
659 2898 854 2989 Vindorum,
882 2900 937 2968 ubi
956 2899 1099 2967 vallibus
1118 2903 1152 2966 et
1172 2899 1269 2984 aquis
1290 2897 1367 2963 cir-

231 3003 443 3088 cumseptus,
479 3000 635 3065 incursus
669 3017 737 3066 non
772 2998 926 3089 timebat,
954 2997 1015 3066 sed
1040 3003 1177 3087 propter
1203 3013 1368 3083 uquarum

230 3095 459 3164 inundantiam
477 3102 510 3164 et
524 3097 676 3165 imbrium
693 3096 890 3166 densitatem
914 3098 960 3166 ibi
978 3097 1150 3166 laboriose
1174 3094 1366 3164 manebunt.

229 3195 345 3263 Fertur
369 3197 456 3263 enlm
478 3195 570 3282 quod
592 3197 689 3283 aquis
714 3195 759 3262 ibi
780 3197 1001 3282 gurgentibus
1025 3197 1102 3284 equi
1123 3202 1200 3263 ante
1219 3211 1366 3282 presepe

232 3298 395 3361 steterunt
418 3296 453 3361 in
478 3293 656 3383 paludibus
680 3311 790 3380 usque
816 3294 858 3362 ad
877 3295 1047 3380 cingulum
1070 3295 1125 3362 vel
1146 3299 1305 3382 ventrem,
1329 3302 1367 3363 et

233 3410 304 3459 cum
321 3399 387 3460 tarn
401 3411 557 3478 magnum
571 3392 816 3460 inoommodum
834 3395 1039 3460 sustinerent
1052 3393 1204 3461 homines
1220 3398 1253 3460 et
1273 3395 1364 3482 equi,

232 3498 343 3558 tumen
370 3493 467 3578 aquis
492 3490 747 3579 prohibentibus
774 3491 922 3576 eilugere
947 3509 1015 3560 non
1045 3497 1218 3581 poterunt,
1245 3493 1366 3559 necin

231 3596 358 3680 partem
369 3590 502 3658 alteram
518 3589 697 3658 declinare.
708 3589 789 3658 ldeo
804 3608 863 3656 rex
875 3588 1069 3673 LudwicuS,
1081 3592 1109 3656 si
1120 3608 1188 3657 rem
1198 3607 1291 3658 suam
1303 3606 1366 3657 sa-

232 3691 405 3778 pienteret
417 3688 557 3778 provide
573 3689 806 3779 gubernasset,
818 3690 985 3756 inimicum
1003 3706 1099 3756 suum
1115 3688 1157 3756 de
1175 3688 1264 3758 lucili
1275 3705 1367 3756 con-

233 3789 393 3857 clusisset
409 3796 442 3856 et
461 3790 562 3856 tantis
584 3803 782 3875 oppressum
801 3787 1021 3856 incommodis
1036 3787 1234 3857 omnimodis
1252 3805 1367 3875 expu-

233 3893 385 3972 gnasset.
404 3886 472 3954 Sed
490 3887 584 3956 ambe
606 3892 718 3974 partes
733 3889 872 3971 segnius
889 3893 1041 3976 agentes
1058 3887 1099 3955 ab
1111 3889 1261 3973 utrisque
1276 3903 1368 3954 con-

233 4002 373 4071 gressus
384 3987 480 4074 prelii
491 3988 628 4074 turpiter
638 3991 691 4052 est
702 3985 890 4070 neglectus.
907 3986 1009 4054 Erant
1023 3985 1156 4073 quidam
1171 3985 1313 4075 nobileS,
1330 3992 1371 4054 ut

233 4085 363 4174 estimo,
374 4085 488 4176 timidi,
505 4086 569 4176 vel,
581 4091 617 4153 ut
629 4086 742 4151 verius
758 4083 877 4174 dicam,
893 4084 1020 4174 perfidi,
1031 4087 1088 4171 qui
1099 4087 1177 4155 totis
1188 4085 1369 4153 conatibus

268 4205 298 4269 1)
317 4205 429 4262 Bucbloe
446 4209 514 4264 zehn
533 4211 644 4266 stundon
664 4208 763 4263 sidllch
781 4222 833 4262 von
852 4207 997 4275 hugsburg.
