3096 4882
307 185 378 264 188
633 222 698 268 ass.
719 221 842 268 nussam
863 219 1027 269 nunovreus
1048 222 1112 268 sav.

220 369 288 425 1³29
304 361 428 429 victum
445 360 551 448 prelio
569 360 747 449 campestri
763 358 965 430 liriderioum
982 358 1118 431 Austris
1137 360 1266 452 ducem,
1285 379 1351 430 cum
1370 379 1420 450 pro

305 476 409 527 causa
426 461 555 547 imperii
574 464 766 550 certaretur,
781 464 935 528 constare
955 462 1037 530 satis
1054 462 1221 530 novimus.
1248 460 1422 548 Reliquias·
1525 499 1526 534 3

306 575 371 646 que
394 557 518 627 domini
541 555 649 628 nostri
672 558 750 626 lesu
774 555 903 649 Christi,
926 558 1078 627 lanceam
1102 560 1231 629 scilicet
1256 566 1288 629 et
1312 561 1422 648 clavos,

305 673 371 744 que
386 657 488 725 veluti
507 659 649 746 pignora
673 655 815 744 quedam
832 659 903 724 veri
918 659 1126 747 imperatoris
1146 664 1179 727 et
1193 657 1328 728 Romani
1345 658 1424 743 regis

303 755 477 846 habentur,
505 757 547 824 ab
572 757 630 824 illo
658 755 777 824 eodem
795 755 883 824 bello
903 759 1034 844 quesita
1056 761 1224 846 potenter,
1252 760 1334 826 sicut
1356 774 1424 824 vera

304 861 392 945 sunt,
419 854 644 924 indubitanter
669 857 861 924 asserimus
900 853 1095 944 Rursusque
1117 863 1151 925 et
1168 859 1278 946 ipsum
1300 861 1424 925 strenuo
1525 873 1526 878 ¹

263 999 266 1007 J
304 954 415 1022 animo
441 950 545 1042 Alpes
581 954 776 1043 transiisse,
803 953 986 1042 Mediolani
1012 973 1168 1023 eoronam
1195 955 1330 1025 lerream
1354 970 1424 1022 sus-

303 1053 449 1143 cepisse,
475 1052 553 1121 inde
578 1071 639 1141 per
656 1054 811 1121 Tusciam
827 1059 1055 1141 permeantem
1076 1053 1212 1123 Romam
1227 1054 1424 1144 pervolasse,

302 1152 338 1218 in
361 1149 523 1239 Capitolio
549 1151 693 1242 sedisse,
721 1157 909 1220 senatorem
930 1153 1157 1241 consulesque
1176 1171 1215 1221 ac
1235 1153 1424 1222 decuriones

303 1257 338 1319 ct
362 1250 513 1318 tribunos
540 1268 630 1319 more
656 1249 794 1319 Romani
820 1251 1029 1338 imperatoris
1058 1270 1204 1342 creasse,
1232 1253 1345 1341 populi
1363 1249 1427 1318 Ro*

303 1351 391 1416 mani
417 1350 581 1418 concione
607 1349 777 1418 laudatum
809 1350 1027 1437 approbatum
1054 1350 1176 1442 luisse,
1205 1354 1315 1420 omnia
1338 1353 1426 1419 vasto

304 1448 412 1518 animo
441 1466 656 1540 aggressum,
692 1467 757 1536 quo
784 1447 958 1516 advirum
989 1449 1129 1518 audacie
1156 1452 1342 1539 eximieque
1366 1449 1427 1517 vir÷
1525 1481 1526 1492 κ

301 1547 381 1615 tutis
406 1549 633 1635 pertinuerint.
673 1547 755 1638 Hec,
784 1552 818 1615 ct
842 1551 977 1616 nominc
1007 1555 1041 1618 ct
1062 1567 1109 1639 re,
1137 1549 1274 1636 dignum
1293 1563 1427 1617 cesarem

300 1644 588 1735 Romanorumque
609 1665 723 1734 regern
740 1647 999 1735 nuncupandum
1025 1647 1214 1744 vocandum
1233 1648 1428 1736 dignumque

301 1743 423 1814 iecere.
1422 1787 1426 1804 .*

376 1843 438 1912 His
464 1850 529 1912 tam
562 1843 745 1930 grandibus
778 1845 1088 1934 excellentibusqua
1114 1847 1284 1936 preconiis
1315 1845 1377 1915 alia
1398 1844 1429 1910 in

303 1945 492 2030 oppositum
526 1944 631 2011 altera
663 1944 860 2032 populorum
897 1947 1057 2034 opinione
1090 1949 1265 2035 proposita
1294 1944 1429 2013 induce-

302 2039 440 2108 bantur:
475 2042 563 2109 buno
597 2042 727 2109 scilicet
757 2043 871 2130 primis
906 2046 963 2130 sui
990 2048 1195 2134 principatus
1222 2047 1324 2113 initiis
1350 2057 1430 2131 papc

301 2138 437 2207 loannis
465 2145 648 2227 sancteque
675 2139 822 2209 Romane
850 2142 994 2210 ecclesie
1024 2147 1357 2214 communicationem
1381 2157 1430 2207 re-

301 2241 549 2327 verentiamque
572 2239 752 2330 sprevisse,
780 2238 943 2310 damnatis
962 2259 982 2308 a
999 2262 1087 2332 papa
1105 2243 1354 2332 rebellibusque
1375 2256 1431 2308 ec·
1525 2297 1526 2300 ,

301 2338 402 2406 olcsie
429 2338 687 2408 vicecomitibus
715 2339 836 2407 auxilia
861 2343 1068 2433 prestitisse,
1091 2345 1295 2431 monitisque
1323 2339 1428 2410 omni·¹
1525 2357 1526 2382 2

300 2435 367 2504 bus.
391 2440 589 2526 contemptis
617 2455 655 2506 se
681 2439 790 2526 ipsum
815 2439 972 2507 rebellem
990 2441 1192 2532 exhibuisse,
1220 2449 1431 2530 tyrannorum

298 2534 597 2622 Langobardorum
633 2541 667 2606 et
693 2538 877 2606 Tuscorum
911 2538 1010 2606 ductu
1035 2541 1069 2608 in
1095 2541 1221 2610 ltaliam
1248 2540 1429 2625 transiisse,
1525 2553 1526 2616 ξ

298 2638 556 2728 partiariumque
590 2654 629 2704 se
664 2637 874 2728 ostendisse,
908 2644 946 2705 ut
970 2636 1148 2708 Robertum
1174 2637 1297 2728 Apulis
1315 2653 1432 2732 ,regem

300 2739 500 2823 ceterosque
526 2741 684 2804 terrarum
709 2736 804 2804 italie
831 2736 1043 2824 ecclesieque
1062 2740 1188 2808 amicos
1208 2740 1381 2827 principes
1397 2750 1432 2801 ac

298 2833 455 2924 populos,
483 2852 595 2902 corum
623 2838 838 2920 tyrannorum
859 2838 1146 2929 suggestionibus
1175 2843 1345 2926 quatenus
1363 2838 1432 2923 ipse
1524 2837 1526 2886 t

298 2931 432 3019 ipsique
457 2933 656 3021 potuissent,
685 2935 923 3022 oppressisset.
966 2932 1132 3024 Quodque
1157 2938 1271 3026 pravis
1299 2936 1430 3024 aliquo·

298 3047 368 3095 rum
396 3029 458 3096 sibi
485 3029 714 3099 adiunctorum
740 3033 892 3100 consiliis
914 3036 1206 3122 papamloanncm
1233 3035 1433 3104 abhomina-
1525 3045 1526 3052 ³

299 3131 352 3195 tus
369 3145 408 3194 ac
425 3127 751 3199 detestatusiurioso
778 3131 886 3219 plebis
912 3134 1095 3222 populique
1122 3134 1261 3204 Romani
1290 3135 1432 3204 clamore
1525 3187 1526 3196 ἦ

299 3243 513 3314 accensoque
540 3246 681 3318 rumore,
707 3231 873 3323 inillam,
902 3234 965 3302 sub
991 3234 1114 3302 nullius
1142 3237 1228 3302 sacri
1254 3232 1434 3302 solemnis·
1525 3247 1526 3316 3

300 3341 365 3411 que
396 3325 476 3394 iuris
503 3329 610 3417 serie,
637 3329 742 3397 solius
772 3328 850 3398 iacti
877 3336 1093 3424 executione,
1120 3332 1345 3422 depositionis
1372 3331 1433 3398 be-

297 3425 467 3510 reticequc
487 3429 734 3513 superstitionis
751 3433 950 3499 sententiam
968 3431 1184 3501 fulminasset.
1217 3431 1313 3501 Neve
1335 3428 1434 3498 divini
1525 3427 1526 3462 ³

297 3522 500 3611 humanique
526 3527 606 3594 iuris
634 3526 805 3618 allusioni,
830 3547 1064 3619 sacrarumque
1091 3531 1373 3598 constitutionum
1398 3543 1435 3594 ac
1525 3531 1526 3534 ’

299 3623 577 3693 consuetudinum
604 3625 783 3714 quidquam
810 3627 958 3721 deesset,
987 3632 1071 3717 turpi
1095 3629 1237 3698 ludibrio
1260 3628 1434 3718 periculo·
1525 3651 1526 3718 j

180 3744 182 3748 ·
298 3739 405 3809 seque
433 3722 602 3791 christiani
628 3726 708 3792 ritus
736 3725 934 3819 discrimine,
964 3730 1153 3817 antipapam
1176 3729 1435 3814 cardinalesque

297 3838 432 3890 creasse
467 3822 529 3890 sub
563 3822 707 3892 clamore
734 3823 916 3912 favereque
947 3827 1112 3896 dementia
1139 3827 1312 3917 popularis
1327 3879 1338 3917 ,
1375 3822 1434 3892 sub
1525 3867 1526 3888 r

297 3922 383 3988 sacri
416 3922 517 3988 manti
551 3923 682 4010 papalis
716 3922 843 4015 eligio,
872 3926 1126 4013 galerorumque
1152 3926 1336 3995 rubromm.
1384 3919 1437 3992 nd
1525 4007 1526 4024 ,

295 4017 510 4107 ultimumque
544 4018 655 4088 ledum
690 4039 730 4089 ao
764 4040 877 4092 cecum
921 4026 1154 4095 consistorium
1195 4025 1435 4107 constituisse;
1525 4025 1526 4034 ’

297 4114 339 4184 de
355 4121 514 4204 potentia
540 4136 626 4209 pape
653 4118 811 4190 lactiosas
837 4141 896 4212 per
922 4127 1095 4214 imperitos
1117 4123 1322 4194 consodales
1352 4137 1435 4192 suos
1525 4139 1526 4162 ¹

297 4218 371 4283 astu
408 4217 565 4304 partiario
608 4221 874 4311 conscriptiones
912 4223 1157 4314 promulgasse.
1207 4223 1367 4314 Denique
1402 4225 1435 4290 ct
