3044 4882
255 210 328 281 358
576 236 717 304 1111111111
738 233 943 280 111111111111.
979 231 1064 298 110,

254 380 333 449 tatis
366 375 518 446 omnibus
550 393 660 463 usque
696 375 796 444 hodie
824 391 861 442 se
888 373 1103 443 demonstrat.
1144 369 1246 440 Cuius
1272 369 1393 440 laudes

254 485 398 548 nonest
424 477 648 544 necessarium
677 474 869 564 explanare,
897 475 975 562 quia
1002 472 1160 542 Sidonius
1187 473 1221 539 in
1248 470 1392 559 epistola

254 576 396 665 quadam
423 576 519 645 dicit:
545 575 820 665 „Supervacanei
845 571 971 642 laboris
989 578 1050 663 ost,
1077 573 1281 660 conspicuos
1295 587 1393 639 oom-

253 676 420 766 mendane,
448 692 488 744 ac
514 677 544 742 si
568 673 625 744 Iax
649 675 683 742 in
711 672 785 742 sole
811 672 1058 741 ambulantibus
1084 667 1300 761 preferatur.“

582 1029 715 1093 INCIPIT
739 1029 848 1092 LIBER
870 1027 1054 1103 QUARTUS.

251 1181 303 1250 Dc
327 1181 484 1250 electione
510 1183 655 1252 Hetaerice·
680 1186 807 1253 comitis
831 1181 1139 1267 Loozenborpcnsis.
1264 1183 1346 1269 Cup.
1373 1184 1395 1250 i.

326 1294 425 1366 Anno
447 1296 570 1367 domini
592 1302 760 1391 mccclx,
790 1318 855 1388 quo
877 1317 935 1367 rex
956 1295 1111 1366 dlbertus
1136 1295 1301 1387 occubuit,
1327 1315 1392 1385 per

251 1400 388 1463 mortem
413 1392 571 1490 Dieteri1,
600 1401 655 1487 qui
679 1399 740 1468 luit
765 1397 866 1467 lrater
890 1399 980 1484 regis
1003 1393 1125 1486 adolfi,
1153 1397 1243 1484 oepit
1266 1414 1390 1464 vacare

250 1495 397 1562 ecclesia
424 1496 653 1568 Treverensis.
697 1498 772 1567 Fuit
803 1497 866 1565 hiis
901 1496 1018 1565 diebus
1044 1497 1079 1563 in
1106 1512 1213 1581 regno
1239 1493 1391 1564 famosus

248 1593 426 1663 Heinricus
454 1613 568 1665 comes
586 1596 901 1683 Luczonburgensis
929 1601 1006 1663 actu
1034 1601 1214 1662 strennuus
1237 1595 1293 1680 qui
1315 1601 1390 1662 ter-

249 1711 318 1762 ram
345 1713 439 1763 suam
465 1697 669 1783 quibuslibet
695 1695 943 1765 transeuntibus
961 1699 1114 1784 pacatam
1142 1697 1175 1761 et
1198 1691 1299 1760 valde
1326 1712 1390 1762 se-

248 1809 359 1862 curam
386 1795 616 1864 conservabat.
652 1794 753 1864 Cuius
770 1793 926 1863 Albertus
944 1812 1004 1862 rex
1025 1793 1134 1861 adhuc
1160 1791 1279 1860 vivens
1302 1793 1391 1861 sicut

249 1890 433 1962 audivimus
461 1912 481 1962 a
505 1895 681 1984 Leupoldo
714 1894 756 1964 de
791 1894 986 1980 Weltingen
1021 1894 1184 1960 canonico
1215 1891 1389 1980 Herbipo-

246 1989 343 2080 lensi,
371 1990 505 2061 domino
534 1994 657 2084 legum,
683 1994 848 2063 monacho
874 1997 995 2081 postea
1020 1991 1302 2080 Hailprunnensi,
1330 1993 1389 2079 qni

248 2107 381 2158 suorum
410 2095 661 2161 secretariorum
680 2093 896 2162 auricularius
923 2092 1039 2182 extitit,
1068 2093 1183 2180 sepius
1197 2091 1391 2159 memoriam

248 2187 403 2281 babebat,
431 2196 465 2258 ct
491 2191 533 2260 de
559 2194 776 2261 successione
803 2193 875 2260 eius
901 2191 936 2258 in
961 2208 1077 2280 regno,
1106 2192 1134 2258 si
1159 2191 1233 2278 ipse
1254 2188 1390 2258 subdu-

250 2294 388 2380 ceretur,
417 2290 562 2360 crebrius
589 2291 792 2360 revolvebat.
822 2290 886 2358 Hic
902 2296 1012 2357 antem
1031 2292 1082 2356 vir
1104 2290 1138 2357 in
1157 2289 1258 2358 rebus
1282 2291 1390 2359 seculi

250 2389 459 2480 exercitatus,
487 2389 618 2458 fratrem
635 2391 749 2459 habuit
773 2389 949 2458 admodum
971 2389 1126 2457 iuvenem
1143 2387 1388 2480 Baldovvinum,

249 2487 283 2555 in
299 2488 439 2557 Francia
457 2490 575 2558 studiis
594 2490 786 2558 liberalibus
803 2491 1023 2556 insistentem.
1057 2488 1259 2556 Procurante
1276 2494 1391 2557 autern

249 2583 367 2679 fratre,
401 2607 473 2656 cum
509 2608 590 2676 rege
618 2596 651 2658 et
676 2592 793 2676 regina
826 2589 963 2656 Francis
994 2605 1055 2677 pro
1088 2605 1136 2678 eo,
1155 2588 1390 2681 poscentibus,

249 2691 371 2754 etatem
406 2688 503 2756 bonis
537 2689 683 2757 moribus
718 2687 950 2778 supplentibus
985 2705 1024 2754 ac
1059 2687 1316 2777 illustrantibus,
1344 2688 1390 2758 ad

247 2785 395 2873 predicte
430 2787 520 2856 sedis
554 2789 758 2877 pontificium
795 2793 846 2856 est
880 2792 1089 2875 assumptus,
1125 2791 1158 2854 et
1191 2788 1389 2856 incivitate

248 2878 411 2952 Pictavis²
435 2905 496 2973 per
520 2905 639 2974 papam
666 2885 868 2955 Clementem
904 2885 1132 2973 sollempnIter
1158 2893 1389 2956 consecratus,

323 2983 438 3052 Petrus
460 3003 540 3053 vero
564 2985 784 3071 Moguntinus
808 2985 921 3074 presul
947 2985 1075 3052 celeres
1100 2986 1235 3054 nuntios
1263 2985 1387 3077 dirigit,

166 3101 234 3155 Isos
248 3085 285 3149 ut
306 3082 522 3152 Baldevvinus
547 3087 651 3173 ruptis
678 3085 832 3154 omnibus
850 3085 1040 3153 retinaculis
1057 3086 1178 3174 veniat,
1207 3086 1285 3172 quia
1303 3103 1387 3173 reg-

247 3199 325 3247 num
351 3200 476 3250 vacans
503 3186 575 3252 eius
602 3185 803 3274 presentIam
829 3184 1040 3272 prestolatur.
1076 3183 1234 3252 Similiter
1258 3189 1291 3252 et
1309 3185 1386 3252 aliis

246 3281 439 3368 proceribus
468 3282 696 3375 demandavit,
725 3289 855 3374 tempus
881 3283 1051 3373 prefigens
1079 3282 1122 3352 ad
1146 3284 1257 3352 locum
1284 3282 1386 3352 debi-

247 3384 314 3446 tum
339 3383 509 3452 veniendi.
539 3381 717 3452 Heinrieus
738 3389 847 3452 autem
869 3381 998 3451 habens
1025 3381 1123 3473 duos,
1149 3382 1383 3469 Mogontinum

247 3483 280 3544 et
305 3478 558 3572 Treverensem,
588 3501 648 3550 sue
674 3485 778 3572 partis
804 3483 967 3571 presules,
994 3483 1124 3550 tertium
1146 3480 1384 3551 Coloniensem

246 3595 306 3666 per
340 3587 438 3667 pacta
472 3582 668 3671 interposita
702 3601 802 3671 super
836 3582 1004 3651 connubio
1038 3580 1184 3669 quodam
1210 3581 1253 3650 ad
1280 3583 1384 3652 volita

247 3693 309 3744 sua
334 3678 435 3749 Iloxit.
475 3680 605 3749 DeIndc
635 3681 835 3768 Moguntinb
862 3685 1003 3770 agente,
1031 3679 1147 3748 ducem
1177 3679 1323 3750 Saxonie
1350 3685 1382 3748 et

245 3778 469 3846 marchionem
491 3779 532 3846 de
552 3781 809 3848 Brandenburoh
835 3779 877 3848 ad
899 3778 1072 3847 consilium
1100 3781 1299 3872 sapientum,
1327 3781 1379 3866 qui

246 3893 306 3944 eos
333 3884 488 3946 rexerant
512 3880 663 3968 iuvenes,
680 3879 955 3968 persuasionibus
984 3883 1017 3947 et
1041 3879 1197 3967 precibus
1226 3881 1289 3947 sibi
1315 3879 1377 3947 de-

248 3977 375 4065 vinrdt,
402 3983 439 4045 nt
470 3997 556 4066 pene
591 3980 655 4045 iam
688 3996 748 4064 per
783 3995 899 4046 omnes
934 3979 986 4045 sui
1011 3979 1131 4046 intenti
1158 3979 1286 4047 obicem
1312 3996 1376 4045 non

245 4073 393 4145 baberet.
427 4076 518 4144 Misit
539 4079 636 4144 etiam
662 4076 704 4144 ad
725 4077 917 4144 Heinrioum
934 4095 1048 4164 regem
1064 4077 1296 4169 Bolremorum,
1323 4078 1375 4144 in-

281 4202 310 4262 ll
329 4202 409 4269 korng
436 4201 558 4257 dlbrecbt
583 4206 655 4270 erlag
680 4205 730 4258 den
749 4203 872 4257 mbrdern
891 4205 963 4257 aml
984 4207 1033 4258 mai
1053 4205 1137 4267 1308,
1165 4203 1218 4259 und
1237 4201 1379 4260 erzbiscbol

244 4270 333 4325 Dieter
351 4284 402 4322 von
422 4269 496 4324 Trier
513 4273 583 4326 starb
601 4287 642 4326 am
660 4273 694 4326 23
713 4286 772 4327 nov.
791 4272 864 4326 1307.
901 4273 933 4338 2)
952 4273 1047 4327 vorber
1063 4273 1157 4329 stand:
1176 4273 1332 4331 Putavieusi
