3052 4878
291 195 338 264 60
604 222 747 270 cunonrca
768 222 805 268 ur
826 223 924 270 ursrrs
945 223 1113 270 rnrucrruu.

209 361 484 432 1322Bawariarn.
510 358 584 441 Quo
611 377 685 428 curn
710 361 894 452 venissent,
923 365 956 429 et
981 368 1159 449 antequam
1186 361 1321 430 eandenr
1342 366 1405 429 ter·
1503 359 1504 376 ¹

290 479 359 528 ranr
385 462 553 551 intrarent,
579 459 681 528 lixere
707 462 850 529 tentoria
875 458 964 550 apud
988 460 1112 554 Linum,
1140 467 1352 549 expectantes
1369 459 1409 526 ibi
1503 525 1504 532 ,

290 561 426 628 nuntios
458 557 501 627 de
535 560 682 628 exercitu
714 555 932 650 Australiurn,
961 559 1095 647 quando
1123 558 1165 628 ad
1191 577 1251 628 ecs
1277 559 1409 627 debeant

291 657 474 748 proticisci,
501 663 556 748 ut,
585 659 671 725 sicut
695 659 807 745 pisces
825 660 1016 749 capiuntur,
1046 661 1093 726 sio
1121 657 1253 726 duobus
1280 658 1410 726 catervis

291 756 587 843 congredientibus
604 773 663 824 rex
675 755 857 824 Ludwicus
880 774 995 826 eorum
1016 758 1051 825 in
1069 757 1179 825 rnedio
1200 755 1412 824 concludatur.

368 855 436 924 Sed
467 873 527 923 rex
555 871 763 944 prenoscens
797 856 859 924 sibi
889 856 1067 945 preliorum
1092 855 1219 942 grande
1245 855 1412 945 periculum

292 956 478 1043 imminere,
514 953 621 1022 ludens
648 956 681 1020 in
707 954 850 1023 Domino
885 956 937 1022 cui
963 972 1001 1022 se
1036 959 1140 1023 toturn
1166 956 1344 1044 commisit,
1368 953 1413 1020 cui

293 1056 390 1122 etianr
415 1071 484 1121 non
512 1057 564 1121 est
589 1051 721 1120 dillicile
748 1053 879 1122 salvare
905 1055 939 1121 in
965 1052 1172 1122 multitudine
1197 1054 1251 1121 vel
1276 1055 1311 1121 in
1334 1069 1413 1140 pau-

293 1154 352 1243 cis,
379 1154 520 1220 nuncios
548 1145 697 1219 celeres¹
714 1154 804 1220 ruisit
830 1152 873 1220 ad
900 1169 1017 1220 ornnes
1038 1169 1122 1239 quos
1143 1153 1239 1240 prius
1254 1152 1318 1220 sibi
1333 1151 1415 1218 asci-

291 1255 403 1341 verat,
440 1255 473 1318 et
499 1251 554 1337 qui
582 1251 707 1318 servire
743 1251 805 1319 sibi
833 1256 932 1319 antea
963 1253 1201 1339 promiserunt,
1229 1251 1292 1319 bos
1317 1253 1416 1318 vocat.

292 1349 399 1416 Primo
425 1349 572 1417 Francos
598 1354 721 1439 monet,
750 1349 913 1436 quosdam
939 1349 981 1417 de
1004 1349 1131 1440 Rheno,
1156 1349 1269 1439 plures
1286 1365 1364 1419 vero
1380 1345 1416 1414 de

293 1449 473 1536 provinciis
507 1446 701 1517 Noricorum
729 1454 762 1516 et
793 1465 852 1536 per
889 1453 991 1516 totaro
1025 1449 1220 1517 Bawariarn.
1270 1447 1417 1516 Hortatur

293 1564 409 1616 omnes
436 1552 470 1615 et
494 1549 634 1635 precipit
666 1549 854 1637 universis,
880 1552 917 1614 ut
953 1565 1079 1616 summa
1110 1565 1184 1615 cunr
1210 1546 1415 1615 festinatione

290 1647 371 1715 visis
396 1647 520 1714 nuntiis
538 1646 601 1715 sibi
618 1648 652 1713 in
676 1647 889 1714 necessitatis
912 1647 1049 1715 articulo
1075 1664 1143 1714 non
1165 1645 1320 1714 dillerant
1342 1643 1417 1712 sub-

290 1747 417 1835 venire,
445 1745 501 1831 qui
527 1762 607 1813 vero
634 1745 822 1830 neglexerit
837 1745 892 1813 vel
910 1744 1137 1832 supersederit
1161 1743 1417 1830 indignationem

291 1845 384 1929 regie
410 1844 591 1911 maiestatis
619 1859 656 1909 se
683 1845 838 1911 noverint
861 1845 1049 1912 incurrisse.
1075 1843 1157 1911 Mox
1175 1845 1304 1932 recepit
1330 1861 1366 1910 se
1388 1842 1417 1906 in

292 1941 427 2030 carnpis,
454 1940 582 2008 habens
610 1947 744 2009 tenuem
770 1941 902 2010 bursam
931 1943 965 2010 in
986 1960 1117 2012 camera
1142 1959 1214 2034 sua,
1240 1943 1300 2011 vix
1324 1943 1356 2012 xi
1379 1940 1419 2007 li-

291 2040 423 2108 brarunr
448 2037 664 2131 Hellensiurn,
693 2042 780 2108 sicut
804 2039 914 2110 lentur.
1499 2105 1500 2122 ξ

365 2137 490 2204 Verum
512 2139 744 2206 serenissimus
771 2157 830 2208 rex
851 2139 1010 2208 Bohemie
1028 2143 1062 2207 et
1084 2138 1260 2207 Heinricus
1288 2137 1417 2207 illustris
1499 2147 1501 2232 ᾗ

292 2235 360 2304 dux
385 2237 537 2304 Bawarie
564 2239 793 2306 incunctanter
809 2239 946 2308 ueniunt
968 2237 1010 2306 ad
1027 2238 1243 2327 pugnandum
1263 2255 1339 2306 curn
1356 2237 1418 2304 suis
1499 2253 1500 2256 ’

291 2337 416 2423 optime
443 2335 598 2424 expediti.
631 2333 694 2416 Qui
722 2354 759 2404 se
784 2354 845 2425 pro
869 2355 950 2423 rege
978 2343 1135 2405 strennue
1163 2354 1334 2425 exponere
1362 2335 1419 2404 de-

292 2440 485 2526 creverunt,
513 2437 666 2504 timentes
693 2453 735 2502 ue
762 2453 843 2522 rege
868 2435 1030 2504 Ludwico
1056 2438 1145 2503 vieto
1171 2437 1231 2527 vel,
1252 2440 1420 2523 perempto

291 2535 355 2622 ipsi
374 2534 473 2601 etiam
487 2539 609 2623 postea
630 2533 671 2602 ab
690 2532 815 2603 eisdenr
841 2535 961 2603 rualunr
988 2534 1094 2602 simile
1120 2535 1317 2624 sortiantur3
1345 2529 1419 2600 illud

292 2634 480 2720 cogitantes

419 2731 504 2799 ibae
522 2735 580 2798 tuo
599 2748 653 2799 res
668 2733 785 2818 amiur,
803 2735 919 2818 portae
936 2749 1010 2800 eum
1022 2732 1194 2817 praeimus
1209 2731 1316 2800 ardet.

365 2829 502 2898 Etcum
528 2846 587 2896 rex
609 2829 768 2898 Bohemie
793 2830 966 2900 didicisset
989 2828 1164 2898 Australes
1187 2830 1420 2897 munitissimos
1501 2865 1502 2880 i

293 2945 372 2996 esse
399 2926 441 2995 ad
466 2927 682 3016 pugnandum
707 2930 741 2996 in
767 2928 898 2998 duobus
925 2931 1055 3016 rnagnis
1076 2927 1286 3018 exercitibus,
1318 2933 1351 2996 et
1368 2945 1422 2994 re-

292 3043 369 3112 geur
396 3042 472 3094 esse
500 3031 649 3117 tenuem,
686 3033 719 3094 et
743 3045 824 3098 suos
858 3030 997 3116 segnius
1024 3026 1201 3117 advenire,
1237 3043 1280 3094 ex
1306 3044 1424 3113 rnagnu

291 3129 386 3212 parte
422 3142 501 3213 spes
536 3124 577 3193 ab
611 3143 652 3193 eo
679 3129 834 3218 recessit,
867 3133 903 3196 et
929 3145 1030 3215 super
1056 3143 1098 3195 eo
1130 3127 1201 3211 regi
1226 3125 1424 3211 loquebatur

293 3222 426 3291 dicens:
462 3223 491 3292 0
516 3223 598 3291 bone
622 3242 701 3308 ren,
727 3243 801 3293 urm
825 3227 934 3294 adduc
959 3228 1059 3292 aimus
1081 3225 1181 3310 pauci
1206 3224 1286 3310 quid
1311 3227 1425 3292 contro

292 3325 360 3388 tom
393 3339 548 3408 magnum
577 3322 808 3391 multitudinem
840 3324 1026 3408 foetemus?
1059 3322 1118 3390 Cui
1152 3341 1219 3421 rex¹
1241 3321 1423 3411 respondit,

293 3419 427 3488 dicens:
453 3421 545 3506 Fauo
571 3424 680 3489 emmo
705 3426 816 3506 estote,
843 3441 922 3490 eros
947 3424 1031 3490 enirn
1056 3422 1259 3507 epredtenutr
1274 3425 1308 3488 et
1327 3421 1424 3488 auct-

293 3518 370 3586 b'am
387 3519 517 3587 nomen
532 3518 707 3587 uidebimus
722 3539 821 3606 super
834 3539 904 3589 reor.
931 3519 1029 3602 Quod
1053 3527 1086 3588 et
1107 3520 1227 3588 lactum
1249 3524 1314 3588 est.
1343 3518 1424 3587 Cra-

206 3645 279 3686 ειη.
294 3619 381 3686 stina
415 3621 510 3686 enirn·
535 3617 588 3686 die
619 3620 769 3706 proxirna
796 3625 881 3688 ante
906 3637 1054 3709 pugnam
1082 3639 1101 3687 a
1126 3635 1222 3686 ruane
1247 3635 1357 3705 usque
1385 3615 1425 3685 ad

221 3700 254 3752 ²⁷
293 3723 424 3785 noctem
451 3723 543 3785 tanta
568 3715 740 3785 multitudo
769 3720 915 3806 equitum
934 3724 967 3786 et
987 3717 1134 3806 pedituur
1161 3717 1272 3786 divina
1294 3735 1425 3805 coope-

293 3823 387 3884 rante
414 3817 520 3902 gratia
545 3816 669 3903 passim
695 3815 893 3908 confluebat,
923 3816 1013 3905 quod
1039 3835 1097 3905 pre
1124 3808 1331 3884 multitudine
1359 3832 1425 3883 non

291 3918 446 4002 poterant
472 3916 643 4005 numerari,
672 3920 705 3984 et
730 3933 802 3982 cunr
819 3922 953 3984 venturu
972 3921 1065 3985 esset
1081 3914 1123 3984 ad
1141 3920 1272 3984 noctenr
1290 3913 1425 4003 quando

291 4013 414 4081 lumina
433 4013 571 4082 accendi
594 4014 705 4083 solent
721 4020 799 4082 ante
815 4016 1028 4106 papilionem,
1055 4020 1147 4083 tanta
1161 4012 1338 4100 longitudo
1358 4018 1427 4080 erat

292 4113 517 4203 tentoriorum,
545 4113 635 4202 quod
661 4132 680 4182 a
705 4114 810 4203 prirna
834 4120 929 4205 parte
955 4119 1135 4183 castrorum
1159 4112 1351 4181 ardentibus
1370 4111 1425 4180 fa·

329 4235 358 4300 l]
377 4237 493 4292 seeleres
510 4237 548 4292 bs.
