3044 4882
271 209 342 282 366
595 239 742 288 ranarius
762 237 972 288 noronrrnsrs
1008 239 1032 308 t,
1051 239 1075 293 3.

187 395 256 452 tero
269 399 349 451 vere
374 381 468 448 iuxta
493 377 655 446 Tullium:
680 379 743 468 „Er
757 396 826 446 non
844 379 979 447 multum
995 380 1121 449 obesse
1140 377 1407 470 iortnnapotest‚

270 481 325 569 qui
352 479 415 548 sibi
441 478 565 546 firmius
591 479 627 546 in
651 479 781 568 virtute,
809 496 907 565 qnam
927 481 961 546 in
982 497 1063 548 oasu
1089 478 1272 568 presidium
1298 479 1407 548 nollo-

269 575 392 647 oavit.“
423 578 466 647 lit
491 575 643 645 Seneea:
670 577 767 666 „ligo
795 575 957 645 fortunam
977 596 1041 647 nee
1065 581 1255 647 venientem
1271 595 1336 646 neo
1353 595 1407 646 re-

270 677 444 747 cedentem
472 679 601 764 sentio;
630 693 696 761 ego
723 683 828 743 terras
855 693 974 746 omnes
1001 683 1157 765 tanquam
1180 695 1272 745 meas
1297 676 1407 764 video,

269 785 303 847 et
321 795 414 846 meas
430 782 586 863 tanquam
603 771 781 844 omnium.“
812 775 864 842 De
879 777 1053 864 utriusque
1080 783 1191 845 tamen
1216 781 1280 845 tarn
1300 775 1408 859 Hein-

268 879 326 946 rioi
349 896 446 965 qnam
470 876 630 944 Iohannis
659 875 875 944 snooessibus
902 875 1040 946 interius
1068 881 1122 944 esi
1145 881 1303 944 notatum.

270 1059 319 1128 Ile
347 1059 587 1146 preparatione
617 1057 706 1144 repis
731 1057 765 1124 in
789 1055 941 1142 Ileliem,
967 1062 1001 1126 ei
1024 1059 1119 1127 eerie
1143 1054 1343 1126 merelionis
1370 1058 1408 1125 ile

367 1153 633 1226 Brendenburelr.
1245 1157 1327 1241 Cep,
1353 1157 1408 1224 iiii

186 1303 258 1343 serr.
341 1272 440 1342 Anno
457 1273 582 1342 domini
599 1289 741 1340 mooun.
758 1289 817 1340 rex
828 1273 923 1341 venii
937 1271 1074 1363 spiram,
1086 1274 1300 1342 etaooersitis
1311 1275 1408 1360 regni

268 1373 445 1461 nobilibus,
462 1390 547 1460 qnos
562 1371 603 1440 de
614 1373 711 1458 regni
727 1389 868 1461 eorpore
883 1372 1006 1441 hebere
1019 1377 1160 1463 poterat,
1181 1379 1275 1440 stans
1288 1373 1322 1440 in
1331 1372 1408 1441 loeo

267 1474 488 1561 eminentiori,
506 1473 698 1540 eonoionari
715 1470 757 1539 ad
775 1489 891 1540 omnes
908 1475 1011 1561 oepit:
1038 1472 1145 1556 Saliis,
1171 1472 1289 1560 inquit,
1316 1472 1407 1557 quel

265 1572 443 1660 imperialis
455 1573 594 1639 nemirais
602 1571 858 1658 plorieeumliis
873 1571 1078 1664 temporibus,
1089 1569 1407 1639 seilieelsublelione

265 1672 422 1741 Futileriei
435 1672 679 1757 semodiuspne
690 1667 795 1753 lodie,
805 1670 939 1754 ebelile,
952 1690 1054 1758 repno
1072 1676 1105 1739 el
1118 1673 1255 1757 imperio
1270 1671 1408 1739 deomni

259 1778 360 1860 perte
374 1772 492 1856 mundi,
503 1772 661 1856 precipue
673 1770 764 1855 epue
774 1769 918 1853 lleliem,
934 1772 1100 1838 meeimes
1116 1772 1292 1853 scissurus,
1301 1770 1405 1837 delri-

265 1875 510 1956 mentnmelque
523 1868 728 1953 scendelnm,
744 1873 777 1936 el
792 1871 889 1954 quest
904 1868 963 1937 sub
973 1875 1057 1937 tetre
1067 1869 1406 1954 eensresieeisuelule,

264 1972 404 2040 dissidio
428 1969 673 2037 eeulrooersies
694 1968 804 2053 spolie
826 1987 868 2036 ee
890 1968 1067 2036 letreeinie
1089 1971 1121 2037 ln
1143 1972 1257 2036 nostre
1274 1970 1405 2038 elimele

259 2071 444 2156 pertonuit.
471 2068 594 2153 Nempe
609 2067 742 2150 eeluee
751 2085 775 2133 e
788 2069 928 2136 tremite
943 2067 1099 2136 Frirleriei
1112 2069 1291 2154 seeepinle
1305 2070 1405 2136 erei-

264 2173 314 2236 ler
334 2185 494 2236 annorum
516 2172 665 2252 tempere
680 2165 743 2233 loe
764 2170 946 2248 testulutum·
972 2169 1118 2235 uiuiteles
1134 2186 1156 2234 e
1171 2167 1405 2252 uetuerimne
1507 2235 1508 2258 3

258 2267 391 2354 populis
420 2266 536 2353 populi
570 2264 663 2333 bellis
691 2264 837 2333 ciuilibus
862 2266 1075 2351 colliduntur,
1101 2269 1185 2335 inter
1208 2284 1344 2353 repnum
1371 2271 1405 2335 et
1488 2275 1508 2308 *¹

263 2368 483 2435 secerdotium
518 2367 649 2433 eversio
681 2366 806 2433 liuline
839 2369 948 2433 teres
979 2383 1084 2454 repne
1116 2371 1149 2433 el
1173 2366 1333 2452 pepulere
1362 2366 1405 2434 ei

262 2467 398 2552 imperio
430 2483 531 2533 suere
556 2465 669 2547 soleii,
695 2466 774 2550 quie
804 2482 869 2532 non
901 2470 977 2533 eret
1007 2468 1062 2552 pei
1088 2483 1125 2533 se
1150 2483 1276 2533 munem
1299 2467 1404 2533 inter-

260 2569 405 2652 poneret,
431 2565 485 2633 uel
508 2566 600 2632 errius
625 2565 749 2646 timere,
777 2565 921 2632 menium
945 2567 979 2632 in
1004 2566 1122 2649 ltalia,
1144 2566 1307 2651 praeesse
1331 2567 1404 2633 eis-

261 2667 375 2734 eerlie
398 2667 593 2751 sopirentur.
628 2662 768 2748 Insuper
799 2663 973 2732 suellelem
1003 2667 1118 2732 memmi
1142 2665 1309 2751 pontificis
1330 2681 1405 2732 enm
1506 2713 1507 2756 q

261 2767 380 2833 neniis
411 2765 627 2851 plurimarum
659 2764 825 2830 eieilelem
849 2762 1141 2832 lombardieernm
1179 2763 1404 2832 luseenenrm

261 2868 294 2931 el
318 2863 512 2931 llelieernm
538 2863 585 2928 ee
607 2861 856 2929 resereiendem
872 2863 1073 2932 collisionem
1097 2863 1279 2931 huiusmodi
1303 2880 1402 2931 reee-

257 2965 366 3050 pimus
391 2980 452 3030 nos
476 2966 656 3044 uouentem,
683 2966 716 3028 el
734 2978 902 3046 prospere
926 2962 1109 3031 nobiseum
1129 2959 1325 3030 eelihitioue
1343 2962 1400 3030 le·

260 3062 433 3130 nieolenlle
464 3060 601 3128 dieleiler
632 3054 878 3146 implentem,
913 3063 961 3129 ee
987 3080 1146 3130 eorenem
1170 3063 1296 3148 imperil
1321 3079 1402 3148 spe-
1505 3101 1506 3160 i

261 3161 390 3229 eieliler
402 3161 597 3228 innitentem.
630 3160 718 3228 Vires
735 3161 838 3226 nestri
858 3164 1010 3246 eorporis
1031 3180 1239 3248 eeponemes,
1259 3163 1403 3229 animum
1505 3163 1506 3170 ’

261 3261 444 3346 offeremus,
470 3259 566 3328 eelee
590 3275 707 3326 nemen
729 3259 848 3343 petrin,
874 3263 998 3328 emices
1020 3262 1212 3347 domumque
1225 3262 1402 3347 proprium

261 3365 294 3428 el
313 3377 436 3445 pueros
460 3359 686 3445 relinquemus.
725 3357 828 3425 llnuur
852 3362 1015 3444 estquod
1038 3361 1172 3446 impedit
1188 3365 1315 3428 lentum
1338 3358 1401 3427 lo-

260 3477 344 3542 num,
371 3460 441 3526 sine
466 3476 530 3544 que
560 3457 663 3525 nielli
685 3474 786 3543 opere
810 3456 974 3542 eelemus,
1000 3459 1128 3527 scilieet
1151 3459 1342 3545 cooperatio
1368 3463 1403 3526 et
1504 3539 1505 3544 Ἰ

260 3557 436 3626 misilium
465 3557 726 3643 repnicolerum,
752 3555 868 3642 quibus
901 3575 1035 3626 neeesse
1060 3561 1123 3626 erit
1146 3563 1293 3626 nestmem
1317 3556 1399 3624 lre-

260 3656 365 3727 elriem
390 3656 553 3740 roborem,
579 3656 786 3741 consiliisque
806 3660 838 3723 el
853 3656 1136 3741 internetionibus
1158 3659 1338 3743 septenium
1363 3658 1401 3723 in

260 3755 406 3824 omnibus
429 3747 631 3840 informarit
669 3751 722 3823 Aa
750 3755 840 3842 quod
867 3754 1056 3826 diiierenier
1080 3759 1229 3826 universi
1256 3754 1400 3826 eonola-

260 3873 349 3924 mare
384 3861 561 3944 oeperunt,
597 3855 682 3922 siout
713 3854 886 3942 quondam
906 3859 978 3944 regi
1002 3856 1111 3925 David
1139 3856 1245 3925 simile
1272 3855 1400 3942 aliquid

259 3973 320 4044 pro
349 3959 437 4023 statu
464 3957 557 4040 regni
593 3954 645 4022 sni
674 3956 827 4022 tractanti
852 3955 994 4024 letanter
1027 3957 1174 4046 populus
1207 3951 1400 4044 applaude·
1503 3965 1504 3990 ³

259 4054 334 4144 bat,
370 4053 503 4122 dioens:
536 4054 622 4152 „Tui
659 4071 773 4121 sumus
800 4071 820 4121 o
845 4053 971 4147 David,
1000 4062 1033 4124 et
1067 4064 1175 4125 tenum
1202 4057 1321 4123 erimus
1347 4053 1398 4122 iili

295 4206 326 4270 1)
345 4204 387 4258 die
404 4211 501 4259 uerte:
521 4211 547 4260 et
564 4218 691 4275 prospera
709 4233 741 4244 -
759 4209 925 4273 exoptantem
944 4207 1003 4261 sind
1021 4207 1109 4276 opiter
1129 4205 1327 4261 dnreirstnehen.
1362 4205 1398 4272 2)

261 4270 302 4327 die
319 4279 415 4328 warte:
433 4275 601 4342 consiliisque
620 4303 650 4313 -
669 4273 801 4328 intermori
824 4276 883 4329 sind
904 4277 931 4329 in
950 4275 998 4331 der
1014 4276 1052 4330 hs.
1069 4281 1159 4347 opiter
1176 4274 1380 4332 durehstrioiren.
