3052 4878
299 170 369 242 156
647 199 714 244 vrri
736 196 874 245 nuoovror
895 196 1004 253 ournrr
1028 197 1088 242 rur.

370 334 414 405 m
439 335 494 404 ubi
523 333 638 404 audita
664 341 718 403 est
743 333 830 404 lama
860 335 966 423 ipsius
993 341 1027 402 ct
1050 335 1191 404 victoria
1222 353 1293 404 oum
1320 333 1415 421 gloria

298 453 414 506 omues
439 439 548 503 cetere
569 435 720 503 civitates
739 439 773 502 et
793 434 938 504 confinia
964 433 1185 503 advenientes
1213 438 1417 522 suseepemnt

297 535 387 603 illum
414 552 488 602 cum
514 532 649 619 gaudio.
693 533 763 621 lpsi
789 550 924 622 quoque
950 532 1088 600 Romani
1115 534 1180 602 hoc
1203 533 1418 619 intelligentes

298 652 367 703 non
401 631 622 721 resistebant,
659 631 720 700 sed
746 632 889 700 letantes
922 631 1143 700 occurrebant
1168 633 1233 720 ipsi
1257 632 1420 720 plusquam

299 734 446 821 quinque
479 731 647 820 milliaria,¹
679 736 712 798 et
743 733 973 821 premittentes
1003 733 1139 800 nuntios
1167 731 1420 819 solempnissime

297 831 483 900 invitabant
508 835 544 897 ut
577 829 721 920 veniret,
749 831 838 898 unde
868 848 990 899 nomen
1015 828 1156 899 haberet
1189 831 1262 898 sive
1297 828 1421 896 titulum.

297 930 479 1018 Ipsumque
513 928 661 997 solentes
688 931 976 1018 appropinquare,
1003 935 1193 997 sternentes
1220 931 1307 996 viam
1330 928 1420 995 variis

296 1030 469 1119 vestibus,
504 1045 600 1117 auro,
634 1033 796 1118 argento,
832 1026 1109 1115 quemadmodum
1139 1019 1283 1095 Domino
1313 1023 1423 1094 lactum

298 1133 351 1196 est
374 1127 522 1195 venienti
547 1125 791 1214 lerosolymam
818 1128 969 1194 exierunt
995 1127 1127 1194 obviam
1151 1145 1225 1194 cum
1252 1124 1371 1212 gaudio
1396 1127 1424 1190 et
1502 1142 1503 1166 r

296 1225 355 1294 leti
387 1224 559 1293 dicebant:
601 1225 690 1292 Vivat
721 1225 806 1292 ren!
846 1224 1049 1311 clangentes
1084 1225 1171 1292 tubis
1208 1226 1373 1313 tympanis
1397 1227 1426 1290 et

298 1325 409 1393 choris
424 1331 458 1392 et
473 1323 618 1411 cytharis
646 1328 680 1391 et
705 1325 842 1411 organis
870 1325 979 1393 taliter
1005 1317 1196 1392 ducebant1
1222 1341 1284 1412 per
1299 1329 1425 1412 pontem

299 1423 440 1512 'tyberis
476 1422 626 1490 valenter
636 1475 645 1514 ,
678 1422 734 1490 ubl
769 1442 938 1511 nunquam
968 1421 1052 1492 allus
1080 1441 1197 1509 regum
1222 1424 1289 1491 nisi
1315 1426 1427 1490 armata

299 1541 398 1591 manu
424 1521 590 1611 veniebat,
618 1527 793 1590 cantantes
820 1522 866 1589 illi
893 1523 1023 1592 obviam
1049 1523 1107 1589 leti
1134 1528 1168 1589 ct
1193 1539 1267 1589 oum
1295 1520 1425 1608 gaudio:

299 1621 464 1690 novenum·
481 1619 708 1688 desiderabitis
725 1639 820 1706 quem
837 1620 1093 1705 cnpectabomns
1103 1639 1170 1705 pro
1192 1621 1334 1704 domino,
1358 1618 1428 1705 qnic
1503 1685 1504 1698 2

300 1725 335 1788 tn
359 1737 395 1788 cs
425 1719 538 1804 suctus
570 1736 647 1804 spes
681 1720 840 1787 desolatis
865 1724 898 1786 et
921 1737 1044 1806 magno
1076 1719 1261 1787 consolatio
1288 1717 1356 1802 bia,
1380 1717 1428 1802 qut

299 1819 432 1887 suntin
457 1819 632 1885 tormentis.
672 1817 759 1885 Hine
779 1817 857 1887 inde
880 1819 972 1886 multi
994 1818 1151 1886 militibus
1179 1818 1374 1886 sternebant
1397 1816 1427 1882 in

299 1919 354 1984 via
381 1915 538 1985 denarios
568 1921 684 1985 vestes
712 1923 746 1984 et
771 1925 908 1986 ornatus
938 1919 1068 2007 varim,
1097 1923 1130 1985 ct
1156 1919 1262 1984 omnis
1290 1915 1428 2004 populus

300 2018 445 2083 virorum
470 2020 503 2083 et
523 2016 692 2082 mulierum
715 2019 857 2084 occurrit
882 2017 927 2084 illi
951 2021 1109 2084 ornantes
1131 2033 1168 2084 se
1187 2014 1431 2102 decentissime,

302 2121 335 2182 et
360 2116 537 2182 universus
565 2115 673 2181 clerus
701 2115 864 2183 clamabat
888 2115 1054 2207 valenter,
1081 2113 1335 2183 introducentes
1362 2129 1429 2181 eum
1504 2157 1505 2178 2

300 2215 335 2281 in
362 2212 529 2302 templum,
557 2219 590 2280 et
609 2218 797 2282 statuentes
814 2233 889 2282 eum
911 2233 1012 2302 super
1030 2215 1135 2283 altare
1156 2232 1230 2282 eum
1254 2231 1363 2283 uxore
1379 2229 1433 2280 sua

302 2311 480 2380 dicentes:
514 2312 601 2380 Ecce
632 2313 763 2379 aduenit
794 2315 980 2381 deminmor
1005 2315 1162 2397 domnus,
1189 2317 1222 2379 et
1246 2311 1434 2400 regnnmin

218 2425 286 2481 1³28
302 2429 400 2478 mann
433 2412 501 2478 cina
526 2416 559 2478 et
576 2414 728 2496 potestas
753 2414 787 2478 et
817 2414 994 2498 imperinm.
1041 2413 1082 2481 Et
1109 2411 1288 2480 celebratis
1316 2413 1434 2479 missa-

233 2565 265 2618 17

222 2511 281 2551 ³⁸¹¹·
301 2530 372 2578 rum
408 2511 570 2579 solenniis
606 2515 785 2578 coronatus
819 2518 872 2580 est
898 2530 974 2579 cum
999 2529 1104 2581 uxore
1132 2529 1194 2579 sua
1220 2529 1350 2580 corona
1373 2511 1433 2576 im·-

298 2611 427 2700 periall,
453 2609 572 2678 dantes
597 2611 631 2678 in
657 2627 757 2676 manu
783 2612 855 2679 eius
882 2617 1048 2699 sceptrum
1071 2616 1104 2678 ct
1129 2628 1261 2698 pomum
1291 2625 1432 2695 aureum,
1505 2609 1506 2628 ¹

301 2710 521 2778 ostendentes
556 2727 630 2776 eum
665 2709 754 2776 omni
784 2709 928 2801 populo,
964 2710 1147 2777 clamantes
1175 2715 1208 2777 et
1234 2727 1311 2776 oum
1337 2706 1433 2776 iubilo

301 2808 465 2877 dicentes:
499 2807 562 2874 Hie
588 2809 638 2874 est
660 2825 723 2874 ren
748 2825 860 2893 regum
885 2812 918 2874 et
945 2809 1093 2876 dominns
1118 2809 1356 2875 dominantium
1375 2820 1436 2892 per

299 2908 481 2975 universnm
513 2906 674 2972 mnndum.
722 2906 764 2973 Et
790 2908 941 2974 oratione
976 2906 1053 2976 lusa
1084 2908 1228 2976 vestitus
1266 2912 1323 2974 est
1347 2907 1436 2974 vesto

299 3005 519 3093 pulcherrima
539 3021 613 3072 cunr
631 3021 692 3071 sua
710 3007 855 3091 coniuge
869 3005 1092 3096 Margarctha,
1120 3011 1279 3094 suscepto
1309 3009 1435 3092 sceptro

301 3109 335 3171 et
359 3120 459 3192 pomo
486 3120 589 3170 aureo
615 3103 648 3169 in
675 3103 845 3194 manibus,
874 3110 1027 3173 tenentes
1061 3104 1169 3172 celum
1206 3121 1308 3192 super
1342 3104 1436 3190 caput

302 3203 392 3292 eius,
420 3207 453 3269 ct
479 3201 659 3288 equitando
687 3200 847 3270 ducentes
865 3221 934 3292 *per
960 3208 1063 3271 totam
1089 3205 1256 3271 civitatem
1284 3209 1320 3271 et
1346 3203 1435 3271 vicos

302 3305 336 3368 et
365 3300 511 3389 plateas,
538 3303 572 3368 in
607 3300 725 3368 fistulis
753 3307 785 3368 et
819 3304 984 3390 tympanis
1013 3310 1046 3370 et
1080 3302 1210 3392 clroriS,
1247 3307 1436 3370 sternentes

300 3399 387 3468 viam
412 3399 565 3467 vestibus
592 3399 719 3489 soricis,
748 3405 782 3466 et
803 3399 947 3469 denariis
965 3402 1135 3488 argenteis
1160 3406 1194 3469 et
1211 3402 1325 3469 aureis
1345 3417 1438 3489 spar-

301 3503 422 3584 gentes
439 3499 536 3587 viam,
553 3496 739 3564 clamabant
754 3497 925 3568 iubilando
945 3499 1114 3569 dicentes:
1140 3499 1228 3567 Ecce
1246 3517 1311 3566 ren
1332 3513 1441 3586 rogum

302 3600 335 3665 et
358 3598 505 3664 dominns
532 3597 780 3687 dominantium,
817 3600 998 3684 imperator
1025 3616 1154 3685 semper
1179 3598 1364 3684 nupturos!
1404 3595 1441 3663 lit

302 3694 553 3764 introducentes
588 3712 662 3761 eum
688 3695 722 3760 in
756 3697 914 3782 palatium
945 3715 1041 3765 suum
1071 3699 1104 3764 in
1131 3697 1234 3765 iubilo
1262 3701 1296 3764 et
1323 3695 1438 3783 gloria,

303 3794 521 3864 ostendentes
549 3793 612 3861 sibi
637 3792 739 3860 multa
764 3795 889 3879 gaudia
909 3815 972 3884 que
992 3802 1071 3864 sunt
1091 3795 1337 3886 inenarrabilia,
1367 3801 1438 3862 sta-

303 3899 437 3963 tuentes
465 3892 578 3961 mundl
605 3891 773 3960 dominum
797 3913 858 3982 per
885 3895 1008 3964 secula.
1049 3895 1090 3964 llt
1110 3895 1242 3963 duravit
1264 3895 1331 3962 lroc
1351 3910 1440 3980 gau-

304 3991 393 4061 dium
428 4010 535 4081 usque
567 3991 610 4060 ad
644 3990 731 4058 diem
758 3998 928 4086 octavum,
956 3993 1137 4063 ollerentcs
1164 3995 1194 4062 ei
1221 4010 1360 4062 munera
1386 3993 1439 4058 in-

340 4219 370 4285 l]
390 4232 447 4274 eum
465 4218 566 4273 seboint
584 4231 614 4271 zu
633 4215 732 4272 iohlen.
