3044 4882
262 185 334 254 278
584 211 724 258 nonnanes
746 211 950 256 neronianam.
986 209 1010 274 1,
1030 209 1051 260 l.

264 353 360 438 regni
384 349 565 418 Ierusalem
591 348 689 418 ireres
714 349 787 440 luit,
815 367 883 418 non
909 348 1049 417 duxerat
1072 349 1106 416 in
1134 348 1289 417 sobtium
1315 352 1398 415 terre
1517 339 1518 364 ¹

265 457 383 520 sancte
404 452 489 518 siout
512 449 740 536 spoponderat
752 451 893 536 prestilo
915 450 1110 517 iuramento.
1145 447 1226 515 Post
1251 446 1316 514 bec
1335 447 1400 512 im-

183 550 249 605 1229
264 558 397 639 perator
423 549 596 635 religionis
620 566 659 616 ac
674 548 864 618 devotionis
883 553 1042 635 pretextu
1069 552 1158 615 mare
1170 546 1312 635 transiit,
1339 561 1399 612 uc·
1517 593 1518 604 r

265 655 362 738 cepto
389 647 603 717 iamdudum
631 647 806 733 signaculo
833 653 949 715 sancte
975 649 1083 714 crucis
1111 664 1185 713 cum
1212 645 1342 733 multia,
1370 650 1402 712 et

262 767 350 838 pene
385 748 485 817 nichil
519 745 608 814 aliud
635 746 725 834 quod
752 746 793 814 ad
821 746 923 814 decus
949 745 1087 814 horroris
1114 747 1280 834 pertineat
1306 760 1402 830 quam

262 847 393 916 titulum
425 849 521 933 regni
554 845 735 914 Ierusalem
763 847 960 933 reportavit,
989 851 1023 912 et
1048 846 1136 913 bunc
1163 862 1252 912 anno
1279 831 1403 911 domini
1517 911 1518 930 ,

262 964 443 1016 m.oo.xn.v.
472 952 523 1014 est
549 944 702 1035 adeptae,
730 951 764 1012 et
794 947 844 1012 sic
874 944 991 1032 triplici
1018 942 1206 1012 diademato
1231 941 1404 1010 Romano·
1517 943 1518 990 ῑ

262 1065 338 1116 rumw
371 1045 494 1134 Syoilie
529 1050 564 1112 et
596 1044 777 1112 Ierusalem
804 1044 920 1111 claruit
951 1045 1138 1129 insigniter.
1178 1043 1277 1110 Extat
1303 1059 1404 1129 super

263 1145 326 1214 biis
361 1143 505 1234 epistola
538 1161 627 1231 pape.
660 1143 792 1228 digesta
825 1151 939 1210 eontra
982 1159 1056 1210 eum
1096 1160 1160 1229 que
1196 1141 1332 1229 incipit:
1364 1139 1405 1206 Io

263 1247 366 1312 mura
399 1244 567 1310 aldtudinc
601 1244 758 1328 spacioso
789 1243 944 1309 cubiculo
969 1241 1063 1309 Petri
1081 1243 1196 1326 positu
1221 1247 1303 1328 etc,
1331 1240 1404 1306 eius

265 1361 429 1412 excessus
448 1348 481 1409 et
501 1341 737 1427 negligentiam
762 1343 908 1426 graviter
927 1341 1143 1428 querulantis.¹
1168 1340 1229 1406 Est
1247 1344 1280 1406 et
1294 1340 1404 1425 ipsius

260 1443 471 1530 imperatoris
499 1441 640 1528 epistola
667 1459 732 1528 que
759 1441 890 1528 incipit:
922 1440 1043 1507 Leonte
1067 1442 1101 1507 in
1127 1440 1263 1506 mmai
1288 1437 1405 1504 oeulos

263 1534 419 1624 oestroe¹,
446 1541 596 1608 iniuriam
624 1545 657 1607 et
684 1540 900 1626 calumpniam
933 1539 996 1606 sibi
1023 1539 1093 1608 lieri
1118 1537 1343 1626 deplorantis,
1374 1541 1406 1604 et

265 1639 355 1727 quod
380 1658 469 1728 papa
495 1655 632 1724 guerras
668 1646 768 1726 atque
796 1641 1190 1726 oppositiones'enortas
1217 1637 1251 1702 in
1278 1635 1407 1723 Sycllie
1517 1689 1518 1692 ,

263 1745 298 1806 et
322 1737 520 1810 Alamannia
545 1740 741 1806 remanserit
766 1740 996 1825 protestantis.
1389 1769 1392 1778 ·

339 1839 412 1906 Fuit
437 1838 489 1904 bic
515 1836 670 1904 balderici
694 1838 790 1924 primi
812 1855 938 1926 napos,
965 1836 1111 1904 Heinrici
1135 1836 1221 1903 senti
1245 1851 1287 1901 cn
1308 1831 1407 1900 Con·
1517 1853 1518 1890 r

265 1939 388 2006 stantia
414 1936 480 2004 lrlia
504 1935 641 2022 Rogerii
667 1935 853 2004 Siculorum
876 1938 965 2022 regis
983 1934 1079 2024 filius,
1108 1935 1273 2020 ctgceuit
1297 1933 1404 2018 quin-

266 2053 331 2122 que
360 2036 456 2104 ilios.
499 2034 594 2103 Duos
626 2035 754 2103 scilicet
787 2035 976 2102 Heinrieum
1004 2051 1117 2119 regem
1144 2030 1340 2100 allemannie
1367 2036 1407 2098 et

265 2133 476 2202 Cbunradum
501 2133 618 2201 ducem
642 2133 825 2202 Suevcrum
844 2152 887 2202 en
902 2135 1047 2218 coniuge
1067 2141 1127 2200 sua
1145 2123 1283 2220 prima&
1305 2129 1405 2198 Duas

265 2233 393 2302 scilicet
424 2231 644 2301 Meinlrcdum
679 2230 802 2321 Apulia
834 2235 1016 2321 principem
1050 2238 1083 2299 et
1115 2232 1253 2300 Enoium
1288 2247 1406 2314 regem

264 2331 464 2402 Lcmbardie
487 2351 528 2400 ex
551 2332 678 2399 Blenlra
703 2331 943 2400 marchionissa
960 2332 1140 2398 Loutuensi
1168 2330 1209 2398 de
1236 2329 1406 2414 sanguine

265 2432 368 2500 nobili
393 2433 577 2520 principum
604 2431 731 2498 lilontls
757 2431 900 2521 Ferrati,
928 2431 1187 2498 ledismontium
1216 2435 1249 2496 et
1272 2426 1407 2496 Astee-

265 2532 350 2599 sium
395 2531 436 2599 Et
458 2531 512 2598 bio
539 2529 672 2617 quidem
694 2549 753 2598 rex
776 2549 796 2599 a
816 2529 1085 2598 Bononiensibus
1111 2547 1217 2616 prope
1242 2527 1407 2595 lilrrlinam

264 2631 298 2698 in
332 2631 440 2698 Fossa
470 2627 548 2697 Alta
582 2636 699 2718 eaptus
732 2631 766 2696 in
801 2629 953 2697 Bononia
985 2630 1132 2696 ultimum
1157 2627 1245 2695 dena
1272 2627 1407 2694 clausit.

266 2727 420 2809 Quintum
454 2728 570 2796 babuit
605 2745 646 2796 ex
680 2728 745 2796 lilia
778 2730 869 2814 regis
902 2725 1101 2796 Anthiocbie
1138 2727 1233 2814 Syrie
1268 2728 1406 2793 nomine
1517 2737 1518 2794 l

265 2826 474 2916 Friderioum,
502 2829 595 2896 cuius
623 2826 754 2913 quidem
782 2834 929 2916 matrem,
957 2827 1055 2894 filiam
1081 2841 1249 2912 generose
1268 2824 1407 2892 domine
1517 2883 1518 2914 ,

266 2926 456 3015 supradicte
483 2926 704 3016 iuvenculam,
732 2927 803 2993 eius
827 2925 1070 3014 pulchritudine
1089 2925 1165 3013 plus
1184 2925 1408 3012 qrrammatris
1517 2919 1518 2952 ³

266 3031 395 3113 captus,
423 3015 537 3092 duxit³
562 3022 638 3092 dum
663 3025 699 3094 in
724 3025 788 3092 illis
814 3025 962 3112 partibus
988 3030 1181 3093 moraretur.
1223 3023 1318 3092 lluuc
1343 3041 1409 3088 re·
1517 3043 1518 3048 ¹

266 3141 342 3210 gem
378 3124 500 3192 luscio
531 3122 690 3214 proiecit,
726 3129 760 3191 et
785 3123 874 3212 apud
899 3125 1103 3192 blarenciam
1130 3121 1290 3209 decessit,
1317 3123 1408 3209 patri

263 3222 363 3290 valde
390 3239 497 3312 carus,
524 3223 638 3310 probis
672 3223 801 3291 actibus
828 3229 860 3290 et
888 3225 1035 3310 egregiis
1063 3223 1249 3291 decoratae.
1291 3220 1408 3288 Heia·-

265 3323 355 3390 n‘cus
381 3322 511 3390 delatus
538 3320 580 3390 ad
607 3327 751 3412 patrem,
786 3320 877 3409 quod
908 3339 982 3390 cum
1006 3342 1094 3411 papa
1120 3319 1342 3390 cardinalibus
1371 3325 1410 3388 et
1517 3407 1518 3410 Ἴ

264 3421 470 3510 principibus
491 3417 686 3488 Alamannia
714 3427 828 3489 contra
853 3427 979 3509 patrem
1004 3423 1116 3509 aliqua
1132 3420 1309 3508 moliretur,
1338 3437 1407 3486 aa·

264 3521 373 3610 pitur,
410 3527 442 3588 et
468 3522 499 3587 in
523 3519 683 3608 ¹Spciliam
719 3519 882 3589 abductus
918 3520 1006 3609 apud
1039 3520 1173 3588 Multam
1207 3519 1409 3586 interimitur

264 3621 298 3686 in
325 3620 479 3688 custodia
513 3620 681 3688 carcerali.
721 3618 772 3688 Dc
807 3623 902 3687 ouius
929 3621 1198 3706 transgressione
1223 3619 1410 3706 imperator

263 3720 474 3788 mencionem
499 3717 577 3786 iecit
609 3720 643 3785 in
676 3736 737 3786 sua
764 3717 806 3786 ad
833 3719 1001 3806 principes
1030 3717 1172 3807 epistola
1198 3715 1407 3804 supradicta.
1517 3787 1518 3808 ,

266 3817 450 3905 Statimque
478 3816 673 3884 Cbunradus
702 3835 761 3884 rex
786 3816 1009 3886 Romanorum
1037 3825 1070 3884 et
1087 3817 1194 3884 *heras
1221 3817 1316 3903 regni
1340 3814 1408 3883 Ic·-
1517 3811 1518 3816 ’

262 3917 408 3996 rusulum
435 3916 642 4002 designatur.
679 3913 741 3996 Qui
768 3923 908 4006 accepta
934 3933 1038 3985 uxore
1064 3914 1255 4005 Elisabeth,
1283 3931 1407 3984 sorore
1517 3977 1518 3988 ,

298 4106 328 4167 1)
346 4103 442 4156 llatirt:
463 4103 579 4164 Treriso,
599 4103 633 4156 20
650 4106 713 4172 april
735 4103 799 4158 1239
817 4107 871 4160 und
888 4104 1020 4160 mebriaclr
1039 4105 1172 4174 gedruclrt,
1189 4103 1269 4168 vergi.
1287 4101 1328 4156 die
1345 4101 1408 4156 ne-

263 4176 337 4238 gesta
354 4167 475 4226 iridemci
493 4169 523 4224 ll.
577 4173 608 4237 2)
627 4177 655 4224 et
671 4172 815 4226 conthorali
840 4187 887 4228 sua
911 4174 959 4228 sibi
983 4174 1107 4242 legittime
1135 4175 1233 4230 sociata
1260 4169 1334 4226 stand
1351 4183 1407 4226 ur-

263 4239 421 4309 spriinglicb.
457 4237 489 4304 3)
508 4239 555 4301 Die
574 4244 657 4295 warte
676 4243 748 4295 cuius
767 4241 869 4310 quadem
880 4240 1002 4299 bisduxr‘t
1017 4245 1077 4298 sind
1095 4241 1184 4312 spiter
1202 4237 1405 4308 angustiam
