3002 4880
413 212 556 260 onnomcr
578 213 615 258 nn
637 214 736 260 ensrrs
757 213 923 260 rnrrorrurr.
1187 187 1231 252 55

180 353 296 422 Varum
310 369 370 420 rex
386 351 569 420 Ludwions
586 367 727 420 cernens
746 369 784 420 se
800 357 877 420 aute
894 356 928 419 et
943 356 1031 419 retro
1046 350 1232 421 vehemen-
1253 366 1318 422 rste

116 460 158 522 ter
172 453 211 520 ab
235 451 388 520 hostibus
417 451 641 540 circumcingi,
669 453 775 520 timuit
801 451 842 518 ab
863 452 913 518 eis
939 452 974 519 in
994 457 1080 519 terra
1099 452 1233 538 propria

113 553 297 640 periclitari,
323 549 366 619 de
399 551 593 636 longinquis
621 568 661 618 ac
689 551 888 639 propinquis
914 549 1063 638 partibus
1089 549 1232 638 nobiles,

114 650 290 740 ignobiles,
318 651 458 718 comites
486 654 520 716 et
543 649 687 718 barones
715 653 897 739 convocat,
926 655 959 716 et
985 648 1134 716 celeriter
1159 648 1232 716 Deo

111 751 243 838 propitio
269 755 336 818 tam
361 746 521 834 grandem
540 743 759 835 congregavit
776 750 973 837 exercitum,
1002 746 1092 834 quod
1115 747 1233 838 hostes

112 866 184 918 suos
207 850 241 916 in
268 848 343 918 solo
361 849 497 936 proprio
520 847 707 934 impavidus
730 853 764 915 et
779 865 896 916 secure
918 849 1024 935 potuit
1045 851 1233 934 expectare.

111 946 190 1014 later
221 964 306 1034 quos
340 951 411 1016 erat
445 947 545 1016 etiam
580 945 756 1014 Heinricus
784 945 851 1016 dux
876 947 1047 1035 Bawarie,
1074 951 1111 1012 ut
1136 943 1235 1013 ferret

110 1048 174 1132 regi
198 1046 364 1138 auxilium,
392 1047 448 1133 qui
483 1063 555 1113 cum
589 1047 659 1114 suis
687 1051 759 1114 erat
781 1045 827 1113 ibi
853 1045 896 1114 ad
921 1044 1140 1134 pugnandum
1165 1061 1233 1114 non

109 1143 307 1213 mediocriter
331 1149 538 1233 preparatus

175 1243 242 1312 Sed
260 1249 354 1312 erant
374 1243 507 1331 quidam
525 1245 662 1330 maligni
681 1248 716 1312 et
738 1241 986 1310 sceleratissimi
1005 1241 1046 1310 de
1063 1247 1157 1330 parte
1174 1261 1234 1310 re-

109 1343 174 1432 gis,
200 1347 337 1411 auctore
364 1341 498 1411 diabolo
523 1343 647 1412 invidie
674 1341 804 1412 lacibus
830 1340 1031 1431 inflammati,
1060 1341 1123 1410 sed
1144 1340 1234 1428 quod

109 1443 208 1527 magis
234 1447 328 1531 puto,
354 1443 497 1530 pecunia
524 1444 680 1531 corrupti,
708 1443 764 1528 qui
779 1439 876 1508 ledus
900 1445 934 1508 et
955 1441 1234 1527 conspirationem

107 1539 323 1608 inviolabilem
350 1546 467 1609 contra
493 1557 608 1627 regem
633 1542 795 1630 inierunt,
823 1544 860 1606 ut
884 1542 993 1626 ipsum
1020 1537 1074 1606 die
1101 1538 1235 1607 adhoc

107 1637 255 1725 deputato
283 1643 361 1706 ante
388 1638 474 1707 diem
499 1639 594 1728 prelii
620 1631 829 1707 auditurum¹
854 1640 1001 1727 missam,
1029 1637 1108 1707 dolo
1134 1644 1234 1704 tene-

107 1743 172 1806 rent
197 1743 230 1806 et
255 1737 451 1808 occiderent
477 1744 510 1805 et
535 1741 604 1806 vita
629 1737 777 1806 funditus
804 1739 980 1826 privarent
1023 1733 1121 1816 Quod
1147 1734 1234 1804 laci-

106 1853 162 1904 nus
188 1835 244 1904 diu
269 1838 375 1906 latere
401 1854 471 1906 uon
496 1840 613 1926 potuit,
640 1837 703 1908 sed
724 1838 790 1906 cito
809 1838 897 1925 oepit
916 1853 1051 1923 serpere
1071 1836 1105 1901 irr
1127 1834 1233 1925 turba,

107 1934 188 2021 quod
213 1953 275 2004 rex
301 1942 395 2006 esset
420 1939 454 2004 in
480 1939 625 2004 crastino
652 1938 824 2005 occisurus
836 1928 859 2005 ².
878 1933 959 2016 «Quo
980 1933 1094 2002 andito
1116 1950 1233 2002 omnes

105 2035 212 2102 timore
238 2037 403 2125 percussi,
432 2027 607 2105 dicentes³
626 2033 716 2121 quod
742 2051 905 2123 percusso
931 2052 1012 2118 rege
1038 2034 1093 2102 vel
1114 2031 1232 2118 lugeto

104 2149 211 2202 omnes
237 2133 395 2202 hostibus
421 2133 526 2222 preda
551 2134 678 2224 fierent,
704 2151 868 2221 percusso
893 2135 979 2200 enim
1004 2138 1140 2220 pastore
1167 2146 1233 2199 no-

105 2247 195 2301 cesse
216 2237 272 2300 est
294 2250 433 2319 gregem
454 2235 644 2321 expositum
659 2232 805 2321 periculo
826 2229 991 2318 deperire.
1017 2229 1112 2298 Unde
1136 2232 1233 2298 etiam

105 2328 166 2400 dux
189 2330 371 2400 Heinricus
394 2331 534 2400 audiens
555 2338 620 2400 tam
643 2330 779 2399 crudele
799 2331 919 2398 malum
941 2334 1114 2397 venturum
1133 2345 1235 2417 super

10 2457 13 2464 λ
104 2446 210 2514 regem
237 2430 420 2520 obstupuit,
449 2435 483 2498 et
509 2434 648 2518 cupiens
676 2448 714 2498 se
742 2429 871 2498 salvare
898 2446 970 2498 oum
998 2430 1069 2496 suis
1096 2427 1175 2494 abiit
1201 2431 1235 2494 et

103 2530 248 2598 recessit.
288 2526 362 2609 Quo
390 2529 570 2598 recedente
597 2547 713 2598 omnes
740 2530 795 2596 alii
822 2527 1062 2594 discesserunt.
1106 2525 1173 2593 Sed
1200 2531 1234 2594 et

102 2645 155 2694 rex
185 2628 310 2697 videns
345 2645 382 2696 se
418 2646 496 2696 esse
533 2628 685 2696 delusum
718 2633 750 2694 et
780 2627 848 2709 iam
870 2624 1032 2693 fortunam
1059 2641 1128 2694 uon
1154 2641 1232 2692 esse
1250 2653 1323 2693 sarr.

103 2743 170 2794 cum
196 2745 259 2816 eo,
284 2728 426 2795 recessit
452 2729 549 2796 etiam
576 2730 648 2795 sine
675 2727 790 2794 mortis
816 2725 982 2814 periculo,
1008 2729 1045 2792 ut
1070 2720 1233 2812 prelatum
1268 2708 1301 2761 29

104 2831 166 2915 ost,
193 2825 259 2894 sed
286 2843 355 2893 non
387 2827 460 2894 sine
487 2843 610 2912 magno
637 2825 754 2894 dolore
781 2823 891 2892 cordis
918 2829 952 2891 et
977 2839 1115 2912 merore,
1143 2823 1233 2889 reoi-
1338 2861 1346 2872 ·

102 2924 191 3010 piens
207 2943 246 2994 se
261 2926 296 2992 in
309 2924 464 2993 dionaeo.
479 2924 574 2992 Unde
591 2925 677 2992 scire
694 2939 876 3011 possumus
891 2927 996 2990 totum
1011 2920 1134 2989 lactum
1154 2937 1232 2992 esse

101 3021 132 3088 in
156 3022 249 3107 dolo,
276 3027 313 3090 ut
338 3022 454 3109 lugeto
481 3041 563 3110 rege
585 3023 640 3091 vel
665 3032 840 3111 perempto
862 3018 1038 3090 Australes
1058 3019 1234 3088 videantur

102 3138 174 3188 esse
206 3124 355 3190 victores
390 3123 468 3190 belli
501 3129 534 3190 et
563 3125 632 3207 jam
658 3123 790 3190 nemine
817 3119 1013 3209 probibente
1040 3119 1174 3188 valeant
1200 3121 1234 3188 in

102 3218 249 3313 Bouaria
276 3220 447 3290 dominari.

159 3319 241 3390 Post
256 3337 430 3390 recessum
448 3321 548 3406 igitur
564 3320 654 3406 regis
671 3316 847 3386 Australes
867 3317 970 3386 duces
990 3335 1064 3384 oum
1080 3317 1151 3384 suis
1167 3333 1232 3384 ex-

102 3419 254 3488 ercitibus
270 3418 457 3486 Baworium
475 3421 640 3488 intravere
659 3413 900 3502 gaudentes'et
924 3418 1020 3503 qnasi
1036 3414 1077 3483 de
1094 3416 1233 3484 victoria

102 3517 323 3607 gratulantes,
351 3517 469 3585 dantes
502 3536 563 3585 sue
596 3518 756 3606 potestati
790 3514 881 3602 quod
911 3517 1023 3605 potius
1050 3512 1233 3582 debebatur

102 3618 221 3686 nostris
253 3618 343 3684 vitiis
377 3622 412 3686 et
441 3618 609 3707 peccatis,
645 3620 681 3683 ut
707 3618 777 3700 jam
811 3615 910 3683 tertia
943 3615 1016 3682 vioe
1043 3616 1231 3700 campestre

101 3712 218 3784 bellum
240 3715 433 3802 neglectum
454 3714 554 3784 luerit
579 3715 622 3782 ab
647 3717 809 3802 utrisque.
833 3712 986 3799 Denique
1013 3711 1233 3780 decreverunt

104 3809 308 3882 descendere
333 3814 376 3882 ad
401 3812 576 3882 interiores
598 3818 711 3902 partes
738 3814 901 3880 Bouario,
928 3808 1056 3891 Quibus
1083 3808 1231 3878 descen-

102 3908 254 3982 dentibus
279 3931 410 3982 omnem
435 3914 521 3980 eirea
538 3932 575 3982 se
594 3912 778 3982 incendunt
797 3911 1013 4001 provinciam,
1033 3913 1067 3974 et
1082 3907 1232 3976 volenti-

102 4006 160 4077 bus
180 4015 321 4082 tramsire
338 4012 538 4102 Danubium,
564 4018 601 4080 ut
619 4013 780 4080 intrarent
801 4010 1006 4100 provinciam
1024 4005 1232 4098 Noricorum,

102 4112 199 4178 vetati
227 4116 312 4182 sunt.
340 4110 605 4200 Ratisponenses
626 4113 711 4180 enim
738 4109 980 4197 compatientes
998 4107 1080 4195 regi,
1108 4105 1233 4174 dolen·

135 4231 163 4297 l)
182 4231 311 4288 auditurus
329 4233 368 4288 bs.
403 4234 436 4300 2)
454 4233 490 4287 Es
508 4235 581 4288 sollte
599 4233 704 4286 lreissen
723 4229 879 4284 occidendus
924 4228 955 4293 3]
974 4225 1118 4282 dicentibus
1136 4226 1174 4282 lrs
