3052 4878
448 249 563 295 1111111
585 251 628 295 ae.
650 249 790 296 cornour.
812 249 946 295 1111111.
1197 221 1265 290 111

128 389 250 458 cebant
269 391 390 477 autem,
411 387 503 474 quod
519 389 549 456 si
567 387 742 457 recederet
756 394 833 456 aute
851 406 936 480 eum,
954 387 1045 475 quod
1067 387 1130 478 ipsi
1146 405 1263 458 omnes
1281 402 1347 456 iaia

128 495 224 557 erant
250 489 284 554 in
309 487 457 574 periculo
484 492 516 554 et
547 504 724 576 corporum
750 493 783 557 et
809 487 990 577 domorum,
1019 494 1053 556 et
1080 487 1170 575 quod
1197 488 1263 558 do-

126 589 236 655 minus
263 585 442 677 lohannes,
469 603 512 653 ex
534 604 600 672 quo
621 589 729 675 ipsum
747 605 816 655 non
833 587 1051 676 impediverat
1067 587 1109 656 de
1129 604 1263 680 corona,

126 687 186 774 qui
211 683 256 752 ad
288 684 353 752 hoo
379 689 533 773 uenerat,
562 685 653 772 quod
686 704 754 754 nou
781 692 904 776 staret,
931 685 1052 754 sedin
1080 688 1264 754 continenti

125 782 312 852 recederet.
351 783 514 851 Dominus
528 785 707 871 imperator
722 784 906 854 excusabat
923 803 961 853 se
973 792 1007 852 et
1024 791 1161 873 propter
1178 803 1265 853 con-

126 881 342 951 suetudinem
359 885 526 970 antiquam
543 884 787 973 imperatorum,
811 886 867 971 qui
882 883 1045 951 recedunt
1062 902 1187 952 corona
1205 901 1265 952 re·

127 987 245 1072 cepta,
273 986 306 1048 et
333 988 465 1069 propter
490 981 592 1049 multa
615 982 681 1050 alia
706 1001 772 1070 que
802 984 891 1051 clare
915 985 950 1050 in
978 984 1048 1050 suis
1075 983 1264 1051 hominibus

127 1079 353 1170 apparebant,
386 1082 443 1166 qui
474 1080 700 1168 disponebant
732 1099 770 1150 se
797 1081 840 1149 ad
866 1099 1056 1172 recessum,
1085 1083 1171 1150 sicut
1197 1081 1265 1150 dux

124 1179 268 1248 Bavarie
296 1185 330 1246 et
356 1181 496 1247 maiores
524 1181 700 1270 exercitus,
729 1183 785 1267 qui
802 1180 892 1248 nullo
915 1180 1015 1248 modo
1037 1198 1170 1248 manere
1196 1198 1264 1248 vo-

124 1277 252 1366 lebant,
280 1277 411 1345 etiamsi
428 1277 581 1346 domiuus
603 1285 760 1370 maneret,
788 1285 824 1346 ut
845 1283 997 1367 apparuit
1019 1297 1079 1367 per
1100 1279 1264 1347 ellectum.

126 1375 194 1457 Qui
229 1377 327 1443 etiam
358 1374 498 1465 predicti
530 1378 729 1465 reputabant
767 1395 804 1445 se
830 1379 865 1444 in
897 1377 1048 1466 periculo
1072 1377 1265 1446 recedendo

126 1480 162 1543 et
180 1474 350 1542 dominum
377 1477 609 1564 imperatorem
626 1476 803 1566 manendo,
830 1483 863 1543 et
882 1477 947 1544 hcc
970 1495 1043 1544 curn
1060 1495 1128 1544 non
1150 1482 1266 1545 essent

127 1579 181 1642 tot
206 1573 360 1641 homines
387 1573 533 1662 quodsi
561 1575 654 1643 lieret
679 1575 811 1665 divisio,
840 1576 918 1662 quin
946 1593 1062 1642 omnes
1089 1583 1205 1642 essent
1230 1576 1265 1642 iu

126 1672 294 1761 periculo.
333 1672 375 1740 Et
400 1680 511 1742 tamen
537 1674 678 1741 finaliter
703 1674 779 1763 plus
807 1674 982 1758 elegerunt
1000 1675 1182 1761 perieulum
1211 1675 1265 1740 vie

125 1789 228 1858 quam
255 1771 401 1839 calorum
427 1774 460 1840 11
486 1772 577 1862 urbe,
606 1775 663 1860 qui
690 1775 773 1840 satis
800 1773 913 1857 magui
938 1778 1032 1839 erant
1051 1771 1103 1839 his
1130 1771 1264 1861 diebus,

124 1875 160 1940 ct
188 1869 357 1937 dominum
383 1889 479 1939 suum
504 1874 539 1938 11
564 1870 622 1941 1111
649 1871 795 1960 periculo
823 1861 1028 1939 dimiserunt.

201 1967 365 2036 Dominus
391 1971 570 2058 imperator
594 1970 713 2038 volens
740 1972 774 2037 in
801 1970 912 2057 aliquo
938 1968 1094 2038 Romanis
1127 1966 1265 2036 satista-

127 2084 220 2157 cere,
247 2068 308 2134 ivit
332 2069 368 2134 in
394 2069 552 2156 Tyburim
573 2085 646 2136 cum
665 2069 830 2156 aliquibus
848 2068 889 2136 de
909 2069 992 2158 suis,
1018 2069 1135 2157 paucis
1154 2073 1266 2135 tamen
1286 2097 1343 2136 run.

122 2167 171 2234 ibi
199 2165 366 2256 dimissis,
395 2169 474 2255 quia
498 2170 596 2257 pauci
621 2169 877 2236 inveniebantur
903 2169 960 2254 qui
984 2166 1111 2236 uellent
1135 2167 1180 2233 ibi
1207 2183 1266 2234 re-

123 2282 275 2333 manere.
314 2265 387 2333 Nec
411 2273 545 2354 propter
570 2267 636 2334 hoc
660 2266 750 2335 bella
777 2271 1007 2356 cessaverunt,
1033 2284 1098 2333 nec
1125 2266 1179 2332 alii
1206 2283 1266 2332 rc-

124 2367 314 2433 cesserunt.
359 2364 410 2431 De
437 2365 570 2453 Tybure
605 2365 672 2434 dux
701 2367 861 2456 Bavarie,
891 2363 1043 2432 dominus
1070 2363 1265 2432 Ludouious

125 2461 308 2553 Sabaudie,
336 2481 449 2532 comes
467 2464 509 2532 de
526 2461 683 2556 llydoue,
711 2471 744 2532 et
768 2464 862 2532 multi
883 2464 939 2530 alii
965 2465 1079 2550 magni
1104 2465 1165 2530 viri
1192 2480 1266 2530 curn

126 2562 178 2629 eis
206 2567 430 2630 recesserunt.

203 2661 284 2729 Post
310 2662 373 2729 hec
399 2662 507 2730 littere
524 2667 637 2730 vestre
659 2663 701 2731 ad
718 2662 871 2731 dominos
888 2660 1074 2729 cardinales
1089 2666 1264 2751 venerunt,

125 2759 184 2845 qui
211 2759 309 2827 simul
334 2778 403 2829 non
429 2767 533 2851 erant,
561 2762 623 2830 sed
650 2761 804 2850 dispersi.
848 2761 1010 2830 Dominus
1036 2762 1169 2847 legatus
1196 2765 1267 2827 erat

123 2874 234 2945 prope
256 2857 449 2950 Viterbium,
477 2867 511 2928 ct
537 2860 689 2929 dominus
716 2860 836 2950 Lucas,
864 2866 898 2927 et
924 2859 1079 2927 dominus
1097 2857 1265 2927 Ostiensis

125 2957 238 3041 magis
259 2957 301 3024 de
319 2959 405 3046 ipsis
422 2965 580 3027 remotus.
620 2959 741 3027 Habita
765 2961 932 3026 intereos
959 2959 1149 3049 collatione,
1174 2958 1268 3025 veuit

124 3053 283 3124 dominus
310 3056 444 3142 legatus
472 3064 505 3125 et
528 3057 683 3126 dominus
702 3059 812 3125 Lucas
831 3058 866 3124 in
884 3057 1050 3145 Tyburim.
1087 3058 1130 3126 Et
1146 3059 1265 3125 litteris

123 3158 241 3221 vestre
257 3157 442 3224 sanctitatis
458 3157 555 3224 lectis
574 3157 708 3226 domino
729 3159 919 3245 imperatori
936 3158 970 3223 11
987 3158 1161 3244 presentia
1176 3157 1266 3223 mul-

123 3257 235 3320 torum
261 3255 520 3322 reverendorum
547 3256 764 3346 dominorum,
792 3261 826 3322 et
851 3273 924 3322 eum
949 3257 1136 3324 reverentia
1160 3255 1266 3322 iutel-

121 3350 235 3442 lectiS,
262 3355 392 3441 copiam
418 3354 480 3421 sub
502 3355 622 3440 sigillis
641 3373 755 3423 eorum
777 3355 839 3421 sibi
862 3353 1035 3422 dederunt.
1075 3351 1266 3441 Antequam

123 3449 170 3517 ad
198 3467 257 3539 11,
285 3469 351 3540 que
378 3454 428 3520 eis
456 3456 723 3543 continerentur,
751 3458 784 3520 et
809 3469 869 3540 per
895 3451 1050 3521 dominos
1078 3452 1265 3521 cardinales

122 3547 284 3618 distincte
312 3556 346 3618 et
371 3558 496 3619 mature
530 3554 712 3641 propositis
744 3550 980 3641 responderet,
1013 3569 1078 3620 nec
1104 3554 1267 3618 rationem

123 3648 273 3735 aliquam
299 3648 390 3740 fecit,
417 3650 527 3719 donec
552 3653 657 3739 primo
682 3652 854 3737 sapientes
872 3656 905 3717 et
922 3652 1002 3718 iuris
1017 3652 1144 3739 peritos
1163 3647 1265 3738 urbis,

123 3764 217 3834 quos
244 3749 400 3817 meliores
426 3749 550 3817 babere
576 3751 694 3838 potuit,
722 3767 825 3837 super
848 3749 1007 3836 predictis
1035 3741 1189 3816 audivit¹.
1225 3746 1267 3814 Et

122 3851 210 3913 tunc
235 3848 329 3935 ipsos
357 3865 429 3916 cunr
446 3850 519 3917 suis
546 3848 750 3916 auditoribus
779 3849 956 3937 copulavit,
985 3847 1143 3915 ordinans
1169 3847 1266 3913 iura·

123 3951 276 4013 mentum
300 3952 380 4014 tunc
404 3948 590 4016 interillos
618 3949 673 4035 qui
692 3946 776 4014 alias
798 3945 862 4013 sibi
885 3948 1076 4015 iuraverant
1100 3945 1265 4034 renovari,

126 4050 161 4111 et
189 4042 233 4111 de
252 4063 340 4115 novo
362 4045 474 4115 iacere
501 4048 559 4134 qui
581 4047 665 4115 alias
691 4063 759 4113 non
778 4045 937 4136 fecerant,
965 4044 1056 4131 quod
1083 4043 1147 4111 sibi
1172 4044 1266 4110 veri-

137 4245 142 4254 ,
164 4197 198 4260 1)
217 4194 304 4262 Vergl.
317 4195 363 4250 das
373 4197 612 4264 recbtsgutacbten:
631 4199 737 4262 Questio
756 4198 927 4252 anltomanus
939 4196 1056 4266 pontifex
1070 4199 1182 4265 potuerit
1194 4201 1266 4250 1111-

124 4279 190 4332 gam
207 4263 323 4319 indicere
341 4267 452 4336 principi
470 4267 642 4322 Romanorum
660 4267 702 4322 bei
720 4267 871 4330 boenniges
889 4267 953 4320 Acta
972 4265 1085 4319 Heinriei
1104 4267 1128 4334 2,
1148 4267 1187 4320 58.
