3028 4878
242 195 316 266 d68
615 223 746 271 urcrrrrt
766 223 1004 270 mnnrrourrsrs.

206 434 209 438 ,
242 365 295 432 Dc
319 363 469 432 inaudito
491 361 718 430 bobrrndorrtic
741 363 815 431 cini.

163 491 229 571 3332
317 501 415 573 Anno
443 504 566 573 domini
592 522 702 574 mccc.
730 506 898 574 tricesimo
926 505 1077 575 secundo
1104 511 1169 574 tam
1188 507 1328 595 copiosa
1349 511 1381 574 et
1498 485 1499 574 ἶ

243 602 392 672 inaudita
418 602 643 671 habundantia
669 605 737 670 vini
764 606 868 670 crevit
894 603 983 690 quod
1019 608 1117 672 etiam
1145 604 1315 693 Herbipoli
1349 610 1382 672 et
1498 625 1499 656 r

243 703 277 768 in
305 701 487 770 Franconia
514 709 611 790 stupe
640 706 672 768 et
698 708 805 769 turres
831 703 957 790 replete
984 705 1063 772 vino
1091 702 1196 793 luere,
1224 711 1258 771 et
1283 703 1383 771 multa
1498 703 1499 784 ᾗ

243 803 320 867 vina
346 803 378 869 in
406 802 531 888 campis
562 803 597 868 in
624 801 698 867 uvis
733 817 923 868 remansere
950 802 993 869 ob
1020 801 1186 870 delectum
1214 819 1383 870 vasorum.
1498 785 1499 812 ¹

243 900 284 968 Et
311 905 390 967 tunc
417 899 560 966 ducente
587 905 621 966 et
647 900 825 984 sexaginta
850 898 981 967 karrate
1013 903 1080 968 vini
1106 918 1166 988 pro
1193 898 1322 967 decima
1349 901 1383 966 irr
1498 923 1499 956 2

243 999 391 1065 marchia
416 998 494 1065 ville
520 996 747 1065 llandisaclrer
764 1014 868 1084 prope
887 996 1091 1085 Herbipolim
1107 1000 1217 1066 solute
1237 999 1384 1066 ecclesie
1498 995 1499 1018 l

243 1096 479 1184 Herbipolensi
505 1095 608 1163 tuere.
643 1094 710 1162 Sed
736 1113 825 1163 anno
842 1097 945 1164 tercio
973 1096 1093 1165 deinde
1119 1099 1270 1185 proximo
1298 1097 1384 1165 sub-

245 1200 407 1283 sequente
436 1193 610 1262 duodecim
638 1199 763 1260 tantum
789 1195 919 1261 karrate
945 1213 1006 1283 pro
1028 1195 1155 1264 decima
1173 1197 1242 1265 vini
1259 1196 1304 1262 ibi
1320 1212 1385 1264 ce-

245 1293 379 1375 debant.
415 1289 461 1360 Or
487 1289 582 1382 deus,
609 1291 710 1360 wilclr
736 1294 791 1360 cin
817 1291 971 1378 abgang!

247 1495 297 1565 De
320 1499 440 1584 impeto
464 1502 638 1566 centorum.

163 1637 230 1692 ¹3³⁵
319 1636 419 1708 Anno
444 1639 569 1708 domini
586 1659 698 1712 mccc.
720 1643 889 1711 tricesimo
909 1644 1035 1733 quinto,
1063 1642 1117 1711 die
1136 1644 1256 1712 xxciii.
1281 1647 1385 1711 octo-

165 1721 224 1827 0ξέ
245 1737 329 1827 bris,
357 1738 421 1806 boc
447 1746 517 1806 erat
542 1741 575 1806 in
607 1740 661 1808 die
689 1740 861 1809 beatorum
888 1741 1044 1828 Symonis
1072 1747 1106 1810 et
1130 1741 1212 1809 lude
1239 1748 1386 1829 aposto-

129 1835 132 1844 '
246 1836 371 1926 lorum,
404 1839 499 1924 quasi
527 1837 568 1904 de
604 1857 755 1928 vespere,
784 1846 847 1907 tam
879 1840 1054 1908 horribiles
1081 1846 1115 1907 et
1139 1841 1318 1928 impetuosi
1346 1858 1388 1907 ac
1498 1867 1499 1934 ,

247 1933 352 2002 lortes
371 1937 463 2004 venti
481 1937 577 2022 quasi
598 1936 641 2005 ob
661 1937 835 2006 occidente
852 1937 1024 2026 flaverunt,
1052 1937 1143 2025 quod
1171 1938 1387 2026 quamplures

247 2030 365 2102 domus
392 2035 425 2100 in
459 2034 592 2102 civitate
618 2035 854 2124 Herbipolensi
888 2054 1022 2105 necnon
1056 2043 1148 2104 extra
1166 2038 1209 2110 in
1234 2037 1388 2124 partibus

246 2130 310 2198 illis
338 2136 371 2198 et
407 2132 479 2199 aliis
514 2132 615 2200 multe
650 2141 756 2202 turres
784 2139 817 2201 et
842 2135 1015 2221 angularia
1046 2133 1279 2202 miserabiliter
1304 2153 1388 2203 eor-

246 2235 393 2320 ruerunt,
420 2235 453 2298 et
479 2230 719 2330 quamplurima
744 2235 1020 2302 monasteriorum
1042 2238 1075 2301 et
1097 2232 1270 2301 domorum
1297 2238 1389 2301 tecta

246 2325 389 2397 detecta,
403 2328 543 2396 luerunt.

247 2532 298 2600 De
324 2531 524 2601 locustarum
549 2535 699 2606 odcerrtrr.

163 2686 233 2741 1338
320 2675 451 2743 Deinde
480 2693 568 2744 anno
593 2676 718 2745 domini
741 2692 854 2744 mccc.
882 2677 1050 2744 tricesimo
1072 2681 1193 2745 octavo
1213 2675 1299 2742 circa
1317 2673 1388 2742 ka-

170 2771 232 2877 spu.
249 2772 368 2841 tendas
395 2776 530 2860 augusti
548 2780 712 2842 venerunt
725 2773 856 2841 locuste
874 2792 1012 2861 quarum
1037 2793 1105 2842 non
1133 2778 1203 2840 erat
1227 2789 1389 2840 numerus
1498 2837 1499 2862 ,

257 2871 444 2959 apartibus
471 2873 618 2941 Panonie
645 2890 707 2940 seu
726 2871 871 2957 Ungarie
898 2879 990 2940 trans
1000 2879 1111 2961 partes
1128 2870 1324 2960 Franconie,
1354 2877 1390 2938 et

248 2987 349 3056 supra
367 2988 406 3036 ac
423 2972 510 3038 circa
523 2970 726 3058 Herbipolim
746 2987 866 3037 versus
894 2972 982 3039 circa
1009 2979 1043 3039 et
1067 2972 1151 3039 ultra
1170 2976 1284 3057 panes
1302 2967 1389 3036 Reni
1498 3023 1499 3028 ,

246 3067 412 3157 volantes,
441 3073 475 3136 et
500 3068 618 3136 diebus
635 3070 731 3135 etiam
747 3069 876 3136 serenis
891 3076 1010 3136 terram
1029 3088 1087 3157 pre
1104 3067 1334 3136 innumerabili
1353 3073 1391 3136 et

247 3168 361 3254 spissa
387 3184 498 3234 aarum
530 3166 736 3234 multitudine
764 3165 1017 3256 obumbrantes,
1044 3165 1260 3236 comederunt
1286 3183 1388 3234 omne

246 3265 358 3333 lenum
384 3271 418 3333 et
444 3283 541 3334 omne
573 3265 713 3332 fructum
739 3266 773 3331 in
806 3271 892 3333 terra
917 3283 1049 3355 eorum,
1078 3282 1163 3353 quos
1189 3267 1223 3331 in
1251 3263 1390 3332 modum

246 3363 404 3429 mirabilis
415 3361 468 3431 dei
478 3363 591 3453 plage,
605 3364 772 3432 demeritis
785 3364 1022 3448 terrigenarum
1036 3363 1261 3452 exigentibus,
1279 3363 1390 3451 prooh

248 3459 344 3528 dolor
377 3461 562 3528 visitarunt.
603 3459 656 3528 Ad
690 3461 778 3530 idem
808 3462 970 3551 propheta
1002 3464 1037 3529 in
1063 3470 1226 3529 nocturno
1254 3460 1390 3529 sabbati

248 3561 288 3627 in·
298 3561 427 3648 psalmo
443 3561 549 3648 primo
565 3561 765 3641 confitemini
783 3578 900 3629 versu:
926 3560 1022 3629 Dicit
1037 3564 1071 3628 et
1084 3561 1170 3628 ceott
1181 3559 1311 3626 locusta
1323 3563 1389 3626 etc.

248 3767 300 3835 lle
325 3785 449 3854 moprro
473 3767 554 3834 rice.

173 3937 231 3978 ocu.
322 3905 448 3974 Eodem
476 3923 610 3994 quoque
638 3925 725 3977 anno
743 3907 1002 3977 mercurium.
1022 3905 1076 3974 die
1100 3904 1201 3973 mviii.
1223 3902 1388 3993 octobris,

190 3991 223 4043 ¹⁸
249 4003 314 4084 boc
333 4002 394 4072 luit
409 4007 442 4072 in
459 4003 512 4072 die
529 4004 618 4073 beati
637 4006 730 4075 Luce
758 4006 989 4095 ewangeliste,
1016 4007 1072 4072 nix
1099 4001 1218 4070 cecidit
1244 4003 1390 4090 copiosa

250 4106 283 4168 et
309 4121 388 4169 aura
414 4108 485 4170 erat
519 4106 599 4171 satis
633 4105 745 4190 gelida
780 4111 881 4192 atque
913 4120 1030 4172 recens
1063 4101 1153 4188 quod
1179 4101 1282 4168 malta
1304 4099 1390 4168 vina

249 4202 284 4265 in
310 4200 383 4268 uvis
409 4201 443 4267 in
469 4201 594 4289 eampis
620 4201 919 4292 Herbipolensibus
945 4203 1123 4291 perierunt.
