3096 4882
248 678 469 750 IOHANNES
496 679 808 753 VICTORIENSIS.
862 681 949 752 1211
966 683 1132 755 -1313,

598 883 789 895 ---.-..-

193 1014 495 1108 Ε1100110011001100
510 1038 650 1127 principi
669 1036 804 1107 domino
826 1035 963 1108 Alherto
986 1039 1040 1108 dei
1058 1041 1166 1127 gratia
1181 1041 1257 1110 duci

117 1132 255 1204 Austrie
290 1136 398 1225 Styrie
431 1143 465 1204 et
498 1136 688 1226 llarinthie,
720 1137 821 1205 frater
845 1137 1014 1208 lohannes
1041 1139 1083 1208 de
1110 1140 1257 1210 Victoria

118 1235 224 1303 abhas
240 1235 409 1326 indignus,
429 1238 501 1304 eius
519 1236 662 1305 devotus
685 1238 888 1326 capellanus,
917 1240 1103 1308 orationum
1123 1259 1257 1309 suarum

117 1334 275 1402 libamina
309 1353 382 1403 cum
410 1336 519 1404 salute
551 1335 779 1425 subditorum,
807 1338 841 1403 in
867 1339 1016 1426 presenti
1042 1339 1257 1426 providenter

117 1451 238 1519 regere
262 1439 363 1522 atque
384 1435 419 1502 in
445 1433 555 1504 tuturo
574 1453 646 1504 cum
668 1435 873 1523 principibus
892 1435 1012 1505 sedere
1036 1443 1071 1506 01
1091 1444 1257 1528 sceptrum

116 1533 225 1618 glorie
251 1534 285 1602 in
312 1535 496 1602 eternitatis
524 1535 611 1602 solio
637 1533 827 1622 possidere.

192 1631 264 1700 Rex
289 1630 461 1701 Assuerus
495 1635 578 1702 sicut
603 1635 638 1700 in
661 1634 832 1702 veteribus
856 1633 977 1719 legitur
1002 1632 1171 1724 historiis,
1199 1637 1256 1722 qui

118 1732 288 1817 regnavit.
306 1731 348 1800 ab
382 1732 477 1800 lndia
507 1749 616 1820 usque
642 1732 829 1821 Ethiopian
856 1750 957 1821 super
983 1740 1114 1801 centum
1141 1739 1174 1802 et
1199 1735 1257 1801 vi-

117 1831 203 1917 ginti
238 1835 367 1918 septem
401 1833 609 1922 provincias,
646 1831 723 1900 dum
757 1830 921 1920 quandam
956 1837 1087 1902 noctem
1119 1832 1258 1911 duceret

116 1932 337 2020 insompnem,
363 1932 462 1998 iussit
487 1931 596 1998 allerri
623 1935 656 1998 et
670 1931 739 2016 logi
763 1949 804 2000 eo
821 1936 977 2018 presente
1000 1933 1144 2019 priorum
1166 1938 1258 2000 tem·-

115 2047 234 2117 porum
262 2029 423 2099 historias
456 2036 490 2097 et
523 2031 677 2119 annales,
712 2048 755 2097 ne
789 2031 857 2098 otio
892 2038 1134 2121 marcesceret,
1161 2038 1196 2100 et
1219 2037 1256 2100 ut

117 2135 248 2216 tempus
283 2130 391 2215 gratie
424 2130 555 2218 soporis
585 2127 778 2217 deputatum
803 2129 1043 2217 interruptione
1070 2129 1170 2199 studii
1196 2149 1256 2199 re·-

117 2233 255 2296 arearet.
289 2227 371 2295 Nam
389 2233 426 2296 ut
445 2229 489 2295 ait
512 2228 661 2296 Seneca:
687 2225 820 2317 „Otium
849 2230 921 2296 sine
947 2229 1065 2298 littaris
1092 2248 1180 2298 mors
1204 2233 1257 2298 cst

118 2332 151 2410 et
167 2327 235 2394 vivi
252 2325 395 2395 hominis
414 2325 617 2416 sepultura“.
653 2324 857 2396 Octavianus
875 2324 1062 2418 Augustus
1089 2336 1126 2397 ut
1143 2330 1257 2397 scribit

116 2426 314 2517 Eutropius,
345 2425 538 2494 liberalibus
573 2425 693 2495 studiis
719 2444 853 2514 prosam
880 2426 1070 2513 eloquentie
1097 2429 1256 2497 inamini-

118 2526 250 2616 culavit,
278 2531 315 2593 ut
340 2526 462 2615 nullus,
491 2543 533 2593 ne
559 2527 592 2593 in
618 2527 791 2613 procinctu
808 2524 951 2614 quidem,
977 2526 1145 2594 laberetur
1171 2526 1255 2618 dies,

118 2627 197 2711 quin
234 2624 393 2692 scriberet
425 2626 556 2710 legeret
589 2624 808 2712 declamaret,
845 2626 956 2692 sciens
982 2624 1047 2694 hoe
1073 2626 1254 2714 reipublice

116 2726 216 2813 utile,
255 2726 437 2812 principem
479 2724 618 2814 decere,
653 2724 828 2792 maximam
863 2723 1119 2793 oblectationem
1153 2725 1254 2794 animi

117 2840 293 2910 generare.
326 2823 423 2892 Unde
451 2821 601 2891 Oratius:

214 2922 315 3014 „Hoc
338 2940 423 3011 opus
447 2923 511 2990 hoc
532 2921 676 2991 studium
695 2922 788 3010 parvi
813 2939 1029 3011 properemus
1057 2929 1089 2990 et
1120 2923 1230 3016 ampli,

241 3020 278 3094 Si
303 3023 409 3110 patrie
434 3022 601 3110 volumuS,
628 3022 657 3090 si
683 3021 781 3089 nobis
808 3023 921 3090 vivere
949 3019 1051 3090 cari‘.

117 3119 332 3190 Theodosius
356 3121 651 3189 christianissimus
673 3121 861 3211 imperator,
889 3127 925 3188 ut
948 3123 982 3188 in
1005 3123 1112 3207 gestis
1127 3121 1254 3191 Roma-

115 3237 233 3288 nomm
260 3218 415 3308 habetur,
443 3221 624 3288 ministeria
654 3219 779 3288 lasci-va
804 3221 1027 3308 psaltriasque
1060 3221 1138 3308 lege
1169 3240 1255 3310 pro-

115 3318 221 3388 hibuit
238 3318 571 3388 commessationibus
589 3318 749 3408 adhiberi,
767 3319 884 3388 litteris
900 3319 1110 3388 mediocriter
1122 3319 1253 3411 doctus,

117 3435 225 3504 sagax
243 3419 354 3510 plane,
379 3419 582 3506 multumque
600 3419 745 3504 diligens
763 3418 806 3487 ad
830 3418 1004 3487 noscenda
1027 3424 1128 3505 gesta
1144 3421 1254 3490 maio-

116 3535 196 3608 rum,
225 3518 508 3605 execrabaturque
535 3535 608 3585 cum
633 3518 776 3604 legisset
803 3517 991 3607 superbiam
1017 3516 1253 3586 dominantium

115 3620 273 3707 precipue
298 3617 447 3706 perlidos
474 3622 507 3684 et
532 3619 694 3704 ingratos

193 3715 385 3806 comitiae
402 3717 586 3784 clarissime
606 3717 772 3806 princeps,
791 3721 946 3802 quantam
961 3716 1170 3784 sedulitatem
1188 3717 1253 3784 ha-

121 3813 255 3884 buerint
274 3818 452 3904 prinoepes
479 3816 599 3904 prioris
626 3816 689 3883 evi
711 3816 745 3882 in
779 3814 891 3884 studio
925 3815 1126 3906 litterarum,
1163 3814 1254 3902 quod

118 3913 286 3998 gubernat
311 3915 526 4006 saprentiam,
560 3932 621 4002 per
653 3931 750 4001 quam
776 3931 875 4000 reges
901 3921 1045 4000 regnant
1069 3916 1162 3982 iuxta
1187 3914 1255 3983 Sa·-

119 4012 298 4104 lomcnem,
324 4014 493 4103 principes
519 4015 689 4103 imperant,
716 4013 828 4099 legum
856 4013 1048 4082 conditores
1073 4015 1163 4082 iusta
1188 4013 1255 4082 de-

120 4119 271 4203 cernunt,
298 4113 389 4200 quod
409 4113 653 4202 philosophiam
671 4110 833 4203 iniormat,
861 4130 926 4200 que
948 4113 990 4181 ah
1013 4111 1256 4182 101101οά1111-

118 4210 224 4278 nitur:
259 4230 388 4302 „rerum
425 4212 609 4282 divinarum
635 4229 675 4279 ac
700 4211 915 4281 humanarum
948 4209 1130 4302 cognitio“,
1158 4231 1256 4300 quam
