3044 4882
454 167 603 216 roaannus
623 166 838 214 vrcromunsrs.
877 165 902 233 2,
922 166 946 219 9.
1204 137 1275 208 32⁷

139 305 292 378 iiudciius
318 305 438 376 dolens
472 304 563 393 quod
594 305 690 392 quasi
724 307 795 376 otio
831 311 1073 398 marcesceret,
1106 325 1171 377 nee
1204 310 1278 398 ipse

142 425 204 476 neo
229 425 341 476 comes
371 423 491 493 aquarn
512 403 962 498 transvadarepresumeret,
981 413 1014 476 ct
1030 405 1134 476 tames
1150 413 1277 477 utram-

142 524 203 594 que
227 511 354 595 partem
385 503 494 572 valide
519 508 700 594 premeret:
726 508 907 594 assumptis
932 507 1082 596 ausibus,
1109 523 1195 594 aque
1213 508 1277 576 im-

141 612 249 693 petum
275 622 345 674 nou
374 602 566 694 iormidanS,
597 604 753 672 comitem
787 623 875 692 aqua
909 604 1122 675 transvadata
1148 625 1278 693 aggre-

140 703 232 795 ditur,
266 703 419 773 omnibus
446 704 518 772 suis
546 703 663 780 cuneis
686 702 732 772 ad
748 705 884 792 prelium
909 705 1104 795 preparatis.
1144 704 1277 774 Viden-

138 808 186 872 tes
213 803 269 892 qui
304 821 378 874 oum
411 803 534 872 comite
565 800 698 871 fuerant
733 821 846 890 regern
879 803 1017 874 Franeie
1050 819 1126 872 nonw
1150 805 1277 895 venire,

137 904 286 972 comitem
312 903 500 972 alloountur
525 899 696 970 dieentes:
737 919 811 970 esre
836 901 916 970 tecis
941 907 975 972 et
997 902 1153 976 r'cctcattr
1177 905 1278 971 emori
1375 907 1385 929 ’

137 1004 343 1070 securitatem
368 997 530 1068 deminum
549 1001 753 1088 precipitare
785 1003 819 1070 irc
851 999 968 1070 dubios
1000 1020 1116 1086 cccco,
1149 1005 1183 1069 et
1209 1020 1277 1088 pro

138 1100 231 1168 rebar
252 1100 373 1169 cliente
397 1118 434 1168 se
454 1099 605 1186 pericctc
629 1098 839 1180 sndndttere,·
863 1118 937 1168 carm
960 1101 1132 1188 imperarem
1147 1101 1200 1186 eit,
1209 1119 1277 1186 pro

131 1201 278 1286 propriis
303 1199 515 1284 defendendis
534 1199 650 1286 potios
675 1199 865 1283 decertare,
898 1203 933 1268 et
955 1200 1072 1268 naliter
1097 1200 1146 1267 ad
1168 1201 1277 1286 mepte

137 1301 329 1368 neccssaria
361 1314 570 1367 eorrserecre.
611 1297 735 1387 Sioque
777 1314 892 1367 comes
931 1295 975 1368 ad
1010 1300 1100 1386 regis
1134 1299 1275 1385 gratiam

137 1399 286 1488 veniens,
314 1397 425 1468 omnia
449 1396 493 1465 ad
517 1397 688 1486 imperium
715 1398 918 1486 pertinentia·
940 1397 1094 1488 reddidit,
1121 1397 1274 1466 absolute
1351 1396 1356 1401 ’

137 1497 197 1566 sibi
223 1514 285 1586 per
311 1497 421 1566 omnia
446 1514 484 1566 se
511 1496 719 1566 submittens.
756 1497 799 1566 Et
823 1495 932 1584 pactis
966 1495 1119 1588 firmatis,
1146 1497 1274 1582 regali-

134 1594 194 1666 bus
228 1594 396 1666 donativis
428 1595 618 1685 specialiter
651 1596 693 1665 ab
729 1613 771 1665 eo
805 1596 840 1662 in
876 1600 1044 1683 posterum
1078 1595 1274 1686 honoratus,

135 1696 216 1766 inter
244 1697 370 1766 amieos
398 1700 452 1764 est
476 1713 535 1783 pre
560 1696 683 1764 ceteris
710 1693 899 1764 familiarior
925 1700 1109 1784 reputatus.

202 1795 276 1864 Hiis
303 1794 346 1864 ad
372 1801 485 1864 votum
511 1795 666 1885 impletis,
692 1792 1000 1882 Montis-Peigardi
1025 1793 1182 1863 comitem
1214 1811 1274 1863 rex

130 1892 264 1963 invadit
279 1894 314 1962 in
339 1895 415 1983 ipso
441 1894 561 1961 itinere
588 1894 816 1983 constitutum,
844 1893 903 1982 qui
919 1894 1273 1963 similiteraretroac-

130 1993 169 2062 tis
195 1993 400 2082 temporibus
427 2011 465 2062 se
491 1993 629 2083 imperio
656 1992 809 2062 exhibuit
833 1999 1079 2080 contumacem3
1105 1992 1272 2061 civitatem

130 2087 214 2160 enim
240 2099 275 2160 et
300 2098 445 2162 castrum
472 2109 567 2160 suum
592 2091 723 2162 militari
747 2092 869 2162 robore
888 2092 1128 2182 circumvallat,
1145 2097 1180 2160 et
1195 2109 1270 2160 om-

128 2191 181 2260 nia
206 2207 274 2280 que
307 2193 381 2261 sine
404 2192 646 2278 ,recognitione
681 2192 797 2261 babuit
829 2191 971 2261 reddere
1003 2191 1175 2261 coartavit
1218 2191 1270 2258 De

130 2291 221 2360 ardus
250 2291 349 2360 etiarn
374 2290 600 2360 submissione
626 2290 826 2359 firmissimis
853 2291 1093 2382 sponsionibus
1111 2291 1267 2379 receptis,

127 2407 184 2458 rex
211 2407 287 2460 cnm
314 2390 421 2478 gloria
446 2390 633 2478 triumphali
659 2396 693 2458 et
718 2387 843 2478 gaudio
868 2408 992 2478 magno
1018 2388 1127 2479 rediit,
1140 2391 1268 2476 gratias

127 2506 232 2575 agens
259 2488 336 2580 deo,
364 2488 455 2576 qrrod
481 2491 554 2558 sinc
581 2489 715 2558 humani
738 2491 913 2576 sanguinis
929 2488 1093 2558 eiinsione
1112 2488 1176 2556 sibi
1190 2506 1267 2556 om·

128 2589 181 2657 nia
205 2591 241 2658 in
268 2606 464 2678 prosperum
490 2595 727 2679 provenerunt.

194 2687 271 2760 Hec
296 2689 388 2774 regis
415 2687 585 2776 expeditio
617 2688 651 2756 in
685 2687 785 2756 armis
817 2686 945 2756 bellicis
977 2683 1162 2754 novissima
1193 2682 1266 2773 init,

125 2787 157 2856 in
183 2787 306 2876 quibus
333 2801 371 2856 se
398 2805 417 2855 a
443 2785 618 2856 cunabulis
644 2787 772 2857 ratione
798 2787 915 2876 previa
949 2801 1082 2874 semper
1107 2784 1265 2874 exercmt,

123 2890 158 2954 ut
183 2885 250 2956 deo
277 2888 420 2976 propitio
446 2903 579 2976 semper
602 2885 736 2956 laudem
762 2885 900 2955 victorio
923 2888 1118 2974 reportaret,
1134 2888 1169 2950 et
1189 2900 1264 2951 raro

124 2983 248 3077 gladio,
267 2987 331 3056 nisi
357 2987 390 3054 in
418 2986 523 3074 prelio
550 2983 710 3078 Ottakari,
737 2989 943 3075 cruentaret,
970 2987 1063 3054 iuxta
1087 2981 1169 3052 iilud
1197 2981 1265 3050 Sa-

123 3085 265 3174 pientia:
291 3083 594 3175 „Custodiviteum
609 3084 764 3156 dominns
791 3084 833 3153 ab
858 3083 1013 3174 inimicis,
1040 3089 1074 3150 et
1098 3080 1264 3151 aseduo-

123 3184 250 3254 toribus
278 3185 394 3254 trrtavit
418 3183 522 3274 iilum,
558 3189 591 3252 et
617 3190 785 3254 certamen
810 3182 896 3253 forte
921 3180 1013 3251 dedit
1038 3181 1095 3272 iiii,
1120 3187 1158 3249 ut
1182 3182 1262 3249 viu-

122 3279 248 3354 eeret.“
281 3284 323 3352 Et
338 3285 425 3354 sicut
443 3281 523 3350 dicit
540 3282 687 3352 Seneca:
720 3283 780 3375 „Si
806 3282 859 3350 vis
877 3281 988 3350 omnia
1014 3280 1073 3348 tibi
1098 3280 1263 3370 subicere,

121 3387 153 3451 te
179 3382 298 3452 subice
324 3383 462 3470 rationi;
489 3383 520 3450 si
542 3387 578 3452 te
602 3384 712 3472 ipsum
727 3381 865 3452 rexeris
891 3379 1013 3448 multos
1040 3375 1176 3466 reges.“
1261 3439 1264 3446 .

120 3561 171 3630 De
196 3563 439 3648 enpnrpacttoae
464 3562 628 3648 Acecron,
654 3563 687 3631 et
710 3565 814 3630 morte
838 3563 937 3649 recte.
1118 3561 1200 3643 Cep.
1225 3577 1262 3624 c.

194 3675 295 3746 Anno
322 3676 446 3748 domini
472 3678 664 3768 supradicto
691 3675 820 3746 scilicet
853 3674 1081 3746 mceixxxirc
1106 3670 1260 3740 Aocaron
1278 3681 1346 3738 raso

121 3776 203 3846 urbs
235 3775 416 3846 fortissima
447 3779 482 3846 in
512 3779 623 3847 littore
650 3779 748 3846 maris
785 3797 805 3844 a
841 3775 1036 3844 Christianis
1067 3771 1260 3860 inhabitata,

119 3893 138 3944 a
159 3875 311 3946 Saldano
336 3877 485 3966 principe
498 3875 745 3946 Babiloniorum
769 3894 844 3945 cum
862 3872 1106 3961 trigintatribus
1122 3870 1260 3957 regibus

119 3981 152 4042 et
187 3976 419 4045 innumerabili
451 3976 658 4045 multitudine
696 3977 844 4062 gentium
887 3972 1076 4061 obsidetur,
1114 3970 1272 4038 habente

121 4079 288 4146 trecentas
322 4075 495 4146 machinas
536 4075 771 4166 tormentabas,
813 4091 878 4161 que
911 4073 1119 4142 incessanter
1148 4071 1262 4158 ignem

123 4175 178 4260 qui
218 4173 343 4244 Grecns
379 4173 495 4244 dicitnr
528 4177 733 4266 iniecerunt,
768 4178 801 4242 et
836 4173 947 4243 emnia
981 4190 1047 4261 quc
1081 4168 1264 4255 tetigerant
