3044 4882
220 107 291 178 ³28
555 132 700 180 rottannrs
721 130 930 178 rrcroarrnsrs.
967 129 991 194 2,
1010 130 1050 182 tn.

227 274 383 360 incendio
411 273 676 362 absumpserunt
718 270 816 340 Cives
843 276 952 340 autem
978 271 1021 342 dc
1048 271 1190 342 diversis
1216 269 1366 360 partibus

226 375 373 465 adunati,
402 375 486 442 sicut
512 373 643 463 Veneti,
669 371 864 462 lanuenses,
899 371 1021 463 Pisani,
1056 389 1130 442 cnm
1157 370 1393 461 templariis,

225 474 458 563 hospitalariis
497 474 604 541 sancti
639 470 816 561 Iohannis,
864 479 902 558 et
937 469 979 539 de
1019 470 1118 541 dornc
1158 470 1369 540 'theutonica

226 573 399 642 Cruciieris
425 573 515 640 intus
542 574 737 660 existentes,
764 569 902 639 viriliter
926 571 1129 640 restiterunt.
1173 568 1272 652 Quod
1297 587 1367 658 pe-

226 673 363 740 riculum
390 678 495 740 ortum
523 677 576 739 est
600 688 660 759 per
693 668 857 756 quendam
891 669 1110 760 cardinalem,
1144 687 1240 757 quern
1275 687 1369 757 papa

226 772 468 859 destinaverat,
504 771 561 857 qui
596 768 785 837 nullatenus
825 767 1027 858 admittebat,
1065 769 1154 857 quod
1187 768 1368 836 Christiani

226 890 300 938 cunr
326 870 507 957 gentilibus
534 886 595 957 per
618 872 718 956 pacta
749 869 843 956 pacis
875 869 929 936 vol
962 875 1153 954 treugarum
1179 867 1370 956 aliqualiter

226 969 479 1056 concordarent,
507 985 570 1034 nec
596 971 776 1034 mercatum
804 968 852 1034 eis
886 966 1129 1059 concederent,
1168 973 1232 1036 n'en
1267 966 1370 1035 irdem

224 1071 260 1137 in
286 1067 563 1157 promissionibus
591 1071 838 1135 conservarent.
874 1065 1073 1155 Superque
1101 1065 1277 1135 Christiani
1297 1064 1369 1134 do-

224 1168 334 1236 lentes
364 1167 536 1235 dixerunt:
563 1182 813 1250 reconpansa
839 1182 912 1232 enm
942 1165 1114 1251 penttttbns
1144 1183 1245 1253 apere
1269 1164 1370 1248 betto,

224 1285 300 1334 cnm
324 1270 435 1333 essent
454 1265 569 1350 plnres
595 1268 628 1331 et
650 1264 818 1348 fortiores,
845 1268 877 1332 et
900 1281 1029 1349 semper
1048 1268 1219 1351 mannase
1244 1265 1284 1332 de
1297 1281 1370 1350 pa-

226 1367 275 1433 cis
300 1369 333 1432 et
357 1369 546 1450 treapcntm
569 1363 749 1430 amasenus
774 1362 1003 1432 tmtotantttter
1035 1365 1244 1432 custodirent.
1279 1362 1370 1431 Car-

227 1463 484 1556 dinalisautem
510 1461 646 1532 indutus
674 1464 743 1531 suis
769 1462 975 1553 insignibus,
1010 1463 1166 1532 ascendit
1195 1465 1230 1531 in
1255 1463 1371 1531 locum

227 1566 427 1632 eminentem
454 1561 497 1630 ad
522 1563 681 1652 populum
706 1562 888 1631 locuturus.
932 1559 995 1642 Qui
1022 1562 1100 1630 dum
1125 1568 1162 1631 at
1179 1561 1372 1631 benedice-

226 1668 278 1730 ret
302 1668 471 1752 putaretur
497 1659 748 1750 conscendisse,
777 1679 795 1728 e
822 1662 985 1730 contrario
1012 1661 1197 1754 maledixit,
1226 1677 1372 1730 omnes-

227 1779 293 1849 que
329 1762 612 1831 communicantes
647 1759 830 1846 gentilibus
865 1763 1199 1830 excommunicationi
1231 1762 1373 1848 gravis-

227 1863 310 1930 sime
337 1879 399 1928 sua
424 1866 457 1928 et
484 1861 676 1927 auctoritate
703 1860 890 1948 apostolica
908 1861 1057 1952 irretivit,
1078 1867 1111 1929 et
1128 1861 1209 1930 abiit
1225 1862 1372 1928 maximo
1474 1852 1477 1856 ’

227 1961 344 2027 timore
361 1960 489 2027 civibus
516 1958 687 2026 derelicto.
730 1956 793 2038 Qui
819 1975 886 2026 non
913 1959 999 2026 bcne
1026 1959 1281 2050 concordantes,
1308 1960 1374 2026 ni-

228 2058 426 2126 chilominus
453 2075 527 2125 cunr
552 2056 778 2144 stipendiariis
804 2059 838 2125 in
864 2057 1007 2126 hostium
1026 2061 1116 2127 acics
1135 2063 1372 2150 proruperunt,

227 2163 411 2246 portasque
438 2158 546 2224 minus
572 2155 709 2245 provide
736 2164 944 2248 reserantes,
979 2157 1096 2228 hostes
1130 2157 1285 2226 ferociter
1310 2159 1374 2224 in-

227 2262 398 2326 vaserunt.
442 2256 483 2323 Et
514 2255 591 2324 dum
627 2255 779 2323 alacriter
811 2255 1014 2348 dimicarent,
1048 2260 1156 2345 magis
1183 2256 1374 2326 conculcati

228 2373 326 2442 quarn
352 2355 512 2444 prostrati
544 2373 605 2444 per
636 2353 876 2422 multitudinem
911 2374 1137 2448 paganorum,
1170 2356 1372 2426 Christianis

228 2456 396 2524 civitatem
423 2455 651 2544 repetentibus
660 2507 669 2545 ,
705 2454 822 2522 hostes
855 2455 1033 2523 intermixti
1067 2459 1191 2545 pariter
1216 2457 1373 2524 intrave-

227 2559 315 2623 runt.
348 2555 462 2622 Plures
491 2555 588 2621 etiarn
616 2553 659 2621 ad
684 2571 790 2621 naves
817 2561 1065 2645 concurrentes,
1093 2561 1283 2624 sanctorum
1309 2571 1374 2622 re-

228 2655 350 2741 liquias
378 2661 411 2722 et
437 2653 612 2721 thesauros
639 2654 799 2720 maximos
827 2652 1045 2744 abstulerunt,
1073 2659 1107 2721 ct
1131 2657 1164 2722 in
1197 2671 1285 2722 mare
1313 2651 1374 2722 di-

229 2754 316 2841 lapsi
342 2752 549 2820 clandestine
577 2751 738 2841 abierunt,
766 2752 849 2820 alios
881 2753 915 2819 in
946 2754 1058 2821 mortis
1084 2753 1234 2842 periculo
1261 2752 1372 2822 relin-

232 2858 383 2939 quentes
427 2850 464 2918 ln
491 2857 638 2937 tempore
665 2850 761 2918 huius
788 2849 975 2919 obsidionis
1001 2853 1102 2920 tnnlta
1128 2850 1284 2922 miracula
1308 2867 1372 2940 pro

230 2950 424 3018 testimonio
453 2948 638 3016 Christiane
666 2947 742 3016 tidei
769 2951 991 3035 contigerunt.
1044 2952 1125 3019 Nam
1162 2951 1238 3020 dunt
1271 2951 1372 3020 Chri-

231 3050 331 3116 stiani
356 3048 472 3116 crebro
509 3065 579 3114 cum
614 3049 794 3134 gentilibus
832 3047 1077 3142 conflictarent,
1115 3057 1148 3119 et
1182 3068 1259 3120 sors
1292 3050 1373 3118 hinc

229 3147 455 3242 indeplures
495 3153 736 3237 prosterneret,
779 3150 903 3235 pagani
947 3148 1204 3220 Christianorum
1242 3151 1371 3218 animas

230 3249 418 3315 occisorum
443 3245 598 3316 viderunt
625 3247 760 3315 evolare
786 3246 828 3314 ad
855 3247 1008 3316 ethereas
1029 3251 1233 3318 mansiones,
1267 3249 1374 3316 lnsu-

229 3347 413 3435 perpauci
441 3344 616 3413 Christiani
644 3348 819 3436 sepissime
844 3365 999 3434 paganos
1026 3366 1095 3416 non
1121 3349 1283 3417 habentes
1301 3366 1373 3415 nu-

230 3464 356 3514 merum
382 3443 585 3512 occiderunt.
620 3444 662 3513 Et
688 3446 765 3515 durn
799 3445 930 3534 quidam
969 3465 1028 3515 rex
1062 3456 1184 3536 potens
1221 3451 1372 3516 cerneret

232 3543 490 3613 Christianorum
517 3545 642 3612 animas
668 3546 702 3612 in
729 3543 833 3612 iornra
858 3546 994 3614 iuvenili
1021 3546 1062 3614 ab
1089 3546 1219 3634 angelis
1237 3564 1370 3615 sursum

231 3643 363 3734 deterri,
389 3650 489 3712 nocte
517 3642 659 3730 quadam
694 3663 796 3733 super
829 3644 893 3713 hoc
928 3647 961 3712 in
992 3648 1134 3721 tentorio
1168 3646 1372 3732 colloquium

230 3743 356 3833 habuit,
384 3741 516 3810 dicens:
548 3742 685 3808 Fntstrc
709 3749 828 3810 contro
853 3743 1057 3811 Cbrtrttcncs
1069 3763 1265 3832 mannans,
1292 3745 1373 3830 quic

230 3859 294 3908 nno
319 3847 446 3908 mortno
472 3842 557 3908 clins
582 3843 694 3909 statim
718 3860 762 3909 en
786 3859 845 3909 ore
876 3845 945 3910 etus
975 3845 1140 3928 nascitur,
1173 3849 1207 3912 ct
1235 3843 1276 3911 ob
1306 3841 1372 3910 boc

231 3958 342 4008 eorum
367 3957 518 4008 commus
543 3939 732 4008 nallatenus
751 3942 943 4009 nonoretur.
994 3940 1091 4023 Quod
1117 3942 1193 4012 durn
1216 3947 1382 4031 apostate·

232 4039 366 4126 quidam
392 4039 560 4108 Saxonice
587 4042 709 4131 gentis,
737 4041 872 4109 nomine
897 4041 1095 4111 Perhtcldus
1127 4043 1183 4131 qui
1210 4041 1252 4110 ad
1279 4059 1374 4128 gen-

231 4138 357 4207 tditatis
382 4139 479 4207 ritum
504 4140 680 4209 transierat
705 4138 842 4230 audivit,
882 4139 925 4208 ad
951 4139 1070 4212 iratres
1097 4141 1326 4210 theutonicos
1355 4159 1376 4212 a
