3096 4882
295 164 366 236 192
658 193 715 242 nnn
738 192 852 241 norrea
872 193 910 241 zu
931 191 1065 240 coaurrz.

209 347 278 405 1110
293 325 386 420 regi²
409 329 544 418 Anglie·
560 328 651 420 quod
673 333 783 421 ipsum
802 330 956 401 iuvarent
979 335 1013 400 et
1034 331 1286 400 manutenerent
1310 334 1412 401 eontra

294 450 410 518 regem
429 432 568 501 Franeie
590 430 632 499 ad
649 432 763 500 vivere
779 436 813 498 et
827 431 909 499 mori
930 448 990 518 per
1007 434 1137 517 septem
1153 447 1262 499 annos
1277 432 1412 519 proxime

293 531 501 617 integraliter
535 536 716 618 sequentes
751 531 780 597 si
806 547 928 616 guerra
960 530 1047 596 inter
1067 526 1180 597 ,dietus
1207 547 1306 616 reges
1332 535 1412 596 tanto

293 634 444 717 tempore
479 628 622 698 duraret.
668 629 710 697 Et
736 629 883 698 similiter
915 626 1049 696 luerunt
1080 628 1177 695 iruati
1211 645 1326 697 omnes
1349 628 1413 712 regi

293 726 435 818 anglie,
467 727 559 816 quod
590 745 706 796 omnes
740 733 915 814 magnates
950 726 992 794 de
1020 724 1219 795 Coloniaet
1255 728 1333 795 eitra
1356 727 1413 793 aito

293 830 449 896 -venirent
481 826 524 895 ad
555 844 669 913 regem
694 823 815 912 Anglie
843 831 878 894 et
911 843 1043 914 semper
1068 823 1192 893 debent
1217 843 1296 893 esse
1320 824 1415 914 parati
1497 835 1499 840 ’

293 927 411 994 :venire
438 924 481 994 ad
507 943 581 994 eum
605 926 857 1012 omnitempore
876 942 943 1012 quo
960 922 1082 992 luerint
1097 916 1295 1012 premonitl²
1312 929 1415 993 eontra

290 1036 411 1110 'regem
435 1025 573 1095 Franeie
601 1041 674 1093 oum
701 1041 742 1092 eo
767 1024 888 1092 souin
914 1037 981 1110 quo
1006 1023 1083 1091 loeo
1110 1041 1169 1090 rex
1193 1020 1315 1110 Anglie
1331 1025 1415 1112 ipsos

294 1122 438 1192 voluerit
461 1125 649 1209 assignare.
689 1123 776 1191 Etsi
799 1123 1008 1207 contingeret
1030 1121 1174 1208 aliquem
1199 1122 1329 1191 illorum
1353 1120 1417 1205 regi

294 1218 417 1307 Anglie
450 1239 519 1290 non
553 1221 689 1290 obedire
720 1223 754 1291 in
786 1222 977 1312 promissio,
1012 1221 1115 1288 aeteri
1148 1238 1266 1288 omnes
1293 1220 1334 1288 de
1358 1219 1418 1286 alta

295 1317 469 1388 Alemania
502 1321 717 1407 insurgerent
750 1326 865 1388 eontra
896 1320 1004 1407 ipsum
1034 1323 1071 1387 ’01
1101 1337 1175 1388 eum
1209 1318 1418 1388 destruerent.

294 1417 368 1488 Hiis
399 1419 512 1506 itaque
539 1419 719 1489 eontraetis
746 1423 780 1486 et
812 1417 964 1487 stabilitis
996 1435 1055 1486 rex
1081 1421 1170 1508 oepit
1192 1417 1358 1488 lieentiam
1381 1413 1417 1483 alr

294 1515 492 1608 imperatore
519 1525 553 1588 01
577 1519 673 1590 rediit
697 1519 732 1586 11
757 1517 966 1588 Braboniam.

518 2013 668 2086 111111
694 2015 900 2087 1111111οε
926 2015 1010 2086 nus
1035 1992 1203 2087 anunm

734 2170 983 2180 ———-

295 2274 297 2277 ’
368 2255 396 2313 1.
417 2248 544 2326 Ludwig
565 2251 731 2314 1111100101
751 2251 845 2329 konig
865 2253 1000 2315 schreibt
1021 2251 1075 2316 rler
1095 2250 1179 2314 stadt
1197 2251 1335 2332 Trertso,
1356 2250 1422 2312 dass

296 2401 298 2408 ,
417 2349 451 2394 01
472 2335 505 2394 11
525 2332 692 2396 Frankfurt
713 2333 774 2396 1111
795 2337 827 2396 11
840 2335 945 2398 10101
964 2335 1236 2411 ordnungsmassig
1248 2351 1319 2396 zum
1336 2334 1422 2404 konig

416 2413 552 2490 gewilhlt
581 2415 643 2476 unrl
671 2417 801 2492 gelarent
829 2417 955 2479 worrlen
982 2420 1044 2496 sei,
1072 2416 1135 2478 unrl
1156 2416 1278 2479 feruere
1300 2412 1423 2492 sienni,
1526 2473 1527 2498 p

417 2497 497 2560 auch
524 2497 629 2559 fernen
655 2497 706 2559 fiir
734 2498 793 2560 den
820 2498 1001 2561 friedlielren
1021 2498 1150 2560 zustanrl
1173 2498 1227 2560 des
1247 2497 1356 2560 landes
1376 2495 1423 2558 be·
1526 2499 1527 2520 ¹

294 2582 296 2588 ’
418 2583 506 2655 sergi
525 2595 564 2641 zu
585 2582 662 2659 sein,
682 2579 731 2642 bis
746 2580 818 2642 dass
834 2598 868 2643 er
888 2581 986 2644 selbst
1007 2580 1055 2643 die
1071 2579 1253 2644 lombardel
1272 2577 1425 2643 besuehen

294 2670 300 2717 5
415 2659 527 2723 111110.
569 2662 698 2742 Worms,
723 2665 801 2724 1315
821 2665 881 2726 ian.
903 2667 931 2726 9.
1162 2667 1164 2670 ’

296 2883 300 2892 ,
368 2793 575 2886 Ludovieus
592 2813 647 2882 dei
664 2816 777 2900 graeia
796 2813 1016 2884 Romanorum
1032 2833 1091 2883 rex
1103 2833 1236 2904 semper
1252 2821 1425 2904 augustus.

297 2910 518 2991 Prudentihus
540 2915 654 2983 viris..
670 2916 830 3000 potestati
848 2915 1043 2982 oonsulibus
1061 2920 1094 2982 01
1109 2916 1319 2984 universitati
1342 2915 1425 2983 oivi-
1526 2909 1527 2994 l

294 3011 374 3078 tatis
410 3010 606 3102 Tarvisine,
643 3011 795 3080 fidelibus
823 3014 893 3080 suis
927 3012 1075 3104 dilectis,
1103 3016 1247 3098 graeiom
1275 3033 1371 3084 suam
1396 3017 1427 3081 et

295 3124 394 3176 omne
420 3108 554 3178 bonum.
597 3108 677 3177 Cum
694 3129 783 3179 1011
808 3108 851 3180 de
872 3112 962 3180 bono
987 3115 1076 3180 statu
1099 3117 1131 3180 01
1148 3117 1320 3202 prosperis
1345 3130 1425 3182 suo·
1526 3135 1527 3198 1

295 3204 448 3275 oessibus
475 3209 633 3298 prinoipis
660 3208 703 3277 ud
729 3228 827 3278 aures
853 3210 1017 3300 produota
1042 3210 1188 3279 fidelium
1205 3213 1241 3280 in
1263 3214 1350 3302 ipsis
1372 3214 1426 3281 io·
1526 3201 1527 3236 ³

295 3303 473 3374 eunditatis
505 3309 674 3374 materiam
708 3307 872 3398 elireiant,
899 3308 1068 3378 fidelitatis
1102 3313 1326 3380 constantiam
1362 3329 1425 3380 au-

293 3409 396 3490 geant
430 3409 464 3472 01
495 3405 664 3474 rebellium
699 3406 803 3475 eorda
835 3409 951 3477 timore
985 3408 1097 3477 valido
1131 3408 1363 3480 tremelaeiant
1397 3413 1429 3477 el

292 3501 489 3592 perturbent
501 3557 512 3595 ,
546 3503 643 3572 vobis
678 3507 735 3593 qni
769 3505 930 3575 honorem
963 3508 1091 3597 imperii
1127 3513 1161 3576 01
1195 3515 1318 3578 statum
1356 3511 1426 3577 eius

292 3619 490 3691 prosperum
513 3604 652 3676 sinceris
673 3603 846 3672 affectibus
868 3604 1006 3692 diligitis
1028 3605 1180 3676 duximus
1197 3609 1426 3696 intimandum,

292 3699 384 3788 quod
410 3700 524 3771 divina
549 3700 750 3790 disponente
775 3703 985 3792 providentia
1009 3707 1043 3773 in
1068 3723 1182 3792 regem
1203 3705 1428 3776 Romanorum
1526 3713 1527 3764 ἲ

293 3816 408 3876 sumus
442 3817 501 3889 per
533 3799 729 3870 eleetionem
763 3803 956 3870 eanonicam
981 3805 1165 3893 prinoipum
1191 3805 1234 3874 ad
1260 3825 1351 3894 quos
1377 3809 1428 3874 ius

294 3893 442 3990 eligendi
473 3900 619 3988 pertinet
651 3902 685 3968 in
719 3891 886 3969 orastin0³
910 3902 1000 3971 beati
1030 3903 1123 3973 Luae
1156 3905 1370 3992 evangeliste
1395 3905 1429 3972 in
1526 3963 1527 3998 p

293 3995 533 4067 Franehenlurt
558 3996 638 4068 loeo
661 4004 824 4068 oonsueto
852 4004 886 4068 01
912 4002 1012 4071 solito
1041 4003 1215 4096 sublimati,
1243 4011 1276 4072 et
1302 4001 1429 4074 deinde

328 4138 360 4204 1)
377 4141 446 4205 regis
463 4139 507 4194 lat
524 4141 661 4210 twysden.
702 4143 732 4210 2]
751 4145 889 4212 premuniti
905 4143 950 4200 hat
966 4143 1105 4211 twysden.

327 4204 359 4271 3)
379 4209 467 4263 oasttis
484 4207 569 4265 Verei.
