3044 4882
251 185 324 257 374
583 216 724 262 rcunnuss
744 213 954 260 ueronrunsrs.
989 212 1015 277 t,
1035 212 1058 264 7,

168 359 235 414 1312
324 353 507 440 Imperator
529 352 665 422 Romam
695 355 853 442 veniens,
879 352 991 421 Ursini
1017 369 1092 420 curn
1114 351 1264 422 Iohanne
1289 350 1384 423 tratre

175 444 227 483 ³¹⁴¹
251 453 341 538 regis
373 450 507 540 Ruperti
542 459 657 522 contra
691 471 764 521 eum
795 452 934 540 prelium
966 453 1209 541 instaurarunt,
1237 451 1384 522 Iohanne

251 551 349 619 Serra
367 550 409 619 de
432 551 615 640 Columpna
638 569 712 621 eum
737 551 887 640 pluribus
915 551 988 619 aliis
1006 551 1067 620 sihi
1088 549 1223 620 favente
1249 557 1281 618 et
1301 569 1385 620 con-

251 651 454 718 stantissime
481 650 672 720 adherente.
711 651 786 720 Fuit
810 656 920 718 autem
945 651 1105 738 imperiali
1133 668 1258 719 corona
1284 667 1384 720 coro-

249 754 347 818 natus
373 750 407 817 in
432 749 486 818 die
513 750 689 839 epiphanie
714 751 750 818 iu
776 749 919 818 ecclesia
944 751 1054 817 saneti
1069 749 1157 818 Petri
1182 749 1224 817 ad
1242 750 1386 819 vincula.

248 844 388 937 Accepit
400 853 511 917 autem
530 867 686 918 coronam
703 867 764 938 per
782 847 953 916 Nicolaum
974 851 1167 938 episcopum
1182 845 1386 940 Ostiensem,

251 949 306 1034 qui
322 965 381 1036 per
403 945 604 1016 Clementem
628 967 748 1037 papam
770 948 893 1018 missus
920 945 1028 1016 iuerat
1053 966 1120 1016 uua
1145 965 1218 1016 cum
1234 943 1386 1017 Arnoldo

250 1047 411 1134 episcopo
438 1045 618 1114 Sabinensi
644 1053 678 1115 et
704 1045 838 1116 domino
864 1046 975 1114 Flisco
1002 1046 1146 1115 diacono
1174 1045 1343 1116 cardinali.

323 1143 397 1214 Hoc
423 1163 511 1213 anno
538 1138 678 1214 moritur
698 1144 893 1215 chunradus
920 1145 1191 1235 archiepiscopus
1208 1145 1388 1216 Salczhur-

249 1244 386 1335 gensis,
412 1245 447 1312 in
474 1261 540 1331 quo
574 1245 674 1314 beata
706 1246 802 1331 virgo
829 1245 909 1312 mire
934 1245 1070 1333 pietatis
1095 1245 1218 1314 indicIa
1245 1244 1388 1314 demon-

250 1344 375 1412 stravit.
407 1341 489 1410 Nam
504 1349 603 1412 natus
622 1342 682 1412 fult
704 1345 737 1411 in
762 1343 816 1412 die
835 1344 1101 1414 annunciationis
1120 1343 1218 1412 beate
1234 1345 1388 1436 virginis,

248 1439 408 1511 sacerdos
435 1440 554 1511 eodem
580 1441 634 1512 die
660 1449 694 1512 et
718 1442 833 1532 presul
860 1442 978 1512 ecdem
1001 1441 1055 1512 die
1073 1443 1281 1512 revolutione
1298 1449 1391 1512 tem·

246 1559 364 1630 porum
391 1541 574 1633 ordinatus
600 1543 743 1633 ipsoque
769 1541 822 1610 die
849 1542 980 1610 transit
1005 1559 1047 1610 ex
1072 1541 1138 1610 hoo
1162 1542 1297 1612 mundo.
1321 1541 1390 1610 llio

247 1639 399 1708 habenas
433 1643 577 1711 ecclesie
609 1659 670 1710 sue
698 1642 786 1710 sicut
811 1641 920 1710 honus
946 1641 1123 1710 nauclerus
1148 1640 1289 1730 provide
1315 1660 1390 1728 gu-

247 1738 400 1808 bernavit
426 1747 459 1808 et
483 1741 627 1810 mirthois
660 1741 790 1809 actibus
823 1737 1023 1809 defensavit.
1058 1739 1119 1808 Cui
1145 1741 1311 1810 suecessit
1335 1743 1390 1810 vir

248 1855 356 1925 sagax
373 1839 565 1930 Wihardus,
592 1841 649 1928 qui
672 1841 764 1929 prius
787 1839 930 1908 ecclesie
945 1844 1077 1908 rexerat
1094 1838 1304 1930 decanatum,
1327 1841 1390 1928 qui
1503 1865 1512 1922 ‚p

248 1939 359 2005 statim
385 1937 428 2007 ad
455 1940 578 2008 curiam
602 1939 804 2028 properavit.

321 2036 404 2104 Post
434 2040 684 2108 coronationem
715 2037 923 2126 imperatoris
949 2035 1090 2125 predicti
1115 2035 1302 2105 cardinales
1328 2037 1391 2106 iu-

248 2142 430 2203 ramentum
456 2135 624 2207 srdelitads
652 2137 794 2206 eoeleste
819 2135 891 2204 heri
916 2137 1115 2224 petiverunt.
1150 2133 1214 2216 Qui
1237 2153 1390 2225 respon-

249 2231 312 2300 dir:
346 2252 383 2302 sc
420 2235 501 2304 ncllc'
532 2237 573 2304 dc
604 2238 674 2304 tetre
713 2235 830 2306 dehere
869 2235 989 2319 fcccrc
1007 2303 1008 2314 ,
1025 2238 1286 2318 sacramentum,
1319 2236 1389 2303 nist

249 2333 290 2400 dc
323 2335 416 2421 regni
448 2339 480 2403 ct
508 2336 633 2422 imperit
665 2335 795 2403 iustitiis
828 2333 1080 2416 conservandis,
1113 2336 1145 2400 ct
1167 2331 1232 2401 hcc
1257 2334 1391 2419 quidem

247 2438 402 2501 cccctcm
426 2452 499 2502 csso
523 2437 558 2502 tn
583 2433 778 2521 temporibus
802 2434 987 2500 retroactis
1021 2430 1187 2512 Quantum
1202 2450 1304 2520 super
1319 2432 1391 2502 hoc

247 2548 335 2619 papa
349 2532 542 2620 indignatus
558 2533 666 2624 tuerit,
694 2538 728 2600 et
745 2539 902 2620 quantum
919 2530 982 2598 sihi
999 2529 1217 2622 displicuerit,
1240 2537 1273 2599 et
1293 2550 1387 2619 qua-

246 2629 320 2698 liter
345 2631 580 2720 improbaverit
605 2632 748 2721 quedam
774 2630 816 2700 de
837 2629 1060 2720 iureiurando,
1086 2628 1389 2700 indIcatClemen-

247 2730 316 2798 tina
348 2730 534 2800 decretalis.
574 2732 751 2817 Privilegia
783 2730 1015 2798 nichilominus
1049 2730 1212 2817 apriscis
1246 2729 1387 2816 regibus

247 2834 281 2895 et
305 2830 558 2917 imperatoribus
585 2850 645 2919 per
670 2848 801 2897 manum
826 2829 970 2897 Heinrici
993 2827 1259 2898 Tridentinensis
1286 2831 1386 2918 ephs-

247 2930 323 3017 ccpi
348 2927 495 2997 Romane
522 2930 666 2998 ecclesie
693 2922 927 2996 confirmanti

321 3026 392 3095 Hiis
410 3029 521 3114 itaque
544 3045 582 3096 se
603 3027 826 3117 versantibus,
852 3027 964 3096 Ursini
988 3043 1061 3094 curn
1079 3025 1228 3094 Iohanne
1248 3023 1389 3114 Ruperti

247 3127 337 3211 rogis
365 3124 462 3194 tratre
490 3126 531 3194 de
559 3126 613 3194 die
639 3129 674 3194 in
700 3125 786 3193 diem
810 3131 925 3194 contra
949 3127 1191 3215 imperatorem,
1220 3125 1274 3193 cui
1302 3141 1389 3194 suc-

247 3241 368 3292 cessus
400 3224 444 3293 ad
478 3227 588 3295 omnIa
621 3226 774 3315 prosperi
806 3224 982 3314 lavehant,
1010 3225 1088 3293 totis
1121 3223 1244 3292 viribus
1279 3241 1388 3310 agere

249 3323 463 3392 conabantur.
499 3323 596 3405 Quod
621 3326 802 3414 prinoipem
828 3342 896 3393 non
922 3323 1057 3392 latebat.
1088 3323 1131 3392 Et
1148 3323 1226 3390 dum
1246 3324 1388 3392 materIa

248 3421 327 3489 helli
352 3425 522 3491 intereos
549 3425 683 3492 cottidie
712 3415 898 3514 ageretur2,
925 3425 959 3491 in
985 3427 1088 3510 ponte
1115 3421 1243 3490 Tiberis
1269 3422 1304 3489 iu
1331 3421 1390 3490 die

248 3523 475 3610 apostolorum
501 3523 588 3590 Petri
615 3529 648 3591 et
673 3523 764 3590 Pauli
790 3541 893 3609 grave
918 3521 1057 3609 prelium
1084 3526 1136 3590 est
1160 3521 1387 3613 commissum,

248 3621 449 3690 adversariIs
475 3623 510 3690 in
536 3630 646 3690 castro
671 3623 807 3711 positis,
835 3620 1040 3690 initiantibus
1067 3620 1220 3708 prelium,
1245 3621 1389 3688 mitten-

247 3721 335 3790 tihus
362 3722 470 3790 tacula
495 3721 698 3790 densissima
723 3727 823 3808 atque
846 3739 937 3789 saxa.
973 3718 1103 3788 Deinde
1122 3717 1311 3805 adgladics
1332 3726 1391 3787 est

247 3818 437 3889 deventum.
480 3821 637 3890 Prostrati
670 3826 749 3888 sunt
775 3819 905 3908 plurimi
930 3821 1104 3906 utriusque
1130 3819 1233 3907 partis
1258 3819 1292 3884 in
1318 3816 1389 3886 hoe

246 3918 347 3987 hello.
387 3917 513 3989 Cecidit
538 3921 582 3989 ihi
609 3921 789 4009 episeopus
815 3918 1036 4008 Leodiensis,
1063 3917 1115 3985 vir
1140 3923 1320 3986 strennuus
1350 3922 1387 3985 et

281 4027 311 4092 1)
328 4027 468 4095 Privilegia
492 4028 531 4082 his
555 4029 715 4084 consumavit
738 4026 802 4081 tehtt
824 4029 851 4081 in
871 4028 917 4082 der
933 4028 985 4095 hs,
1008 4029 1043 4082 ist
1061 4027 1125 4082 aher
1141 4027 1212 4082 heim
1229 4025 1390 4080 Lechiensis

141 4123 147 4140 ·
247 4094 362 4149 erhalten
380 4096 432 4150 und
448 4098 500 4150 wie
517 4097 558 4150 ieh
576 4097 713 4151 vermuthe
737 4099 779 4150 ein
797 4103 884 4150 zusatz
903 4097 953 4152 den
973 4098 1019 4152 der
1037 4097 1167 4152 versasser
1185 4094 1302 4151 cuidem
1320 4109 1388 4148 aus-

246 4163 393 4232 getallenen
413 4163 477 4219 hlatt
495 4166 583 4233 spdter
601 4165 721 4232 gemacht
744 4163 787 4218 hat
808 4165 846 4218 als
865 4165 906 4219 die
924 4164 1048 4220 abschrist
1066 4165 1107 4219 die
1126 4166 1213 4220 davou
1231 4162 1389 4219 vcrhuudeu

246 4237 281 4286 ist
298 4245 452 4300 genommen
470 4233 566 4288 wurde.
602 4235 634 4300 2)
653 4234 700 4288 mil
717 4239 839 4301 ageretur
856 4233 924 4288 l'dhrt
943 4235 985 4288 die
1002 4233 1040 4288 hs.
1060 4233 1159 4290 uieder
1176 4233 1233 4288 lert.
