3002 4880
256 227 302 300 38
568 257 711 304 ennolion
733 257 770 302 uit
791 257 892 303 dissuis
913 257 1080 304 Pnlncil’lltl.

173 413 240 466 1313
254 394 429 466 Australes
465 399 498 462 et
532 394 586 462 alii
621 394 819 464 habuissent
852 394 974 462 multos
1011 411 1144 484 currus,
1181 397 1215 462 et
1248 398 1384 463 onustos

178 496 236 536 ⁰⁰⁹·
255 497 385 582 magnis
411 493 541 584 opibus,
570 494 721 562 civitates
747 494 856 562 vicine
882 491 1070 581 Mospurga
1096 499 1130 561 et
1151 491 1337 560 Lantsbuta
1356 497 1385 560 et

255 595 368 664 villani
394 595 515 662 circum
542 595 629 661 circa
656 591 849 681 diripientes
875 592 1131 661 inestimabilem
1156 589 1304 680 predam,
1332 591 1384 660 di-

255 696 314 764 tati
348 699 426 762 sunt
460 690 570 761 valdo.
618 687 830 779 Acceperunt
864 692 951 759 enim
984 690 1029 759 ibi
1061 697 1176 760 vestes
1210 691 1385 780 pretiosas,

254 794 354 862 xenia
379 791 613 880 prestantiora,
640 807 802 880 nummos,
830 794 1005 875 argentum
1031 795 1065 858 et
1084 809 1208 878 aurum,
1235 791 1281 856 ita
1301 787 1388 877 quod

254 893 346 960 multi
373 908 415 959 ex
441 907 483 957 ec
511 894 588 956 sunt
612 906 720 977 usque
746 888 848 958 hodic
875 887 1025 957 ditiores.
1076 889 1182 958 Nemo
1209 889 1296 956 enim
1322 892 1389 956 erat

256 993 312 1078 qui
337 987 528 1078 prohiberet
554 987 706 1056 omnibus
732 989 766 1055 in
794 989 974 1056 certamine
1000 989 1185 1076 occupatis.

328 1090 431 1158 Porro
467 1085 535 1156 dux
560 1084 742 1175 Rudollus,
770 1085 910 1156 audiens
936 1086 1070 1155 fratrem
1097 1103 1193 1156 suum
1218 1084 1260 1154 do
1286 1086 1389 1174 prclio

256 1187 495 1276 triumphasse,
531 1184 712 1254 declinavit
737 1205 757 1254 a
783 1191 881 1272 terra,
909 1186 1077 1274 recipiens
1112 1203 1150 1254 se
1183 1186 1217 1252 in
1249 1183 1390 1254 Haidel-

255 1286 358 1356 berch
385 1304 457 1352 oum
484 1283 618 1352 domina
644 1304 706 1353 sua
732 1283 939 1373 blaebtbildi,
966 1285 1023 1353 ubi
1050 1303 1123 1352 cum
1151 1303 1191 1352 ea
1215 1301 1276 1371 pro
1304 1289 1390 1352 tem-

254 1402 337 1475 pore
364 1383 563 1453 morabatur.
615 1381 688 1463 Quo
717 1381 812 1452 datur
837 1383 996 1474 intelligi,
1025 1383 1115 1472 quod
1149 1382 1296 1452 nondum
1323 1387 1392 1450 erat

254 1485 405 1553 sincerus
432 1481 629 1552 cumfratre
656 1500 738 1569 suo,
766 1481 928 1551 debuerat
953 1484 1040 1550 enim
1068 1484 1098 1550 ci
1118 1489 1198 1571 post
1222 1482 1392 1550 victoriam

152 1639 156 1647 .
253 1583 389 1652 hilarius
418 1583 618 1667 occurrisse,
646 1586 680 1650 et
706 1582 852 1650 fraterno
879 1598 992 1652 amore
1018 1581 1129 1651 verbis
1155 1580 1303 1671 pacificis
1332 1600 1392 1650 sa-

253 1684 391 1752 lutasse.
442 1680 510 1749 Sed
546 1682 623 1768 quia
657 1686 791 1749 constat
824 1682 932 1769 ipsum
971 1698 1040 1749 uon
1075 1679 1180 1750 lauisse
1215 1682 1248 1747 in
1273 1680 1391 1768 prelio,
1496 1753 1497 1756 ,

255 1787 368 1869 potest
401 1779 543 1865 intelligi
569 1797 644 1848 eum
670 1798 691 1848 a
716 1785 803 1847 terra
836 1777 975 1866 provida
1002 1781 1190 1849 recessisse
1217 1783 1251 1848 et
1275 1778 1391 1848 indul·
1495 1785 1496 1802 *

256 1882 343 1950 sisse
370 1879 527 1967 captivis,
555 1895 615 1964 pro
642 1878 762 1964 ortibus
788 1895 852 1946 neo
881 1878 968 1945 bene
1003 1895 1066 1946 neo
1091 1880 1176 1948 male
1203 1877 1292 1965 apud
1319 1877 1392 1946 lra-

255 1985 338 2047 trem
370 1995 465 2046 suum
493 1975 598 2044 voluit
622 1993 791 2065 perorare.
842 1976 1055 2065 Perspicuum
1082 1984 1135 2046 est
1161 1976 1393 2046 nichilominus
1495 1983 1497 2066 ]

254 2078 290 2144 iu
314 2076 371 2145 illa
396 2076 535 2144 victoria
553 2075 714 2144 ambobus
736 2074 878 2144 ducibus
898 2074 1123 2144 indillcrcntcr
1147 2075 1314 2146 fortunam
1333 2080 1394 2162 jo·
1496 2082 1497 2132 ff

256 2174 398 2243 candias
425 2175 591 2262 arrisisse,
620 2175 697 2260 quia
723 2176 751 2242 si
776 2175 1026 2261 periclitassent
1050 2175 1105 2243 vcl
1131 2175 1394 2244 succubuissent

253 2275 288 2342 in
313 2274 430 2364 prelio,
458 2272 637 2341 verisimile
665 2278 717 2341 est
743 2272 834 2361 quod
860 2278 979 2341 terram
1006 2291 1099 2342 suam
1125 2292 1199 2342 cum
1219 2279 1290 2342 tota
1317 2277 1391 2342 eius

252 2390 360 2450 rorum
388 2372 575 2441 substantia
599 2370 836 2458 perdidissent.
876 2372 1058 2460 Propterea
1083 2392 1103 2441 a
1128 2373 1202 2442 Dec
1230 2373 1292 2442 sibi
1319 2374 1393 2442 col-

252 2471 353 2541 latam
374 2472 545 2540 victoriam
568 2472 690 2558 pariter
716 2469 902 2539 debuerant
925 2489 999 2539 cum
1025 2473 1162 2560 captivis
1184 2471 1226 2540 ad
1242 2470 1394 2540 fructuo-

254 2589 326 2640 sum
360 2573 483 2641 exitum
519 2568 729 2659 perduxisse.
781 2568 848 2638 Sed
882 2569 949 2638 dux
974 2569 1135 2641 Rudollus
1163 2570 1394 2656 negligentius
1497 2595 1499 2642 r

254 2687 361 2757 agens
380 2673 413 2738 in
432 2671 496 2738 bac
513 2675 618 2758 parte,
646 2668 894 2737 inconsiderata
920 2674 1037 2737 contra
1060 2670 1199 2738 salutem
1224 2673 1395 2759 propriam

252 2788 313 2858 pro
340 2770 537 2837 liberatione
564 2770 769 2854 captivorum
788 2785 860 2834 cum
883 2766 1024 2835 ducibus
1043 2766 1176 2837 Austrie
1199 2769 1259 2837 luit
1282 2771 1395 2838 minus

255 2869 416 2936 sollicitus
445 2873 478 2936 ct
502 2867 671 2955 intentus,
706 2865 866 2934 debuerat
901 2868 988 2934 enim
1014 2874 1187 2956 acceptum
1214 2867 1395 2956 dampnum
1498 2917 1499 2934 2

254 2969 288 3033 in
323 2966 483 3034 bellorum
518 2963 708 3034 discrimine
742 2967 855 3055 potius
893 2966 926 3032 in
964 2969 1169 3056 captivorum
1204 2969 1396 3038 retentione

254 3081 427 3134 resarcire.

327 3162 451 3252 Verum
477 3179 550 3232 cum
574 3163 754 3233 Ludwicus
782 3163 851 3232 dux
875 3163 1028 3231 Bouario
1055 3162 1150 3246 gravi
1176 3179 1249 3228 cum
1275 3160 1396 3228 labore

254 3260 371 3330 hostes
399 3278 481 3329 suos
515 3264 547 3330 in
572 3264 678 3350 prelio
712 3263 937 3331 conclusisset
964 3267 997 3329 et
1028 3266 1145 3347 captos
1172 3261 1205 3326 in
1232 3267 1396 3347 potesta-

254 3365 321 3426 tam
345 3362 511 3450 propriam
537 3360 737 3452 redegisset,
764 3368 843 3448 post
868 3359 1036 3428 dimidium
1061 3376 1182 3426 annum
1209 3357 1265 3426 vel
1290 3358 1398 3446 paulo

253 3459 329 3547 plus
354 3460 390 3526 iu
417 3460 605 3547 captivitate
632 3460 846 3551 degentibus,
873 3461 1018 3527 accessit
1044 3459 1093 3525 cis
1116 3457 1238 3526 tedium
1265 3458 1334 3525 vite
1364 3463 1399 3526 et

253 3559 373 3626 mentis
399 3556 535 3626 alssictio
561 3559 745 3628 vcbomcns
774 3577 847 3628 cum
873 3575 1020 3646 merore,
1047 3574 1109 3644 pro
1137 3573 1178 3624 eo
1205 3555 1298 3643 quod
1323 3575 1400 3625 non

255 3663 350 3726 esset
380 3659 436 3744 qui
459 3656 636 3726 redimeret
660 3659 714 3728 vel
737 3674 859 3743 graves
884 3674 945 3744 pro
972 3658 1021 3723 eis
1045 3673 1214 3744 expensas
1244 3655 1400 3724 solveret

252 3756 308 3824 vol
326 3762 475 3844 pagaret.
504 3755 572 3824 Sed
598 3774 678 3826 ecce
705 3757 809 3824 duces
829 3751 964 3824 Austrie
983 3753 1102 3823 callide
1124 3755 1399 3822 circumvenien-

254 3861 306 3924 tes
333 3856 452 3924 ducem
476 3854 673 3924 Ludwicum
698 3857 858 3924 victorem
885 3853 985 3943 belli,
1012 3853 1156 3943 palliatis
1183 3855 1311 3939 treugis
1319 3906 1330 3944 ,
1360 3858 1401 3922 ut

255 3955 407 4043 captivos
442 3953 600 4046 dimittat,
635 3954 724 4045 apud
759 3972 833 4024 eum
866 3953 1045 4021 instantius
1070 3952 1278 4020 laborabant.
1329 3949 1400 4034 Qui
1498 3985 1499 4006 t

254 4053 341 4120 sicut
358 4055 433 4141 pius
456 4053 621 4144 dominus,
646 4055 752 4124 victus
773 4054 951 4122 amicorum
977 4050 1145 4141 precibus,
1163 4051 1287 4119 dimisit
1303 4069 1398 4137 quos

254 4152 360 4220 tonuit
386 4159 419 4220 et
444 4147 627 4224 absolvit1.
673 4153 741 4223 Sed
767 4153 801 4220 in
827 4152 894 4221 boo
919 4152 1014 4219 nimis
1043 4151 1171 4240 erravit,
1199 4149 1290 4236 quod
1317 4151 1400 4220 sine
1498 4151 1499 4220 l

288 4272 318 4338 1)
337 4271 366 4325 ln
378 4271 535 4340 genassneit
549 4275 595 4329 dor
610 4274 693 4330 slibne
704 4274 728 4328 d.
742 4274 766 4328 d.
780 4272 1039 4342 salzburgllllapr.
1048 4271 1088 4326 17.
1101 4270 1397 4340 OeleleSoript.2,129.
1498 4339 1499 4366 ἶ
