3028 4878
285 184 358 258 384
623 212 767 260 romrums
786 211 1000 258 uteremursrs.
1035 210 1060 274 5,
1078 209 1102 262 l.

201 373 269 428 talc
283 350 410 442 regium
418 405 427 444 ‚
464 357 528 422 tam
554 351 600 420 ibi
627 369 724 438 quam
750 352 784 418 in
811 349 969 441 Colonia,
995 352 1031 418 in
1057 348 1166 419 leodis
1192 345 1408 418 concedendis
1497 417 1498 422 ,

284 460 318 523 ει
342 455 376 520 in
403 452 477 520 aliis
505 450 682 540 expedivit.
715 449 931 537 Veniensquc
957 452 991 518 in
1009 450 1137 540 Spiram
1153 449 1307 517 similiter
1329 449 1409 516 iuxta
1497 493 1498 500 a

282 553 424 642 priscam
445 549 731 638 consuetudinem,
759 567 823 636 que
843 548 885 617 ad
910 550 989 618 novi
1009 551 1099 635 regis
1124 548 1409 636 actumpertinent
1497 611 1498 628 ,

283 648 510 738 sollempniter
551 649 750 737 adimplevit.
795 647 968 716 Civitatem
1000 647 1195 716 Noricorum
1228 647 1409 732 Augustam
1497 637 1498 688 5

282 751 466 820 Bawariam
481 749 671 818 Bohemiam
689 748 906 815 Franconiam
925 745 1112 816 inleriorcm
1128 745 1327 836 Ribauriam‚
1353 763 1409 813 ex·
1497 797 1498 810 ι

283 855 381 938 cepta
406 848 532 917 ditione
559 845 770 916 Coloniensis
795 846 950 935 presulis
977 863 1050 913 cum
1077 847 1150 914 aliis
1178 845 1310 931 angulis
1324 844 1410 930 regni
1497 881 1498 884 =

205 1025 206 1028 Ἴ
282 948 432 1038 pluribus
460 947 583 1036 babuit,
611 946 761 1032 regiique
788 945 931 1013 nominis
958 945 1052 1014 titulo
1079 944 1298 1035 fungebatur,
1327 948 1359 1012 ει
1381 943 1410 1010 in

283 1047 470 1116 civitatibus
498 1048 550 1114 sui
576 1043 700 1113 latioris
727 1045 834 1112 curias
860 1042 1044 1113 honorifice
1071 1043 1260 1112 celebravit.
1497 1031 1498 1122 j

358 1145 542 1214 Friderious
577 1150 686 1212 autem
719 1143 751 1210 in
788 1144 933 1212 ecclesio
965 1141 1055 1211 beati
1090 1142 1200 1210 Cassii
1225 1144 1259 1211 in
1286 1141 1410 1210 civitate

283 1244 434 1335 predicta
460 1244 632 1312 Bunnens'i
659 1241 699 1310 ab
726 1241 882 1310 Heinrico
910 1242 1070 1331 episcopo
1099 1241 1291 1310 Coloniensi
1318 1257 1410 1309 coro-

284 1349 397 1434 natur,
425 1348 460 1411 et
484 1362 542 1412 rex
567 1343 628 1410 rite
663 1341 789 1410 electus
819 1343 928 1409 iustus
953 1346 1075 1429 potens
1102 1342 1237 1429 sapiens
1265 1346 1300 1409 ει
1325 1338 1411 1407 abilis

283 1443 514 1532 proclamatur.
556 1442 619 1510 Hic
650 1438 816 1509 Austriam
853 1439 983 1510 Stiriam
1016 1439 1218 1508 llarintbiam
1252 1439 1411 1508 chriam

285 1543 489 1630 superiorem
509 1547 542 1610 et
562 1543 595 1610 in
618 1558 730 1608 earum
754 1539 981 1628 complexibus
1002 1539 1203 1608 fortissimos
1221 1539 1337 1607 babuit
1353 1536 1410 1605 ad·
1497 1539 1498 1570 l

282 1641 420 1732 intorno,
448 1659 485 1709 se
506 1659 640 1728 quoque
660 1641 756 1726 regio
778 1640 912 1708 nomine
930 1640 1081 1728 titulavit,
1109 1644 1142 1708 et
1159 1639 1268 1706 curias
1284 1639 1320 1706 in
1335 1637 1412 1706 locis
1497 1699 1498 1708 ,

284 1739 422 1810 famosis
439 1741 502 1808 sibi
520 1739 757 1810 favorabilibus
773 1736 901 1826 indixit,
929 1743 962 1806 ct
977 1740 1047 1807 suis
1064 1738 1267 1827 temporibus
1285 1735 1411 1823 magni-

285 1839 347 1908 lico
384 1839 563 1908 sastivavit.
603 1839 643 1906 Et
669 1840 757 1907 siout
790 1838 942 1905 scribitur
967 1838 1001 1904 in
1026 1837 1111 1905 libro
1137 1835 1283 1922 Regum:
1317 1835 1412 1926 „Posi
1495 1881 1496 1884 ,

284 1944 421 2007 mortem
447 1939 578 2006 Zambri
603 1939 694 2023 regis
721 1936 851 2006 divisus
878 1941 930 2004 εει
953 1937 1098 2025 populus
1124 1937 1158 2003 in
1185 1935 1269 2004 duas
1296 1939 1411 2022 partes
1497 1965 1498 2018 1

285 2037 395 2106 media
419 2057 496 2126 pars
524 2037 725 2125 sequebatur
752 2036 866 2125 lebni,
895 2040 928 2104 ει
953 2035 1062 2104 media
1088 2051 1166 2124 pars
1192 2030 1341 2103 Ambri.“

358 2135 432 2206 lloo
454 2155 542 2205 anno
564 2137 699 2204 moritur
716 2137 833 2221 regina
854 2133 1024 2203 Elizabcth
1047 2133 1268 2202 Romanorum
1286 2134 1321 2201 in
1344 2129 1412 2200 Au·

286 2235 374 2324 stria,
402 2235 520 2303 ducum
546 2232 680 2304 Austrie
707 2235 851 2320 genitrix
875 2233 1079 2324 veneranda,
1108 2234 1202 2302 ouius
1229 2249 1351 2321 corpus
1375 2227 1413 2298 nd

286 2332 587 2423 Campum-Regis,
615 2332 704 2421 quod
731 2334 970 2402 monasterium
995 2333 1071 2421 ipsa
1097 2337 1339 2420 construxerat,
1366 2333 1413 2397 est

285 2438 520 2503 transvectum.
563 2433 638 2502 Non
673 2437 781 2500 autem
815 2431 1016 2522 mirandum,
1052 2431 1081 2499 si
1113 2448 1221 2500 asua
1255 2445 1412 2518 compago

286 2550 426 2618 regnum
447 2532 589 2602 solidum
608 2533 750 2600 scissum
771 2537 823 2600 est
839 2533 873 2600 in
889 2547 993 2600 causa
1013 2531 1148 2602 istorum
1166 2530 1319 2620 duorum,
1342 2545 1414 2596 nam

285 2632 456 2701 nobilitate
483 2631 644 2719 dignitate
670 2631 898 2717 generositate
922 2647 1021 2720 pares
1046 2629 1254 2719 videbantur,
1283 2627 1347 2697 sed
1363 2623 1415 2695 di·

285 2733 372 2800 vitiis
400 2738 433 2800 et
458 2733 606 2820 potentia
639 2730 721 2820 alter
746 2729 850 2799 altero
876 2729 1048 2818 plurimum
1074 2727 1314 2819 proeminebat.
1347 2726 1415 2794 Hos

286 2836 320 2898 ct
336 2832 457 2908 multos
478 2828 676 2898 Alamannia
697 2829 824 2918 genuit,
853 2829 909 2916 qui
925 2827 969 2896 ad
982 2831 1077 2916 regni
1099 2827 1327 2913 gubernacula
1343 2823 1415 2894 sul·
1497 2811 1498 2904 J

285 2929 433 3020 licerent,
460 2930 526 2997 nisi
553 2946 613 2997 eos
639 2927 770 2997 lortuna
798 2927 998 2996 emulatione
1025 2929 1152 2997 virtutis
1178 2929 1212 2996 in
1237 2927 1415 3016 perniciem

285 3033 428 3097 mutuam
455 3029 661 3096 armavisset.
695 3025 777 3094 Nam
803 3031 933 3095 mortuo
949 3025 1086 3112 barolo,
1113 3031 1211 3095 tertio
1234 3025 1333 3094 huius
1349 3040 1414 3091 no-

281 3128 395 3215 minis,
422 3125 563 3214 qucdam
578 3142 655 3216 pars
681 3125 786 3194 Italici
805 3124 931 3215 populi,
947 3126 1032 3194 sicut
1049 3133 1101 3196 εει
1115 3124 1262 3194 habitum
1283 3126 1317 3192 in
1335 3139 1414 3210 pre-

285 3217 429 3316 missis1,
456 3227 673 3312 Berngarium
691 3223 808 3293 ducem
823 3224 1011 3312 Fori-lulii3
1039 3225 1103 3294 alio
1121 3223 1301 3292 Wialonem
1317 3221 1414 3290 lilium

286 3323 381 3392 ducis
400 3324 572 3412 Spolctani
591 3325 780 3394 sublimavit
793 3325 887 3410 regia
911 3322 1084 3410 dignitate.
1110 3323 1160 3392 Ex
1176 3340 1316 3410 quorum
1330 3336 1413 3388 con-

284 3424 457 3514 troversia,
485 3425 569 3492 siout
595 3443 637 3494 err
663 3424 789 3514 borum,
816 3428 908 3492 tanta
934 3428 1066 3510 strages
1089 3440 1131 3492 cx
1148 3427 1288 3509 utraque
1313 3422 1413 3508 parte,

285 3529 465 3610 tantusque
490 3523 654 3591 humanus
682 3523 822 3609 sanguis
849 3521 976 3591 effusus
1004 3527 1067 3610 cst,
1095 3527 1131 3590 ut
1155 3522 1247 3590 iuxta
1273 3517 1415 3590 domini-

286 3639 358 3690 cam
384 3639 503 3692 vcoem
529 3640 667 3708 regnum
686 3623 719 3690 in
739 3640 777 3690 se
801 3623 909 3710 ipsum
929 3620 1071 3690 divisum
1097 3619 1414 3705 desolationispenc

285 3723 457 3790 incurrerit
482 3722 665 3812 miseriam3
701 3727 735 3788 et
761 3720 929 3809 episcopis
956 3721 1132 3790 abbatibus
1157 3719 1294 3810 prelatis
1319 3713 1416 3784 duci-

317 3895 349 3958 1)
368 3895 447 3950 Diese
459 3895 636 3962 bezugnabme
651 3894 864 3962 aultbatsachen
883 3895 925 3948 dic
938 3895 1004 3949 nach
1021 3895 1080 3950 dem
1090 3896 1204 3950 indexin
1219 3893 1316 3950 diesem
1328 3888 1415 3967 werlo

284 3963 355 4016 nicht
373 3963 540 4018 vorlommen
559 3963 683 4032 lonnlen,
701 3964 766 4017 lisst
783 3964 837 4017 sich
854 3977 884 4017 so
903 3963 1037 4031 erblaren,
1056 3963 1115 4018 dass
1132 3964 1178 4016 der
1195 3961 1260 4016 veri.
1277 3962 1315 4016 als
1332 3973 1362 4014 er
1379 3955 1417 4009 brs

283 4029 388 4086 bierber
404 4032 575 4100 gescbrieben
594 4033 775 4088 sobonseinen
786 4031 847 4100 plan
862 4031 990 4098 geurien
1007 4032 1059 4086 und
1076 4032 1131 4086 sich
1148 4030 1328 4086 cntscblcsscn
1345 4027 1416 4080 batte

283 4103 330 4152 mrt
347 4100 406 4153 dem
432 4100 526 4169 anlang
552 4102 610 4155 cine
635 4101 698 4155 auch
722 4099 826 4153 lriihere
844 4103 929 4154 zeiten
946 4099 1111 4154 umlassendc
1129 4100 1306 4166 umarbeilung
1322 4107 1416 4149 vorzu-

283 4166 395 4222 nebmen
430 4170 495 4222 oder
514 4169 574 4224 dass
592 4170 666 4224 seina
685 4167 835 4236 geschichte
861 4167 990 4223 bestimmt
1007 4183 1063 4222 war
1081 4170 1168 4222 einem
1185 4163 1417 4236 verborgebenden

172 4234 176 4246 '
284 4209 454 4303 rrrglerelon
473 4237 662 4293 cnlbaltenden
678 4236 767 4292 werke
790 4235 828 4291 als
846 4236 1007 4304 lortsetzung
1023 4236 1237 4306 beigesebrieben
1254 4251 1285 4292 zu
1301 4230 1416 4292 werden.
