3096 4882
491 177 548 224 um
570 175 683 223 uorrne
704 177 741 224 zo
763 176 900 224 cosmrz.
1194 145 1259 215 nel

51 379 53 384 .
134 317 279 404 marquis
302 315 345 384 de
361 314 485 384 Jullers
511 311 531 384 b
557 315 662 402 quill
689 315 803 383 dorma
829 311 849 382 l
874 315 960 383 tenir
983 314 1016 383 le
1042 311 1186 404 seeptro.
1225 314 1267 383 Et
1281 327 1349 384 1³³8

134 419 271 485 environ
288 414 377 483 deux
392 409 514 501 degrbs
538 413 687 483 desoubs
713 415 911 503 l'empereur
936 407 1069 483 se'oient
1092 414 1143 482 les
1171 413 1266 483 eleo-

134 522 223 584 teurs
259 514 302 583 de
335 515 492 603 l’empire.
542 514 583 582 Et
610 513 752 582 deseure
782 513 979 602 l'empereur
1013 514 1115 582 estoit
1138 513 1170 580 le
1198 514 1265 581 sire

133 615 173 683 de
196 614 290 682 lluolr
312 631 356 682 ou
376 613 444 682 lieu
466 612 510 681 du
534 611 598 680 duo
618 611 659 680 de
677 612 823 682 Brabent
849 630 892 680 en
918 629 981 681 sen
1008 605 1149 702 estant¹,
1176 610 1267 680 deux

132 713 228 802 ploos
254 713 329 801 plus
356 712 447 781 bault
473 729 538 800 que
564 711 761 799 l’empereur
787 729 831 780 ou
857 711 1007 801 environ,
1035 717 1068 780 et
1084 707 1117 779 ld
1135 710 1266 778 tenoit-

132 814 246 880 ilurre
277 805 379 900 espe'e
414 817 506 880 toute
536 828 602 878 nue
629 827 671 878 en
698 828 737 878 sa
762 812 861 880 maio.
907 811 949 879 Et
972 807 1006 880 ld
1031 813 1142 878 estant
1166 809 1266 877 l’em-

135 929 256 1000 pereur
283 911 330 978 sis
358 928 399 977 en
427 928 491 980 son
517 915 631 978 trosne
658 915 691 979 et
716 909 862 978 haultain
889 910 985 995 siege
1011 907 1174 996 magestal
1200 906 1267 975 dist

134 1028 217 1080 oens
245 1016 322 1078 tous
349 1026 407 1077 ees
432 1009 579 1098 perolles
607 1007 649 1076 de
671 1025 710 1077 sa
734 1026 856 1098 propre
881 1008 1023 1099 bonone,
1050 1007 1131 1094 quil
1150 1005 1269 1091 [auoit

132 1126 193 1176 son
218 1110 344 1176 niootre
369 1112 403 1175 et
425 1127 488 1176 son
512 1108 689 1176 tentabunt
711 1109 756 1176 dre
778 1125 842 1196 roy
866 1107 1100 1194 uunquam.

445 1306 481 1380 2)
503 1305 585 1369 Necb
606 1305 766 1368 Heinrleus
786 1304 961 1382 lluygbton.

207 1437 289 1508 Cum
312 1439 492 1526 imperator
509 1439 735 1509 intellexisset
756 1441 798 1510 de
820 1439 966 1509 adventu
992 1439 1084 1526 regis
1108 1435 1266 1510 Edwardi

130 1539 235 1607 movit
260 1555 298 1606 se
323 1537 365 1606 de
383 1538 459 1607 loeo
478 1556 540 1608 suo
564 1539 697 1609 rediens
722 1542 757 1608 in
784 1556 958 1608 occursum
984 1541 1074 1626 regis
1099 1557 1160 1628 per
1177 1557 1267 1626 que-

129 1643 205 1706 tuor
238 1636 347 1705 dietas
382 1655 560 1707 ooourrens
596 1640 626 1706 ei
653 1645 687 1706 et
713 1638 755 1707 od
790 1637 956 1726 quandam
989 1638 1101 1706 villam
1131 1639 1266 1706 nomine

131 1733 335 1826 Coloneum,
364 1742 397 1804 et
421 1737 466 1804 ibi
492 1739 618 1826 reeepit
642 1756 756 1823 regem
783 1756 856 1806 oum
882 1753 1004 1823 magno
1031 1736 1170 1805 bonore.
1202 1735 1267 1804 Ubi

128 1841 248 1923 parata
281 1840 332 1902 est
364 1853 431 1904 una
457 1836 615 1905 cathedra
642 1839 830 1926 imperatori
857 1842 891 1905 et
916 1837 980 1904 alia
1005 1836 1078 1922 regi
1105 1841 1139 1904 et
1164 1833 1266 1903 ditis-

130 1935 214 2002 sime
242 1939 345 2002 strata
370 1936 404 2001 in
430 1938 594 2003 communi
621 1934 693 2004 loro
721 1942 814 2004 extra
840 1952 937 2004 omne
964 1933 1183 2023 domicilium,
1209 1931 1268 2002 ubi

128 2034 310 2120 imperator
326 2032 466 2102 sedebat
482 2039 515 2102 et
532 2053 592 2104 rex
609 2033 795 2103 Edwardus
817 2035 909 2103 iuxta
926 2051 1011 2103 eum.
1052 2034 1093 2102 Et
1119 2035 1267 2100 assiste-

127 2232 245 2298 xxxvii
270 2233 422 2320 comites,
451 2231 493 2300 de
519 2232 699 2302 baronibus
726 2239 760 2300 et
786 2232 970 2300 baronetlis
998 2236 1031 2299 et
1056 2229 1212 2298 militibus
1233 2234 1268 2297 et

128 2329 202 2397 aliis
239 2329 495 2399 advenientibus
529 2331 615 2400 bene
650 2331 692 2399 ad
725 2333 968 2400 estimationem
1002 2328 1064 2396 des
1098 2326 1266 2397 beroudes

127 2429 197 2496 xvii
224 2428 324 2497 mille.
369 2429 550 2519 Imperator
571 2434 676 2499 tenuit
697 2431 731 2498 in
751 2449 850 2499 manu
871 2447 932 2497 sua
956 2427 1073 2497 dextra
1099 2433 1268 2516 sceptrum

127 2527 300 2617 imperiale
322 2529 403 2597 etin
424 2531 557 2598 sinistra
577 2549 677 2598 manu
702 2529 803 2619 pilam
829 2546 963 2597 auream
988 2524 1174 2616 rotundam,
1202 2542 1268 2613 qua

127 2628 232 2695 totius
268 2627 382 2696 mundi
413 2628 551 2698 denotat
576 2628 848 2716 gubernaculum.
894 2624 1033 2707 Quidam
1060 2625 1156 2693 miles
1181 2624 1270 2693 ultra

128 2730 232 2815 eaput
258 2744 354 2794 suum
379 2745 480 2795 unum
506 2727 652 2814 gladium
680 2728 901 2814 evaginatum.
943 2725 985 2794 Et
1009 2722 1130 2793 ibidem
1156 2723 1269 2811 impe-

129 2830 224 2893 rator
250 2842 362 2892 eoram
390 2827 478 2895 omni
504 2827 630 2916 populo
657 2830 864 2912 congregato
892 2822 1039 2893 ostendit
1059 2828 1092 2891 et
1109 2821 1268 2890 notilioe-

127 2925 176 2991 vit
204 2922 358 2992 omnibus
385 2925 663 2994 irrnaturelr'tatem
694 2932 727 2994 et
751 2924 1012 2992 inobedientiam
1039 2939 1079 2989 ao
1104 2920 1267 3009 improbi-

126 3028 232 3092 tatem
267 3041 366 3110 quam
398 3042 458 3092 rex
489 3025 630 3093 Franoie
667 3025 697 3092 ei
732 3023 867 3093 leeerat.
920 3023 962 3093 Et
997 3019 1118 3090 ibidem
1152 3038 1269 3107 regem

125 3121 270 3189 Franeie
297 3120 468 3190 diffidebat
494 3131 527 3191 et
552 3125 586 3192 in
614 3122 823 3209 forisfactura
848 3124 957 3212 ipsum
984 3127 1018 3190 et
1043 3136 1159 3188 omnes
1187 3135 1268 3187 suos

126 3220 335 3289 adherentes
366 3221 599 3309 promulgavit.
648 3221 779 3290 Deinde
819 3223 999 3309 imperator
1038 3218 1116 3287 leoit
1154 3235 1269 3303 regem

125 3318 333 3388 Edwardum
356 3337 451 3388 suum
463 3323 621 3390 viearium
641 3328 674 3389 et
689 3320 782 3390 dedit
797 3321 827 3388 ei
849 3321 981 3410 plenam
1001 3337 1094 3388 suam
1112 3321 1270 3407 poteste-

125 3423 197 3487 tem
232 3417 274 3486 de
303 3416 442 3488 Colonia
469 3426 502 3488 et
528 3421 619 3491 eitra.
661 3419 703 3489 Et
734 3437 837 3508 super
866 3419 932 3488 hoo
966 3417 1058 3488 dedit
1083 3417 1114 3486 ei
1148 3420 1270 3487 oartam

127 3534 227 3586 suam
254 3517 389 3586 vidente
416 3520 505 3588 omni
530 3520 667 3610 populo.
1266 3601 1269 3604 ,

206 3615 244 3684 ln
264 3619 410 3709 erastino
426 3636 507 3688 vero
525 3622 754 3688 convenerunt
771 3615 813 3687 ad
830 3618 996 3687 matrioem
1012 3613 1188 3684 eoelesiem
1203 3613 1270 3679 irn-

126 3721 268 3804 perator
293 3719 327 3784 et
354 3735 413 3784 rex
438 3715 562 3804 Anglie
590 3737 663 3786 oum
691 3718 810 3787 oeteris
841 3714 1070 3805 magnatibus,
1098 3717 1132 3782 et
1157 3708 1270 3777 arohi-

128 3817 317 3903 episeopus
336 3813 549 3885 Coloniensis
569 3808 771 3886 celebravit²
786 3819 931 3885 missam.
970 3814 1011 3883 Et
1035 3817 1115 3902 post
1134 3811 1271 3878 missam

128 3914 244 3980 statim
270 3915 464 3983 iuraverunt
486 3918 752 4005 iamimperator
773 3922 942 3985 etomnes
969 3914 1071 3982 oeteri
1097 3913 1271 3996 magnates

166 4066 198 4131 1)
217 4063 336 4119 euireolrt
354 4065 473 4121 stebend.

125 4133 420 4257 bgslerntrellraiggisoopis
446 4133 557 4192 Colonia
581 4137 650 4193 stebt
672 4143 706 4194 lm
730 4138 841 4194 abdmolr
858 4136 901 4192 bei
917 4132 1061 4203 terrebor,
1078 4143 1134 4186 was
1150 4129 1191 4184 iob
1209 4141 1273 4186 rer-
