<?xml version="1.0" encoding="UTF-8"?>
<!DOCTYPE html PUBLIC "-//W3C//DTD XHTML 1.0 Transitional//EN"
    "http://www.w3.org/TR/xhtml1/DTD/xhtml1-transitional.dtd">
<html xmlns="http://www.w3.org/1999/xhtml" xml:lang="en" lang="en">
 <head>
  <title>
</title>
<meta http-equiv="Content-Type" content="text/html;charset=utf-8" />
  <meta name='ocr-system' content='tesseract 3.04.00' />
  <meta name='ocr-capabilities' content='ocr_page ocr_carea ocr_par ocr_line ocrx_word'/>
</head>
<body>
  <div class='ocr_page' id='page_1' title='image "./fontesrerumgerm02hubegoog_0469.png"; bbox 0 0 3028 4878; ppageno 0'>
   <div class='ocr_carea' id='block_1_1' title="bbox 233 156 1042 243">
    <p class='ocr_par' dir='ltr' id='par_1_1' title="bbox 233 156 1042 243">
     <span class='ocr_line' id='line_1_1' title="bbox 233 156 1042 243; baseline 0.005 -19"><span class='ocrx_word' id='word_1_1' title='bbox 233 156 309 224; x_wconf 71' lang='lat' dir='ltr'>tto</span> <span class='ocrx_word' id='word_1_2' title='bbox 558 179 706 226; x_wconf 74' lang='lat' dir='ltr'>rossanus</span> <span class='ocrx_word' id='word_1_3' title='bbox 726 176 941 224; x_wconf 83' lang='lat' dir='ltr'>ricronrensrs.</span> <span class='ocrx_word' id='word_1_4' title='bbox 976 176 1001 243; x_wconf 86' lang='lat'>6,</span> <span class='ocrx_word' id='word_1_5' title='bbox 1018 178 1042 228; x_wconf 84' lang='lat' dir='ltr'>t.</span> 
     </span>
    </p>
   </div>
   <div class='ocr_carea' id='block_1_2' title="bbox 150 316 1384 3072">
    <p class='ocr_par' dir='ltr' id='par_1_2' title="bbox 150 316 1379 490">
     <span class='ocr_line' id='line_1_2' title="bbox 150 316 1379 412; baseline 0.002 -26"><span class='ocrx_word' id='word_1_6' title='bbox 150 330 217 386; x_wconf 82' lang='lat'><strong>1336</strong></span> <span class='ocrx_word' id='word_1_7' title='bbox 235 323 302 412; x_wconf 87' lang='lat' dir='ltr'>rit,</span> <span class='ocrx_word' id='word_1_8' title='bbox 328 318 477 386; x_wconf 88' lang='lat' dir='ltr'>Marsilio</span> <span class='ocrx_word' id='word_1_9' title='bbox 512 316 711 406; x_wconf 80' lang='lat' dir='ltr'>proditionis</span> <span class='ocrx_word' id='word_1_10' title='bbox 748 322 848 403; x_wconf 85' lang='lat' dir='ltr'>atque</span> <span class='ocrx_word' id='word_1_11' title='bbox 884 316 1070 385; x_wconf 77' lang='lat' dir='ltr'>traditionis</span> <span class='ocrx_word' id='word_1_12' title='bbox 1096 321 1236 407; x_wconf 84' lang='lat' dir='ltr'>pretium</span> <span class='ocrx_word' id='word_1_13' title='bbox 1266 337 1379 388; x_wconf 89' lang='lat' dir='ltr'>seeum</span> 
     </span>
     <span class='ocr_line' id='line_1_3' title="bbox 237 409 695 490; baseline -0.013 0"><span class='ocrx_word' id='word_1_14' title='bbox 237 420 279 490; x_wconf 91' lang='lat' dir='ltr'>ad</span> <span class='ocrx_word' id='word_1_15' title='bbox 307 417 464 487; x_wconf 94' lang='lat' dir='ltr'>tumulum</span> <span class='ocrx_word' id='word_1_16' title='bbox 490 409 695 484; x_wconf 86' lang='lat' dir='ltr'>deterente¹.</span> 
     </span>
    </p>

    <p class='ocr_par' dir='ltr' id='par_1_3' title="bbox 235 514 1384 2582">
     <span class='ocr_line' id='line_1_4' title="bbox 309 514 1378 610; baseline 0.001 -24"><span class='ocrx_word' id='word_1_17' title='bbox 309 518 352 586; x_wconf 88' lang='lat' dir='ltr'>Et</span> <span class='ocrx_word' id='word_1_18' title='bbox 368 515 444 584; x_wconf 92' lang='lat' dir='ltr'>dum</span> <span class='ocrx_word' id='word_1_19' title='bbox 466 517 644 604; x_wconf 85' lang='lat' dir='ltr'>imperator</span> <span class='ocrx_word' id='word_1_20' title='bbox 666 514 921 582; x_wconf 76' lang='lat' dir='ltr'>Veronensibus</span> <span class='ocrx_word' id='word_1_21' title='bbox 945 532 1139 582; x_wconf 90' lang='lat' dir='ltr'>succurrere</span> <span class='ocrx_word' id='word_1_22' title='bbox 1159 514 1378 610; x_wconf 90' lang='lat' dir='ltr'>decrevisset,</span> 
     </span>
     <span class='ocr_line' id='line_1_5' title="bbox 235 613 1379 707; baseline 0.001 -23"><span class='ocrx_word' id='word_1_23' title='bbox 235 635 296 707; x_wconf 91' lang='lat' dir='ltr'>per</span> <span class='ocrx_word' id='word_1_24' title='bbox 322 622 441 683; x_wconf 89' lang='lat' dir='ltr'>terram</span> <span class='ocrx_word' id='word_1_25' title='bbox 468 616 643 682; x_wconf 90' lang='lat' dir='ltr'>comitatus</span> <span class='ocrx_word' id='word_1_26' title='bbox 671 613 866 699; x_wconf 88' lang='lat' dir='ltr'>Tyrolensis</span> <span class='ocrx_word' id='word_1_27' title='bbox 902 613 1009 681; x_wconf 89' lang='lat' dir='ltr'>eidem</span> <span class='ocrx_word' id='word_1_28' title='bbox 1036 617 1194 682; x_wconf 91' lang='lat' dir='ltr'>transitus</span> <span class='ocrx_word' id='word_1_29' title='bbox 1223 615 1379 704; x_wconf 84' lang='lat' dir='ltr'>denega-</span> 
     </span>
     <span class='ocr_line' id='line_1_6' title="bbox 235 711 1380 803; baseline 0 -19"><span class='ocrx_word' id='word_1_30' title='bbox 235 723 298 784; x_wconf 90' lang='lat' dir='ltr'>tur.</span> <span class='ocrx_word' id='word_1_31' title='bbox 330 715 468 803; x_wconf 85' lang='lat' dir='ltr'>Propter</span> <span class='ocrx_word' id='word_1_32' title='bbox 496 712 586 800; x_wconf 82' lang='lat' dir='ltr'>quod</span> <span class='ocrx_word' id='word_1_33' title='bbox 611 729 679 780; x_wconf 94' lang='lat' dir='ltr'>non</span> <span class='ocrx_word' id='word_1_34' title='bbox 707 711 870 780; x_wconf 91' lang='lat' dir='ltr'>modicum</span> <span class='ocrx_word' id='word_1_35' title='bbox 889 712 1029 780; x_wconf 91' lang='lat' dir='ltr'>lohanni</span> <span class='ocrx_word' id='word_1_36' title='bbox 1050 713 1270 782; x_wconf 90' lang='lat' dir='ltr'>Bohomorum</span> <span class='ocrx_word' id='word_1_37' title='bbox 1289 719 1380 802; x_wconf 82' lang='lat' dir='ltr'>regis</span> 
     </span>
     <span class='ocr_line' id='line_1_7' title="bbox 237 811 1380 899; baseline 0 -17"><span class='ocrx_word' id='word_1_38' title='bbox 237 816 304 882; x_wconf 85' lang='lat' dir='ltr'>filio</span> <span class='ocrx_word' id='word_1_39' title='bbox 330 813 531 899; x_wconf 86' lang='lat' dir='ltr'>indignatur.</span> <span class='ocrx_word' id='word_1_40' title='bbox 567 812 732 878; x_wconf 86' lang='lat' dir='ltr'>Persuasu</span> <span class='ocrx_word' id='word_1_41' title='bbox 758 813 845 878; x_wconf 90' lang='lat' dir='ltr'>enirn</span> <span class='ocrx_word' id='word_1_42' title='bbox 871 811 1029 879; x_wconf 88' lang='lat' dir='ltr'>nobilium</span> <span class='ocrx_word' id='word_1_43' title='bbox 1057 816 1142 879; x_wconf 90' lang='lat' dir='ltr'>terre</span> <span class='ocrx_word' id='word_1_44' title='bbox 1169 812 1287 882; x_wconf 91' lang='lat' dir='ltr'>dieitur</span> <span class='ocrx_word' id='word_1_45' title='bbox 1314 815 1380 884; x_wconf 93' lang='lat' dir='ltr'>hoc</span> 
     </span>
     <span class='ocr_line' id='line_1_8' title="bbox 237 909 1381 1001; baseline 0.003 -21"><span class='ocrx_word' id='word_1_46' title='bbox 237 913 370 1001; x_wconf 84' lang='lat' dir='ltr'>senisse,</span> <span class='ocrx_word' id='word_1_47' title='bbox 397 918 434 979; x_wconf 93' lang='lat' dir='ltr'>ut</span> <span class='ocrx_word' id='word_1_48' title='bbox 450 912 586 980; x_wconf 89' lang='lat' dir='ltr'>occasio</span> <span class='ocrx_word' id='word_1_49' title='bbox 606 909 738 978; x_wconf 88' lang='lat' dir='ltr'>daretur</span> <span class='ocrx_word' id='word_1_50' title='bbox 759 909 942 978; x_wconf 88' lang='lat' dir='ltr'>Ludewico</span> <span class='ocrx_word' id='word_1_51' title='bbox 971 917 1087 978; x_wconf 90' lang='lat' dir='ltr'>contra</span> <span class='ocrx_word' id='word_1_52' title='bbox 1114 928 1199 1000; x_wconf 91' lang='lat' dir='ltr'>eum,</span> <span class='ocrx_word' id='word_1_53' title='bbox 1228 930 1269 981; x_wconf 91' lang='lat' dir='ltr'>eo</span> <span class='ocrx_word' id='word_1_54' title='bbox 1288 913 1381 1000; x_wconf 89' lang='lat' dir='ltr'>quod</span> 
     </span>
     <span class='ocr_line' id='line_1_9' title="bbox 237 1006 1382 1101; baseline 0.001 -21"><span class='ocrx_word' id='word_1_55' title='bbox 237 1011 455 1080; x_wconf 85' lang='lat' dir='ltr'>Ludewioum</span> <span class='ocrx_word' id='word_1_56' title='bbox 488 1009 619 1077; x_wconf 88' lang='lat' dir='ltr'>occulte</span> <span class='ocrx_word' id='word_1_57' title='bbox 651 1009 726 1096; x_wconf 94' lang='lat' dir='ltr'>plus</span> <span class='ocrx_word' id='word_1_58' title='bbox 754 1006 949 1098; x_wconf 80' lang='lat' dir='ltr'>diligerent,</span> <span class='ocrx_word' id='word_1_59' title='bbox 977 1011 1085 1098; x_wconf 92' lang='lat' dir='ltr'>ipsum</span> <span class='ocrx_word' id='word_1_60' title='bbox 1112 1012 1220 1078; x_wconf 91' lang='lat' dir='ltr'>minus</span> <span class='ocrx_word' id='word_1_61' title='bbox 1246 1019 1382 1101; x_wconf 90' lang='lat' dir='ltr'>propter</span> 
     </span>
     <span class='ocr_line' id='line_1_10' title="bbox 239 1108 1381 1197; baseline 0 -18"><span class='ocrx_word' id='word_1_62' title='bbox 239 1112 338 1179; x_wconf 92' lang='lat' dir='ltr'>animi</span> <span class='ocrx_word' id='word_1_63' title='bbox 371 1109 542 1177; x_wconf 82' lang='lat' dir='ltr'>feritatem.</span> <span class='ocrx_word' id='word_1_64' title='bbox 584 1108 659 1176; x_wconf 87' lang='lat' dir='ltr'>Fuit</span> <span class='ocrx_word' id='word_1_65' title='bbox 693 1115 803 1175; x_wconf 88' lang='lat' dir='ltr'>tamen</span> <span class='ocrx_word' id='word_1_66' title='bbox 836 1109 922 1174; x_wconf 92' lang='lat' dir='ltr'>inter</span> <span class='ocrx_word' id='word_1_67' title='bbox 947 1110 1177 1197; x_wconf 87' lang='lat' dir='ltr'>imperatorem</span> <span class='ocrx_word' id='word_1_68' title='bbox 1206 1115 1240 1176; x_wconf 92' lang='lat' dir='ltr'>et</span> <span class='ocrx_word' id='word_1_69' title='bbox 1266 1129 1381 1197; x_wconf 83' lang='lat' dir='ltr'>regem</span> 
     </span>
     <span class='ocr_line' id='line_1_11' title="bbox 238 1207 1381 1297; baseline -0.001 -19"><span class='ocrx_word' id='word_1_70' title='bbox 238 1210 398 1280; x_wconf 90' lang='lat' dir='ltr'>Bohemie</span> <span class='ocrx_word' id='word_1_71' title='bbox 430 1224 489 1295; x_wconf 90' lang='lat' dir='ltr'>pro</span> <span class='ocrx_word' id='word_1_72' title='bbox 517 1208 564 1274; x_wconf 91' lang='lat' dir='ltr'>rei</span> <span class='ocrx_word' id='word_1_73' title='bbox 592 1208 826 1274; x_wconf 87' lang='lat' dir='ltr'>convenientia</span> <span class='ocrx_word' id='word_1_74' title='bbox 859 1212 1034 1297; x_wconf 88' lang='lat' dir='ltr'>tractatus,</span> <span class='ocrx_word' id='word_1_75' title='bbox 1061 1213 1098 1274; x_wconf 92' lang='lat' dir='ltr'>ut</span> <span class='ocrx_word' id='word_1_76' title='bbox 1123 1207 1217 1274; x_wconf 89' lang='lat' dir='ltr'>heret</span> <span class='ocrx_word' id='word_1_77' title='bbox 1242 1227 1381 1296; x_wconf 91' lang='lat' dir='ltr'>permu-</span> 
     </span>
     <span class='ocr_line' id='line_1_12' title="bbox 239 1304 1383 1397; baseline 0 -22"><span class='ocrx_word' id='word_1_78' title='bbox 239 1311 321 1376; x_wconf 93' lang='lat' dir='ltr'>tatio</span> <span class='ocrx_word' id='word_1_79' title='bbox 350 1306 391 1374; x_wconf 89' lang='lat' dir='ltr'>de</span> <span class='ocrx_word' id='word_1_80' title='bbox 418 1306 644 1374; x_wconf 77' lang='lat' dir='ltr'>marchionatu</span> <span class='ocrx_word' id='word_1_81' title='bbox 670 1304 987 1390; x_wconf 88' lang='lat' dir='ltr'>Brandenburgensi</span> <span class='ocrx_word' id='word_1_82' title='bbox 1023 1306 1064 1374; x_wconf 89' lang='lat' dir='ltr'>ad</span> <span class='ocrx_word' id='word_1_83' title='bbox 1091 1308 1280 1374; x_wconf 91' lang='lat' dir='ltr'>comitatum</span> <span class='ocrx_word' id='word_1_84' title='bbox 1308 1310 1383 1397; x_wconf 83' lang='lat' dir='ltr'>Ty-</span> 
     </span>
     <span class='ocr_line' id='line_1_13' title="bbox 239 1400 1384 1490; baseline 0.002 -16"><span class='ocrx_word' id='word_1_85' title='bbox 239 1409 417 1475; x_wconf 90' lang='lat' dir='ltr'>rolensem.</span> <span class='ocrx_word' id='word_1_86' title='bbox 461 1403 528 1472; x_wconf 90' lang='lat' dir='ltr'>Sed</span> <span class='ocrx_word' id='word_1_87' title='bbox 562 1405 648 1472; x_wconf 88' lang='lat' dir='ltr'>tilius</span> <span class='ocrx_word' id='word_1_88' title='bbox 686 1411 719 1471; x_wconf 88' lang='lat' dir='ltr'>et</span> <span class='ocrx_word' id='word_1_89' title='bbox 745 1421 846 1472; x_wconf 90' lang='lat' dir='ltr'>nurus</span> <span class='ocrx_word' id='word_1_90' title='bbox 873 1400 964 1490; x_wconf 85' lang='lat' dir='ltr'>regis</span> <span class='ocrx_word' id='word_1_91' title='bbox 992 1406 1126 1472; x_wconf 91' lang='lat' dir='ltr'>omnino</span> <span class='ocrx_word' id='word_1_92' title='bbox 1153 1406 1321 1474; x_wconf 91' lang='lat' dir='ltr'>obsistere</span> <span class='ocrx_word' id='word_1_93' title='bbox 1349 1414 1384 1476; x_wconf 88' lang='lat' dir='ltr'>ct</span> 
     </span>
     <span class='ocr_line' id='line_1_14' title="bbox 239 1501 1384 1574; baseline 0 -1"><span class='ocrx_word' id='word_1_94' title='bbox 239 1506 398 1574; x_wconf 88' lang='lat' dir='ltr'>nobilium</span> <span class='ocrx_word' id='word_1_95' title='bbox 429 1504 621 1572; x_wconf 88' lang='lat' dir='ltr'>inductione</span> <span class='ocrx_word' id='word_1_96' title='bbox 649 1501 823 1571; x_wconf 78' lang='lat' dir='ltr'>admittere</span> <span class='ocrx_word' id='word_1_97' title='bbox 850 1503 1038 1572; x_wconf 90' lang='lat' dir='ltr'>noluerunt.</span> <span class='ocrx_word' id='word_1_98' title='bbox 1077 1503 1180 1571; x_wconf 91' lang='lat' dir='ltr'>Porro</span> <span class='ocrx_word' id='word_1_99' title='bbox 1206 1503 1294 1571; x_wconf 93' lang='lat' dir='ltr'>idem</span> <span class='ocrx_word' id='word_1_100' title='bbox 1322 1506 1384 1574; x_wconf 94' lang='lat' dir='ltr'>lo-</span> 
     </span>
     <span class='ocr_line' id='line_1_15' title="bbox 239 1601 1384 1672; baseline 0 0"><span class='ocrx_word' id='word_1_101' title='bbox 239 1605 369 1672; x_wconf 91' lang='lat' dir='ltr'>hannes</span> <span class='ocrx_word' id='word_1_102' title='bbox 395 1621 468 1670; x_wconf 91' lang='lat' dir='ltr'>oum</span> <span class='ocrx_word' id='word_1_103' title='bbox 488 1603 610 1670; x_wconf 88' lang='lat' dir='ltr'>llarolo</span> <span class='ocrx_word' id='word_1_104' title='bbox 632 1602 821 1670; x_wconf 81' lang='lat' dir='ltr'>marchione</span> <span class='ocrx_word' id='word_1_105' title='bbox 841 1601 937 1669; x_wconf 88' lang='lat' dir='ltr'>tratre</span> <span class='ocrx_word' id='word_1_106' title='bbox 965 1605 1036 1669; x_wconf 94' lang='lat' dir='ltr'>eius</span> <span class='ocrx_word' id='word_1_107' title='bbox 1054 1607 1088 1670; x_wconf 89' lang='lat' dir='ltr'>et</span> <span class='ocrx_word' id='word_1_108' title='bbox 1106 1603 1275 1670; x_wconf 91' lang='lat' dir='ltr'>nobilibus</span> <span class='ocrx_word' id='word_1_109' title='bbox 1293 1605 1384 1672; x_wconf 91' lang='lat' dir='ltr'>illius</span> 
     </span>
     <span class='ocr_line' id='line_1_16' title="bbox 239 1699 1383 1792; baseline 0.002 -23"><span class='ocrx_word' id='word_1_110' title='bbox 239 1705 411 1792; x_wconf 88' lang='lat' dir='ltr'>provincie</span> <span class='ocrx_word' id='word_1_111' title='bbox 436 1703 471 1768; x_wconf 94' lang='lat' dir='ltr'>in</span> <span class='ocrx_word' id='word_1_112' title='bbox 493 1719 633 1788; x_wconf 89' lang='lat' dir='ltr'>corpore</span> <span class='ocrx_word' id='word_1_113' title='bbox 657 1699 778 1768; x_wconf 84' lang='lat' dir='ltr'>Christi</span> <span class='ocrx_word' id='word_1_114' title='bbox 811 1703 934 1788; x_wconf 90' lang='lat' dir='ltr'>pariter</span> <span class='ocrx_word' id='word_1_115' title='bbox 959 1703 1160 1791; x_wconf 87' lang='lat' dir='ltr'>iuraverunt,</span> <span class='ocrx_word' id='word_1_116' title='bbox 1188 1702 1383 1771; x_wconf 91' lang='lat' dir='ltr'>nullatenus</span> 
     </span>
     <span class='ocr_line' id='line_1_17' title="bbox 240 1799 1383 1889; baseline 0 -19"><span class='ocrx_word' id='word_1_117' title='bbox 240 1802 406 1870; x_wconf 87' lang='lat' dir='ltr'>desistere</span> <span class='ocrx_word' id='word_1_118' title='bbox 432 1801 496 1868; x_wconf 90' lang='lat' dir='ltr'>nisi</span> <span class='ocrx_word' id='word_1_119' title='bbox 522 1799 725 1867; x_wconf 89' lang='lat' dir='ltr'>Karinthiam</span> <span class='ocrx_word' id='word_1_120' title='bbox 753 1800 957 1886; x_wconf 79' lang='lat' dir='ltr'>reaquirant3</span> <span class='ocrx_word' id='word_1_121' title='bbox 985 1805 1082 1888; x_wconf 86' lang='lat' dir='ltr'>panta</span> <span class='ocrx_word' id='word_1_122' title='bbox 1109 1799 1300 1888; x_wconf 86' lang='lat' dir='ltr'>placitaque</span> <span class='ocrx_word' id='word_1_123' title='bbox 1317 1821 1383 1889; x_wconf 91' lang='lat' dir='ltr'>pa-</span> 
     </span>
     <span class='ocr_line' id='line_1_18' title="bbox 239 1895 1382 1988; baseline 0 -20"><span class='ocrx_word' id='word_1_124' title='bbox 239 1903 298 1969; x_wconf 90' lang='lat' dir='ltr'>tris</span> <span class='ocrx_word' id='word_1_125' title='bbox 325 1917 439 1968; x_wconf 90' lang='lat' dir='ltr'>eorum</span> <span class='ocrx_word' id='word_1_126' title='bbox 466 1898 577 1966; x_wconf 90' lang='lat' dir='ltr'>habita</span> <span class='ocrx_word' id='word_1_127' title='bbox 604 1916 677 1966; x_wconf 92' lang='lat' dir='ltr'>oum</span> <span class='ocrx_word' id='word_1_128' title='bbox 695 1897 835 1966; x_wconf 90' lang='lat' dir='ltr'>ducibus</span> <span class='ocrx_word' id='word_1_129' title='bbox 852 1895 986 1965; x_wconf 88' lang='lat' dir='ltr'>Austrie</span> <span class='ocrx_word' id='word_1_130' title='bbox 1014 1898 1113 1965; x_wconf 88' lang='lat' dir='ltr'>nichil</span> <span class='ocrx_word' id='word_1_131' title='bbox 1141 1916 1230 1988; x_wconf 90' lang='lat' dir='ltr'>esse,</span> <span class='ocrx_word' id='word_1_132' title='bbox 1260 1907 1294 1966; x_wconf 90' lang='lat' dir='ltr'>ct</span> <span class='ocrx_word' id='word_1_133' title='bbox 1311 1917 1382 1968; x_wconf 94' lang='lat' dir='ltr'>non</span> 
     </span>
     <span class='ocr_line' id='line_1_19' title="bbox 239 1995 1383 2088; baseline -0.001 -21"><span class='ocrx_word' id='word_1_134' title='bbox 239 2001 392 2088; x_wconf 88' lang='lat' dir='ltr'>potuisse</span> <span class='ocrx_word' id='word_1_135' title='bbox 427 1996 640 2066; x_wconf 85' lang='lat' dir='ltr'>affirmantes.</span> <span class='ocrx_word' id='word_1_136' title='bbox 682 1995 787 2076; x_wconf 85' lang='lat' dir='ltr'>Quam</span> <span class='ocrx_word' id='word_1_137' title='bbox 823 2014 905 2084; x_wconf 92' lang='lat' dir='ltr'>sepe</span> <span class='ocrx_word' id='word_1_138' title='bbox 940 1999 1060 2064; x_wconf 90' lang='lat' dir='ltr'>etenim</span> <span class='ocrx_word' id='word_1_139' title='bbox 1094 1998 1230 2065; x_wconf 89' lang='lat' dir='ltr'>introire</span> <span class='ocrx_word' id='word_1_140' title='bbox 1258 1999 1383 2066; x_wconf 90' lang='lat' dir='ltr'>Karin-</span> 
     </span>
     <span class='ocr_line' id='line_1_20' title="bbox 240 2094 1382 2186; baseline 0.001 -22"><span class='ocrx_word' id='word_1_141' title='bbox 240 2098 341 2164; x_wconf 89' lang='lat' dir='ltr'>thiam</span> <span class='ocrx_word' id='word_1_142' title='bbox 362 2101 600 2186; x_wconf 88' lang='lat' dir='ltr'>convenerunt,</span> <span class='ocrx_word' id='word_1_143' title='bbox 630 2094 691 2162; x_wconf 91' lang='lat' dir='ltr'>sed</span> <span class='ocrx_word' id='word_1_144' title='bbox 712 2097 866 2163; x_wconf 87' lang='lat' dir='ltr'>clausuro</span> <span class='ocrx_word' id='word_1_145' title='bbox 888 2098 1041 2163; x_wconf 90' lang='lat' dir='ltr'>comitum</span> <span class='ocrx_word' id='word_1_146' title='bbox 1065 2097 1196 2164; x_wconf 85' lang='lat' dir='ltr'>Goricie</span> <span class='ocrx_word' id='word_1_147' title='bbox 1219 2097 1382 2166; x_wconf 90' lang='lat' dir='ltr'>laboran-</span> 
     </span>
     <span class='ocr_line' id='line_1_21' title="bbox 240 2186 1383 2265; baseline 0.001 -3"><span class='ocrx_word' id='word_1_148' title='bbox 240 2196 328 2263; x_wconf 91' lang='lat' dir='ltr'>tibus</span> <span class='ocrx_word' id='word_1_149' title='bbox 356 2186 586 2263; x_wconf 87' lang='lat' dir='ltr'>obstiterunt².</span> <span class='ocrx_word' id='word_1_150' title='bbox 623 2194 735 2262; x_wconf 87' lang='lat' dir='ltr'>Duces</span> <span class='ocrx_word' id='word_1_151' title='bbox 768 2197 865 2262; x_wconf 89' lang='lat' dir='ltr'>etiam</span> <span class='ocrx_word' id='word_1_152' title='bbox 900 2192 1033 2262; x_wconf 85' lang='lat' dir='ltr'>Austrie</span> <span class='ocrx_word' id='word_1_153' title='bbox 1059 2197 1165 2262; x_wconf 91' lang='lat' dir='ltr'>minas</span> <span class='ocrx_word' id='word_1_154' title='bbox 1191 2195 1383 2265; x_wconf 91' lang='lat' dir='ltr'>huiusmodi</span> 
     </span>
     <span class='ocr_line' id='line_1_22' title="bbox 243 2293 1382 2383; baseline 0 -20"><span class='ocrx_word' id='word_1_155' title='bbox 243 2299 538 2383; x_wconf 80' lang='lat' dir='ltr'>contempnentes,</span> <span class='ocrx_word' id='word_1_156' title='bbox 578 2299 693 2361; x_wconf 90' lang='lat' dir='ltr'>contra</span> <span class='ocrx_word' id='word_1_157' title='bbox 731 2293 995 2361; x_wconf 90' lang='lat' dir='ltr'>adversariorum</span> <span class='ocrx_word' id='word_1_158' title='bbox 1026 2299 1310 2382; x_wconf 85' lang='lat' dir='ltr'>presumptionem</span> <span class='ocrx_word' id='word_1_159' title='bbox 1346 2313 1382 2363; x_wconf 93' lang='lat' dir='ltr'>se</span> 
     </span>
     <span class='ocr_line' id='line_1_23' title="bbox 242 2391 1383 2482; baseline 0.001 -22"><span class='ocrx_word' id='word_1_160' title='bbox 242 2394 436 2480; x_wconf 77' lang='lat' dir='ltr'>virgilianis</span> <span class='ocrx_word' id='word_1_161' title='bbox 462 2391 617 2460; x_wconf 89' lang='lat' dir='ltr'>versibus</span> <span class='ocrx_word' id='word_1_162' title='bbox 643 2392 841 2482; x_wconf 87' lang='lat' dir='ltr'>munierunt,</span> <span class='ocrx_word' id='word_1_163' title='bbox 869 2393 926 2477; x_wconf 87' lang='lat' dir='ltr'>qui</span> <span class='ocrx_word' id='word_1_164' title='bbox 951 2393 985 2458; x_wconf 92' lang='lat' dir='ltr'>in</span> <span class='ocrx_word' id='word_1_165' title='bbox 1011 2409 1160 2479; x_wconf 88' lang='lat' dir='ltr'>persona</span> <span class='ocrx_word' id='word_1_166' title='bbox 1176 2411 1300 2478; x_wconf 82' lang='lat' dir='ltr'>magna</span> <span class='ocrx_word' id='word_1_167' title='bbox 1324 2394 1383 2461; x_wconf 89' lang='lat' dir='ltr'>sibi</span> 
     </span>
     <span class='ocr_line' id='line_1_24' title="bbox 242 2489 1242 2582; baseline -0.012 -21"><span class='ocrx_word' id='word_1_168' title='bbox 242 2493 562 2582; x_wconf 89' lang='lat' dir='ltr'>presupponentium</span> <span class='ocrx_word' id='word_1_169' title='bbox 590 2489 685 2557; x_wconf 90' lang='lat' dir='ltr'>dicit:</span> <span class='ocrx_word' id='word_1_170' title='bbox 1160 2512 1164 2520; x_wconf 95' lang='lat'>·</span> <span class='ocrx_word' id='word_1_171' title='bbox 1238 2515 1242 2522; x_wconf 93' lang='lat'>·</span> 
     </span>
    </p>

    <p class='ocr_par' dir='ltr' id='par_1_4' title="bbox 242 2587 1289 3072">
     <span class='ocr_line' id='line_1_25' title="bbox 341 2587 1262 2682; baseline 0.002 -26"><span class='ocrx_word' id='word_1_172' title='bbox 341 2590 512 2682; x_wconf 85' lang='lat' dir='ltr'>„Grandia</span> <span class='ocrx_word' id='word_1_173' title='bbox 536 2607 618 2678; x_wconf 92' lang='lat' dir='ltr'>sepe</span> <span class='ocrx_word' id='word_1_174' title='bbox 637 2588 756 2675; x_wconf 88' lang='lat' dir='ltr'>quihus</span> <span class='ocrx_word' id='word_1_175' title='bbox 776 2587 1003 2657; x_wconf 91' lang='lat' dir='ltr'>mandavimus</span> <span class='ocrx_word' id='word_1_176' title='bbox 1029 2587 1132 2656; x_wconf 87' lang='lat' dir='ltr'>ordea</span> <span class='ocrx_word' id='word_1_177' title='bbox 1148 2590 1262 2682; x_wconf 73' lang='lat' dir='ltr'>sulam,</span> 
     </span>
     <span class='ocr_line' id='line_1_26' title="bbox 366 2685 1221 2756; baseline 0 0"><span class='ocrx_word' id='word_1_178' title='bbox 366 2688 485 2756; x_wconf 79' lang='lat' dir='ltr'>Infelix</span> <span class='ocrx_word' id='word_1_179' title='bbox 510 2688 624 2756; x_wconf 92' lang='lat' dir='ltr'>lolium</span> <span class='ocrx_word' id='word_1_180' title='bbox 651 2693 684 2754; x_wconf 90' lang='lat' dir='ltr'>et</span> <span class='ocrx_word' id='word_1_181' title='bbox 711 2688 844 2756; x_wconf 90' lang='lat' dir='ltr'>steriles</span> <span class='ocrx_word' id='word_1_182' title='bbox 871 2693 1053 2756; x_wconf 90' lang='lat' dir='ltr'>nascuntur</span> <span class='ocrx_word' id='word_1_183' title='bbox 1079 2685 1221 2756; x_wconf 85' lang='lat' dir='ltr'>avene.“</span> 
     </span>
     <span class='ocr_line' id='line_1_27' title="bbox 242 2780 1193 2878; baseline -0.008 -22"><span class='ocrx_word' id='word_1_184' title='bbox 242 2788 285 2856; x_wconf 89' lang='lat' dir='ltr'>Et</span> <span class='ocrx_word' id='word_1_185' title='bbox 311 2780 465 2856; x_wconf 83' lang='lat' dir='ltr'>Oratius³</span> <span class='ocrx_word' id='word_1_186' title='bbox 492 2785 589 2854; x_wconf 88' lang='lat' dir='ltr'>dicit:</span> <span class='ocrx_word' id='word_1_187' title='bbox 1192 2875 1193 2878; x_wconf 8' lang='grc' dir='ltr'><strong>Ἴ</strong></span> 
     </span>
     <span class='ocr_line' id='line_1_28' title="bbox 341 2883 1289 2978; baseline 0.001 -25"><span class='ocrx_word' id='word_1_188' title='bbox 341 2884 500 2976; x_wconf 87' lang='lat' dir='ltr'>„Credita</span> <span class='ocrx_word' id='word_1_189' title='bbox 525 2903 592 2953; x_wconf 97' lang='lat' dir='ltr'>non</span> <span class='ocrx_word' id='word_1_190' title='bbox 620 2902 752 2973; x_wconf 92' lang='lat' dir='ltr'>semper</span> <span class='ocrx_word' id='word_1_191' title='bbox 773 2885 862 2953; x_wconf 89' lang='lat' dir='ltr'>sulci</span> <span class='ocrx_word' id='word_1_192' title='bbox 890 2903 961 2952; x_wconf 92' lang='lat' dir='ltr'>oum</span> <span class='ocrx_word' id='word_1_193' title='bbox 990 2883 1106 2952; x_wconf 86' lang='lat' dir='ltr'>tenore</span> <span class='ocrx_word' id='word_1_194' title='bbox 1132 2883 1289 2978; x_wconf 91' lang='lat' dir='ltr'>reddunt,</span> 
     </span>
     <span class='ocr_line' id='line_1_29' title="bbox 404 2975 1213 3072; baseline -0.001 -20"><span class='ocrx_word' id='word_1_195' title='bbox 404 2984 475 3052; x_wconf 91' lang='lat' dir='ltr'>Neo</span> <span class='ocrx_word' id='word_1_196' title='bbox 502 3000 633 3072; x_wconf 89' lang='lat' dir='ltr'>semper</span> <span class='ocrx_word' id='word_1_197' title='bbox 659 2982 776 3051; x_wconf 91' lang='lat' dir='ltr'>dubias</span> <span class='ocrx_word' id='word_1_198' title='bbox 804 2983 939 3052; x_wconf 89' lang='lat' dir='ltr'>adiuvat</span> <span class='ocrx_word' id='word_1_199' title='bbox 964 3001 1043 3051; x_wconf 90' lang='lat' dir='ltr'>aura</span> <span class='ocrx_word' id='word_1_200' title='bbox 1069 2975 1213 3052; x_wconf 76' lang='lat' dir='ltr'>rates“⁴</span> 
     </span>
    </p>
   </div>
   <div class='ocr_carea' id='block_1_3' title="bbox 244 3175 1388 4268">
    <p class='ocr_par' dir='ltr' id='par_1_5' title="bbox 244 3175 1388 4268">
     <span class='ocr_line' id='line_1_30' title="bbox 279 3175 1387 3246; baseline 0.002 -16"><span class='ocrx_word' id='word_1_201' title='bbox 279 3178 309 3243; x_wconf 80' lang='lat'>1]</span> <span class='ocrx_word' id='word_1_202' title='bbox 329 3177 400 3230; x_wconf 87' lang='lat' dir='ltr'>diese</span> <span class='ocrx_word' id='word_1_203' title='bbox 418 3177 471 3230; x_wconf 94' lang='lat' dir='ltr'>und</span> <span class='ocrx_word' id='word_1_204' title='bbox 489 3178 587 3231; x_wconf 89' lang='lat' dir='ltr'>andere</span> <span class='ocrx_word' id='word_1_205' title='bbox 605 3179 737 3246; x_wconf 82' lang='lat' dir='ltr'>vorgiinge</span> <span class='ocrx_word' id='word_1_206' title='bbox 755 3178 782 3230; x_wconf 93' lang='lat' dir='ltr'>in</span> <span class='ocrx_word' id='word_1_207' title='bbox 801 3176 892 3230; x_wconf 91' lang='lat' dir='ltr'>ltalien</span> <span class='ocrx_word' id='word_1_208' title='bbox 910 3177 969 3230; x_wconf 92' lang='lat' dir='ltr'>sind</span> <span class='ocrx_word' id='word_1_209' title='bbox 988 3175 1057 3230; x_wconf 89' lang='lat' dir='ltr'>heim</span> <span class='ocrx_word' id='word_1_210' title='bbox 1076 3175 1150 3230; x_wconf 87' lang='lat' dir='ltr'>Gont.</span> <span class='ocrx_word' id='word_1_211' title='bbox 1168 3175 1242 3230; x_wconf 87' lang='lat' dir='ltr'>hlart.</span> <span class='ocrx_word' id='word_1_212' title='bbox 1257 3177 1312 3230; x_wconf 91' lang='lat' dir='ltr'>Pol.</span> <span class='ocrx_word' id='word_1_213' title='bbox 1330 3193 1387 3232; x_wconf 90' lang='lat' dir='ltr'>uru-</span> 
     </span>
     <span class='ocr_line' id='line_1_31' title="bbox 244 3243 1388 3314; baseline -0.002 -15"><span class='ocrx_word' id='word_1_214' title='bbox 244 3245 406 3299; x_wconf 80' lang='lat' dir='ltr'>stiindlicher</span> <span class='ocrx_word' id='word_1_215' title='bbox 433 3246 540 3310; x_wconf 73' lang='lat' dir='ltr'>erzdblt3</span> <span class='ocrx_word' id='word_1_216' title='bbox 558 3247 639 3313; x_wconf 81' lang='lat' dir='ltr'>vergi.</span> <span class='ocrx_word' id='word_1_217' title='bbox 658 3245 801 3314; x_wconf 79' lang='lat' dir='ltr'>uberhaupt</span> <span class='ocrx_word' id='word_1_218' title='bbox 820 3245 953 3298; x_wconf 88' lang='lat' dir='ltr'>Cortusius</span> <span class='ocrx_word' id='word_1_219' title='bbox 972 3245 1039 3313; x_wconf 92' lang='lat' dir='ltr'>apud</span> <span class='ocrx_word' id='word_1_220' title='bbox 1056 3243 1179 3298; x_wconf 85' lang='lat' dir='ltr'>Muratori</span> <span class='ocrx_word' id='word_1_221' title='bbox 1199 3245 1242 3308; x_wconf 84' lang='lat'>12,</span> <span class='ocrx_word' id='word_1_222' title='bbox 1260 3245 1313 3298; x_wconf 89' lang='grc'>869</span> <span class='ocrx_word' id='word_1_223' title='bbox 1332 3246 1388 3314; x_wconf 75' lang='lat' dir='ltr'>tolg.</span> 
     </span>
     <span class='ocr_line' id='line_1_32' title="bbox 244 3312 1386 3382; baseline -0.001 -16"><span class='ocrx_word' id='word_1_224' title='bbox 244 3315 275 3379; x_wconf 83' lang='lat'>2)</span> <span class='ocrx_word' id='word_1_225' title='bbox 295 3314 360 3366; x_wconf 91' lang='lat' dir='ltr'>nach</span> <span class='ocrx_word' id='word_1_226' title='bbox 379 3313 430 3366; x_wconf 86' lang='lat' dir='ltr'>Paz</span> <span class='ocrx_word' id='word_1_227' title='bbox 448 3314 528 3367; x_wconf 81' lang='lat' dir='ltr'>lau&#39;et</span> <span class='ocrx_word' id='word_1_228' title='bbox 546 3315 619 3367; x_wconf 89' lang='lat' dir='ltr'>diese</span> <span class='ocrx_word' id='word_1_229' title='bbox 644 3316 719 3369; x_wconf 87' lang='lat' dir='ltr'>stella</span> <span class='ocrx_word' id='word_1_230' title='bbox 746 3315 772 3366; x_wconf 94' lang='lat' dir='ltr'>in</span> <span class='ocrx_word' id='word_1_231' title='bbox 799 3312 845 3365; x_wconf 93' lang='lat' dir='ltr'>der</span> <span class='ocrx_word' id='word_1_232' title='bbox 863 3312 982 3365; x_wconf 82' lang='lat' dir='ltr'>urschritt</span> <span class='ocrx_word' id='word_1_233' title='bbox 1002 3316 1047 3365; x_wconf 89' lang='lat' dir='ltr'>des</span> <span class='ocrx_word' id='word_1_234' title='bbox 1066 3313 1161 3366; x_wconf 90' lang='lat' dir='ltr'>lohann</span> <span class='ocrx_word' id='word_1_235' title='bbox 1182 3325 1233 3365; x_wconf 87' lang='lat' dir='ltr'>von</span> <span class='ocrx_word' id='word_1_236' title='bbox 1254 3313 1386 3382; x_wconf 75' lang='lat' dir='ltr'>Victring:</span> 
     </span>
     <span class='ocr_line' id='line_1_33' title="bbox 245 3380 1385 3448; baseline 0.002 -14"><span class='ocrx_word' id='word_1_237' title='bbox 245 3382 317 3442; x_wconf 81' lang='lat' dir='ltr'>Quod</span> <span class='ocrx_word' id='word_1_238' title='bbox 343 3383 405 3436; x_wconf 91' lang='lat' dir='ltr'>licet</span> <span class='ocrx_word' id='word_1_239' title='bbox 428 3386 626 3446; x_wconf 84' lang='lat' dir='ltr'>attentaverint,</span> <span class='ocrx_word' id='word_1_240' title='bbox 651 3385 769 3438; x_wconf 86' lang='lat' dir='ltr'>clausura</span> <span class='ocrx_word' id='word_1_241' title='bbox 795 3382 916 3434; x_wconf 86' lang='lat' dir='ltr'>comitum</span> <span class='ocrx_word' id='word_1_242' title='bbox 942 3381 1044 3434; x_wconf 89' lang='lat' dir='ltr'>Goricic</span> <span class='ocrx_word' id='word_1_243' title='bbox 1068 3395 1116 3448; x_wconf 90' lang='lat' dir='ltr'>pro</span> <span class='ocrx_word' id='word_1_244' title='bbox 1140 3387 1213 3448; x_wconf 91' lang='lat' dir='ltr'>parte</span> <span class='ocrx_word' id='word_1_245' title='bbox 1233 3380 1328 3434; x_wconf 90' lang='lat' dir='ltr'>ducum</span> <span class='ocrx_word' id='word_1_246' title='bbox 1346 3384 1385 3436; x_wconf 92' lang='lat' dir='ltr'>in-</span> 
     </span>
     <span class='ocr_line' id='line_1_34' title="bbox 244 3449 1386 3516; baseline -0.003 -13"><span class='ocrx_word' id='word_1_247' title='bbox 244 3451 348 3503; x_wconf 86' lang='lat' dir='ltr'>troitum</span> <span class='ocrx_word' id='word_1_248' title='bbox 367 3453 530 3504; x_wconf 84' lang='lat' dir='ltr'>rotaverunt.</span> <span class='ocrx_word' id='word_1_249' title='bbox 566 3451 597 3516; x_wconf 82' lang='lat'>3)</span> <span class='ocrx_word' id='word_1_250' title='bbox 617 3451 703 3505; x_wconf 81' lang='lat' dir='ltr'>Ouid?</span> <span class='ocrx_word' id='word_1_251' title='bbox 739 3449 943 3514; x_wconf 74' lang='lat' dir='ltr'>hllmdhron.</span> <span class='ocrx_word' id='word_1_252' title='bbox 962 3449 1041 3501; x_wconf 89' lang='lat' dir='ltr'>Leob.</span> <span class='ocrx_word' id='word_1_253' title='bbox 1062 3450 1125 3516; x_wconf 85' lang='lat' dir='ltr'>t&#39;olgt</span> <span class='ocrx_word' id='word_1_254' title='bbox 1148 3449 1205 3501; x_wconf 88' lang='lat' dir='ltr'>hier</span> <span class='ocrx_word' id='word_1_255' title='bbox 1231 3449 1304 3504; x_wconf 91' lang='lat' dir='ltr'>noch</span> <span class='ocrx_word' id='word_1_256' title='bbox 1333 3452 1386 3503; x_wconf 90' lang='lat' dir='ltr'>eine</span> 
     </span>
     <span class='ocr_line' id='line_1_35' title="bbox 244 3516 1387 3584; baseline -0.003 -13"><span class='ocrx_word' id='word_1_257' title='bbox 244 3519 320 3584; x_wconf 84' lang='lat' dir='ltr'>lange</span> <span class='ocrx_word' id='word_1_258' title='bbox 347 3519 423 3572; x_wconf 89' lang='lat' dir='ltr'>stelle</span> <span class='ocrx_word' id='word_1_259' title='bbox 450 3518 515 3571; x_wconf 86' lang='lat' dir='ltr'>iiber</span> <span class='ocrx_word' id='word_1_260' title='bbox 539 3517 580 3572; x_wconf 92' lang='lat' dir='ltr'>die</span> <span class='ocrx_word' id='word_1_261' title='bbox 599 3517 783 3574; x_wconf 85' lang='lat' dir='ltr'>hlaidertraebt</span> <span class='ocrx_word' id='word_1_262' title='bbox 802 3517 868 3570; x_wconf 91' lang='lat' dir='ltr'>nach</span> <span class='ocrx_word' id='word_1_263' title='bbox 887 3517 967 3582; x_wconf 83' lang='lat' dir='ltr'>hdnig</span> <span class='ocrx_word' id='word_1_264' title='bbox 985 3517 1124 3570; x_wconf 84' lang='lat' dir='ltr'>Albrechts</span> <span class='ocrx_word' id='word_1_265' title='bbox 1143 3516 1199 3580; x_wconf 82' lang='lat' dir='ltr'>lod,</span> <span class='ocrx_word' id='word_1_266' title='bbox 1219 3517 1326 3572; x_wconf 86' lang='lat' dir='ltr'>welche</span> <span class='ocrx_word' id='word_1_267' title='bbox 1344 3518 1387 3570; x_wconf 90' lang='lat' dir='ltr'>mir</span> 
     </span>
     <span class='ocr_line' id='line_1_36' title="bbox 244 3584 1386 3654; baseline -0.002 -14"><span class='ocrx_word' id='word_1_268' title='bbox 244 3587 317 3640; x_wconf 91' lang='lat' dir='ltr'>nicht</span> <span class='ocrx_word' id='word_1_269' title='bbox 334 3601 386 3640; x_wconf 92' lang='lat' dir='ltr'>von</span> <span class='ocrx_word' id='word_1_270' title='bbox 406 3587 507 3641; x_wconf 88' lang='lat' dir='ltr'>lohanu</span> <span class='ocrx_word' id='word_1_271' title='bbox 526 3601 577 3640; x_wconf 86' lang='lat' dir='ltr'>von</span> <span class='ocrx_word' id='word_1_272' title='bbox 597 3587 714 3654; x_wconf 81' lang='lat' dir='ltr'>Victring</span> <span class='ocrx_word' id='word_1_273' title='bbox 732 3584 907 3640; x_wconf 82' lang='lat' dir='ltr'>herzuriibren</span> <span class='ocrx_word' id='word_1_274' title='bbox 927 3584 1027 3638; x_wconf 90' lang='lat' dir='ltr'>scheint</span> <span class='ocrx_word' id='word_1_275' title='bbox 1038 3625 1046 3654; x_wconf 92' lang='lat'>,</span> <span class='ocrx_word' id='word_1_276' title='bbox 1064 3585 1131 3638; x_wconf 88' lang='lat' dir='ltr'>ohne</span> <span class='ocrx_word' id='word_1_277' title='bbox 1150 3584 1210 3638; x_wconf 92' lang='lat' dir='ltr'>dass</span> <span class='ocrx_word' id='word_1_278' title='bbox 1228 3585 1271 3638; x_wconf 90' lang='lat' dir='ltr'>ich</span> <span class='ocrx_word' id='word_1_279' title='bbox 1291 3587 1386 3638; x_wconf 88' lang='lat' dir='ltr'>sonsti-</span> 
     </span>
     <span class='ocr_line' id='line_1_37' title="bbox 244 3652 1385 3724; baseline -0.003 -17"><span class='ocrx_word' id='word_1_280' title='bbox 244 3669 296 3722; x_wconf 85' lang='lat' dir='ltr'>gen</span> <span class='ocrx_word' id='word_1_281' title='bbox 322 3670 450 3724; x_wconf 78' lang='lat' dir='ltr'>ursprung</span> <span class='ocrx_word' id='word_1_282' title='bbox 475 3655 676 3710; x_wconf 81' lang='lat' dir='ltr'>nachzuueisen</span> <span class='ocrx_word' id='word_1_283' title='bbox 702 3656 817 3721; x_wconf 84' lang='lat' dir='ltr'>wiissta,</span> <span class='ocrx_word' id='word_1_284' title='bbox 842 3653 896 3706; x_wconf 91' lang='lat' dir='ltr'>und</span> <span class='ocrx_word' id='word_1_285' title='bbox 921 3653 1023 3706; x_wconf 59' lang='lat' dir='ltr'>urelche</span> <span class='ocrx_word' id='word_1_286' title='bbox 1045 3653 1183 3706; x_wconf 86' lang='lat' dir='ltr'>icdenlalls</span> <span class='ocrx_word' id='word_1_287' title='bbox 1203 3653 1276 3706; x_wconf 89' lang='lat' dir='ltr'>nicht</span> <span class='ocrx_word' id='word_1_288' title='bbox 1294 3652 1385 3720; x_wconf 82' lang='lat' dir='ltr'>genade</span> 
     </span>
     <span class='ocr_line' id='line_1_38' title="bbox 244 3721 1383 3790; baseline -0.004 -14"><span class='ocrx_word' id='word_1_289' title='bbox 244 3723 351 3776; x_wconf 87' lang='lat' dir='ltr'>hierher</span> <span class='ocrx_word' id='word_1_290' title='bbox 369 3725 477 3790; x_wconf 78' lang='lat' dir='ltr'>pendit,</span> <span class='ocrx_word' id='word_1_291' title='bbox 502 3724 545 3775; x_wconf 88' lang='lat' dir='ltr'>die</span> <span class='ocrx_word' id='word_1_292' title='bbox 561 3724 602 3776; x_wconf 90' lang='lat' dir='ltr'>ich</span> <span class='ocrx_word' id='word_1_293' title='bbox 629 3726 693 3778; x_wconf 87' lang='lat' dir='ltr'>aber</span> <span class='ocrx_word' id='word_1_294' title='bbox 711 3723 778 3777; x_wconf 91' lang='lat' dir='ltr'>doch</span> <span class='ocrx_word' id='word_1_295' title='bbox 797 3722 860 3776; x_wconf 88' lang='lat' dir='ltr'>weil</span> <span class='ocrx_word' id='word_1_296' title='bbox 880 3723 918 3773; x_wconf 89' lang='lat' dir='ltr'>sia</span> <span class='ocrx_word' id='word_1_297' title='bbox 938 3736 969 3774; x_wconf 92' lang='lat' dir='ltr'>an</span> <span class='ocrx_word' id='word_1_298' title='bbox 990 3721 1042 3774; x_wconf 90' lang='lat' dir='ltr'>sich</span> <span class='ocrx_word' id='word_1_299' title='bbox 1060 3722 1218 3774; x_wconf 88' lang='lat' dir='ltr'>interessant</span> <span class='ocrx_word' id='word_1_300' title='bbox 1235 3722 1270 3774; x_wconf 83' lang='lat' dir='ltr'>ist</span> <span class='ocrx_word' id='word_1_301' title='bbox 1289 3722 1344 3775; x_wconf 90' lang='lat' dir='ltr'>hier</span> <span class='ocrx_word' id='word_1_302' title='bbox 1359 3721 1383 3774; x_wconf 92' lang='lat' dir='ltr'>in</span> 
     </span>
     <span class='ocr_line' id='line_1_39' title="bbox 246 3789 1384 3856; baseline -0.004 -12"><span class='ocrx_word' id='word_1_303' title='bbox 246 3793 293 3844; x_wconf 90' lang='lat' dir='ltr'>der</span> <span class='ocrx_word' id='word_1_304' title='bbox 310 3797 373 3845; x_wconf 86' lang='lat' dir='ltr'>note</span> <span class='ocrx_word' id='word_1_305' title='bbox 387 3793 535 3846; x_wconf 88' lang='lat' dir='ltr'>mittheiien</span> <span class='ocrx_word' id='word_1_306' title='bbox 555 3793 624 3846; x_wconf 87' lang='lat' dir='ltr'>will:</span> <span class='ocrx_word' id='word_1_307' title='bbox 648 3793 808 3856; x_wconf 86' lang='lat' dir='ltr'>Notandum,</span> <span class='ocrx_word' id='word_1_308' title='bbox 828 3791 897 3854; x_wconf 87' lang='lat' dir='ltr'>quod</span> <span class='ocrx_word' id='word_1_309' title='bbox 921 3794 1109 3856; x_wconf 86' lang='lat' dir='ltr'>postmortem</span> <span class='ocrx_word' id='word_1_310' title='bbox 1127 3789 1227 3844; x_wconf 83' lang='lat' dir='ltr'>hiberti</span> <span class='ocrx_word' id='word_1_311' title='bbox 1247 3791 1317 3855; x_wconf 83' lang='lat' dir='ltr'>regis</span> <span class='ocrx_word' id='word_1_312' title='bbox 1334 3789 1384 3841; x_wconf 87' lang='lat' dir='ltr'>llo-</span> 
     </span>
     <span class='ocr_line' id='line_1_40' title="bbox 245 3857 1384 3926; baseline -0.003 -14"><span class='ocrx_word' id='word_1_313' title='bbox 245 3874 379 3913; x_wconf 91' lang='lat' dir='ltr'>manorum</span> <span class='ocrx_word' id='word_1_314' title='bbox 404 3864 430 3914; x_wconf 89' lang='lat' dir='ltr'>in</span> <span class='ocrx_word' id='word_1_315' title='bbox 457 3861 561 3914; x_wconf 78' lang='lat' dir='ltr'>dustria</span> <span class='ocrx_word' id='word_1_316' title='bbox 585 3866 611 3914; x_wconf 91' lang='lat' dir='ltr'>et</span> <span class='ocrx_word' id='word_1_317' title='bbox 627 3865 653 3914; x_wconf 91' lang='lat' dir='ltr'>in</span> <span class='ocrx_word' id='word_1_318' title='bbox 673 3861 765 3925; x_wconf 89' lang='lat' dir='ltr'>Stiria,</span> <span class='ocrx_word' id='word_1_319' title='bbox 785 3864 809 3911; x_wconf 88' lang='lat' dir='ltr'>et</span> <span class='ocrx_word' id='word_1_320' title='bbox 827 3858 904 3910; x_wconf 88' lang='lat' dir='ltr'>etiam</span> <span class='ocrx_word' id='word_1_321' title='bbox 922 3860 948 3910; x_wconf 92' lang='lat' dir='ltr'>in</span> <span class='ocrx_word' id='word_1_322' title='bbox 968 3857 1025 3911; x_wconf 89' lang='lat' dir='ltr'>aliis</span> <span class='ocrx_word' id='word_1_323' title='bbox 1045 3859 1134 3924; x_wconf 86' lang='lat' dir='ltr'>terris,</span> <span class='ocrx_word' id='word_1_324' title='bbox 1152 3857 1241 3926; x_wconf 86' lang='lat' dir='ltr'>plures</span> <span class='ocrx_word' id='word_1_325' title='bbox 1260 3858 1384 3912; x_wconf 89' lang='lat' dir='ltr'>adinven-</span> 
     </span>
     <span class='ocr_line' id='line_1_41' title="bbox 246 3925 1384 3982; baseline -0.003 -3"><span class='ocrx_word' id='word_1_326' title='bbox 246 3929 332 3980; x_wconf 89' lang='lat' dir='ltr'>tiones</span> <span class='ocrx_word' id='word_1_327' title='bbox 360 3934 385 3982; x_wconf 91' lang='lat' dir='ltr'>et</span> <span class='ocrx_word' id='word_1_328' title='bbox 412 3930 542 3981; x_wconf 87' lang='lat' dir='ltr'>novitates</span> <span class='ocrx_word' id='word_1_329' title='bbox 569 3931 596 3981; x_wconf 90' lang='lat' dir='ltr'>in</span> <span class='ocrx_word' id='word_1_330' title='bbox 622 3929 757 3982; x_wconf 90' lang='lat' dir='ltr'>sarciendo</span> <span class='ocrx_word' id='word_1_331' title='bbox 776 3929 864 3979; x_wconf 90' lang='lat' dir='ltr'>vestes</span> <span class='ocrx_word' id='word_1_332' title='bbox 883 3929 1056 3978; x_wconf 87' lang='lat' dir='ltr'>surrexerunt.</span> <span class='ocrx_word' id='word_1_333' title='bbox 1093 3925 1144 3978; x_wconf 84' lang='lat' dir='ltr'>Alii</span> <span class='ocrx_word' id='word_1_334' title='bbox 1163 3928 1190 3978; x_wconf 94' lang='lat' dir='ltr'>in</span> <span class='ocrx_word' id='word_1_335' title='bbox 1211 3925 1306 3978; x_wconf 87' lang='lat' dir='ltr'>tunicis</span> <span class='ocrx_word' id='word_1_336' title='bbox 1324 3925 1384 3978; x_wconf 84' lang='lat' dir='ltr'>&#39;sini-</span> 
     </span>
     <span class='ocr_line' id='line_1_42' title="bbox 246 3993 1383 4065; baseline -0.005 -17"><span class='ocrx_word' id='word_1_337' title='bbox 246 4000 325 4048; x_wconf 90' lang='lat' dir='ltr'>stram</span> <span class='ocrx_word' id='word_1_338' title='bbox 349 3997 477 4050; x_wconf 88' lang='lat' dir='ltr'>manicam</span> <span class='ocrx_word' id='word_1_339' title='bbox 505 3994 536 4048; x_wconf 88' lang='lat' dir='ltr'>de</span> <span class='ocrx_word' id='word_1_340' title='bbox 561 3997 612 4049; x_wconf 92' lang='lat' dir='ltr'>alio</span> <span class='ocrx_word' id='word_1_341' title='bbox 636 4010 725 4065; x_wconf 89' lang='lat' dir='ltr'>panno</span> <span class='ocrx_word' id='word_1_342' title='bbox 750 3993 881 4058; x_wconf 76' lang='lat' dir='ltr'>terebant,</span> <span class='ocrx_word' id='word_1_343' title='bbox 908 3994 952 4046; x_wconf 91' lang='lat' dir='ltr'>alii</span> <span class='ocrx_word' id='word_1_344' title='bbox 971 4000 1053 4062; x_wconf 90' lang='lat' dir='ltr'>ipsam</span> <span class='ocrx_word' id='word_1_345' title='bbox 1071 3995 1202 4046; x_wconf 88' lang='lat' dir='ltr'>sinistram</span> <span class='ocrx_word' id='word_1_346' title='bbox 1221 3996 1344 4047; x_wconf 88' lang='lat' dir='ltr'>manicam</span> <span class='ocrx_word' id='word_1_347' title='bbox 1360 3995 1383 4043; x_wconf 93' lang='lat' dir='ltr'>iu</span> 
     </span>
     <span class='ocr_line' id='line_1_43' title="bbox 246 4059 1384 4133; baseline -0.005 -17"><span class='ocrx_word' id='word_1_348' title='bbox 246 4068 345 4116; x_wconf 89' lang='lat' dir='ltr'>tantum</span> <span class='ocrx_word' id='word_1_349' title='bbox 363 4063 528 4131; x_wconf 87' lang='lat' dir='ltr'>ampliabant,</span> <span class='ocrx_word' id='word_1_350' title='bbox 547 4069 574 4117; x_wconf 92' lang='lat' dir='ltr'>ut</span> <span class='ocrx_word' id='word_1_351' title='bbox 592 4064 731 4133; x_wconf 85' lang='lat' dir='ltr'>amplitudo</span> <span class='ocrx_word' id='word_1_352' title='bbox 751 4062 895 4117; x_wconf 85' lang='lat' dir='ltr'>excederet</span> <span class='ocrx_word' id='word_1_353' title='bbox 913 4063 1104 4128; x_wconf 83' lang='lat' dir='ltr'>longitudinem</span> <span class='ocrx_word' id='word_1_354' title='bbox 1120 4063 1201 4131; x_wconf 89' lang='lat' dir='ltr'>ipsius</span> <span class='ocrx_word' id='word_1_355' title='bbox 1219 4063 1317 4128; x_wconf 77' lang='lat' dir='ltr'>tunice,</span> <span class='ocrx_word' id='word_1_356' title='bbox 1345 4059 1384 4114; x_wconf 88' lang='lat' dir='ltr'>alil</span> 
     </span>
     <span class='ocr_line' id='line_1_44' title="bbox 245 4127 1385 4200; baseline -0.006 -15"><span class='ocrx_word' id='word_1_357' title='bbox 245 4130 334 4185; x_wconf 86' lang='lat' dir='ltr'>ambas</span> <span class='ocrx_word' id='word_1_358' title='bbox 358 4133 474 4185; x_wconf 89' lang='lat' dir='ltr'>manicas</span> <span class='ocrx_word' id='word_1_359' title='bbox 496 4135 522 4183; x_wconf 91' lang='lat' dir='ltr'>in</span> <span class='ocrx_word' id='word_1_360' title='bbox 540 4135 634 4186; x_wconf 88' lang='lat' dir='ltr'>tautum</span> <span class='ocrx_word' id='word_1_361' title='bbox 652 4132 823 4200; x_wconf 75' lang='lat' dir='ltr'>ampliabant,</span> <span class='ocrx_word' id='word_1_362' title='bbox 849 4131 891 4182; x_wconf 92' lang='lat' dir='ltr'>alii</span> <span class='ocrx_word' id='word_1_363' title='bbox 911 4132 1042 4183; x_wconf 84' lang='lat' dir='ltr'>sinistram</span> <span class='ocrx_word' id='word_1_364' title='bbox 1059 4135 1187 4184; x_wconf 88' lang='lat' dir='ltr'>manicam</span> <span class='ocrx_word' id='word_1_365' title='bbox 1205 4129 1330 4184; x_wconf 87' lang='lat' dir='ltr'>ornabant</span> <span class='ocrx_word' id='word_1_366' title='bbox 1347 4127 1385 4179; x_wconf 93' lang='lat' dir='ltr'>di·</span> 
     </span>
     <span class='ocr_line' id='line_1_45' title="bbox 245 4199 1383 4268; baseline -0.004 -16"><span class='ocrx_word' id='word_1_367' title='bbox 245 4199 405 4266; x_wconf 83' lang='lat' dir='ltr'>versimode,</span> <span class='ocrx_word' id='word_1_368' title='bbox 422 4201 467 4254; x_wconf 85' lang='lat' dir='ltr'>vel</span> <span class='ocrx_word' id='word_1_369' title='bbox 485 4214 544 4252; x_wconf 90' lang='lat' dir='ltr'>cum</span> <span class='ocrx_word' id='word_1_370' title='bbox 562 4201 662 4268; x_wconf 85' lang='lat' dir='ltr'>sericis,</span> <span class='ocrx_word' id='word_1_371' title='bbox 681 4201 723 4254; x_wconf 85' lang='lat' dir='ltr'>vel</span> <span class='ocrx_word' id='word_1_372' title='bbox 743 4213 800 4254; x_wconf 88' lang='lat' dir='ltr'>eum</span> <span class='ocrx_word' id='word_1_373' title='bbox 819 4204 941 4266; x_wconf 69' lang='lat' dir='ltr'>argentm</span> <span class='ocrx_word' id='word_1_374' title='bbox 959 4199 1003 4252; x_wconf 88' lang='lat' dir='ltr'>alii</span> <span class='ocrx_word' id='word_1_375' title='bbox 1023 4212 1121 4253; x_wconf 85' lang='lat' dir='ltr'>cannas</span> <span class='ocrx_word' id='word_1_376' title='bbox 1142 4202 1282 4267; x_wconf 80' lang='lat' dir='ltr'>argenteas</span> <span class='ocrx_word' id='word_1_377' title='bbox 1299 4199 1325 4252; x_wconf 92' lang='lat' dir='ltr'>in</span> <span class='ocrx_word' id='word_1_378' title='bbox 1342 4207 1383 4249; x_wconf 87' lang='lat' dir='ltr'>sa·</span> 
     </span>
    </p>
   </div>
   <div class='ocr_carea' id='block_1_4' title="bbox 0 0 1529 4878">
    <p class='ocr_par' dir='ltr' id='par_1_6' title="bbox 0 0 1529 4878">
     <span class='ocr_line' id='line_1_46' title="bbox 0 0 1529 4878; baseline 0 0"><span class='ocrx_word' id='word_1_379' title='bbox 0 0 1529 4878; x_wconf 95' lang='lat' dir='ltr'> </span> 
     </span>
    </p>
   </div>
  </div>
 </body>
</html>
