3052 4878
253 261 300 335 68
568 292 711 338 ennomus
733 292 770 337 nu
792 291 890 338 ansrrs
911 292 1078 338 rurucrrun.

168 441 234 497 ¹325
252 433 285 500 in
302 423 411 499 hello¹
425 436 579 520 potenter
596 437 629 498 et
646 429 893 517 gloriosissime
911 429 1157 518 triumphasset,
1184 429 1229 496 ita
1251 435 1288 496 ut
1308 435 1388 516 post

251 532 423 600 victoriam
456 535 628 618 putaretur
663 530 726 597 ccli
752 529 870 598 avibus
897 529 1075 616 imperare:
1110 527 1258 596 hicnon
1286 528 1389 596 multo

251 636 331 720 post
357 629 399 697 ad
425 634 548 698 tantam
574 630 666 698 venit
693 629 744 696 sui
772 629 939 696 exercitus
967 629 1184 715 paucitatem,
1210 631 1389 694 utcontra

251 729 463 798 honestatem
495 729 589 814 regie
618 728 800 796 maiestatis
827 729 897 795 suis
924 726 1076 794 hostibus
1103 724 1265 811 iugiendo
1292 731 1389 812 terga

251 836 382 896 vertere
410 835 597 914 cogeretur.
631 828 673 895 Et
699 827 741 894 ad
768 827 902 895 maioris
929 825 1082 893 molestie
1109 825 1275 892 cumulum
1302 823 1389 893 iactu

252 934 305 995 est
330 929 417 995 inter
443 930 550 1015 ipsum
571 932 604 994 et
624 944 784 994 summum
802 925 993 1013 pontificem
1017 926 1130 1010 gravis
1158 925 1389 992 controversia

253 1026 296 1094 ob
318 1044 416 1113 quam
439 1028 547 1114 ipsum
567 1025 921 1094 excommunicationis
938 1022 1089 1112 pondere
1105 1022 1187 1091 dure
1209 1022 1389 1110 premebat

252 1123 348 1193 Unde
374 1126 463 1212 cepit
487 1126 606 1192 anxius
627 1127 776 1210 cogitare
795 1141 861 1211 quo
882 1141 919 1192 se
939 1128 1094 1211 verteret,
1121 1123 1296 1209 presertim
1316 1139 1389 1190 cum

250 1222 381 1291 videret
415 1241 453 1292 sc
485 1240 575 1291 nuno
606 1225 681 1292 letis
717 1222 933 1291 successibus
960 1239 1048 1289 nuno
1075 1221 1222 1289 tristibus
1250 1223 1387 1289 actitari.

251 1321 372 1389 Incidit
404 1323 438 1389 in
474 1329 616 1390 mentem
645 1339 682 1390 se
709 1321 831 1391 dehere
865 1321 908 1390 ad
942 1323 1106 1408 captivum
1141 1338 1236 1388 suum
1271 1318 1390 1387 ducem

251 1417 387 1489 Austric
407 1420 586 1513 declinare,
614 1423 670 1508 qui
691 1421 840 1489 similiter
861 1419 1063 1508 quandoque
1086 1436 1210 1508 passus
1231 1422 1285 1486 est
1304 1436 1390 1506 pro·

173 1543 233 1584 rna.
253 1534 352 1607 spera
378 1526 411 1589 et
437 1520 590 1589 adversa.
615 1518 669 1589 Ad
696 1539 793 1607 quem
822 1538 896 1587 cum
923 1521 1073 1586 venisset
1097 1536 1165 1585 non
1188 1536 1303 1606 parum
1323 1517 1390 1585 oh·'-

185 1597 219 1651 23
253 1621 397 1710 stupuit}
433 1621 511 1707 quia
547 1619 683 1688 cottidie
717 1625 854 1687 mortem
885 1619 1013 1686 habens
1041 1623 1233 1705 suspectam
1258 1618 1389 1705 putavit

251 1737 367 1805 regem
393 1717 471 1787 ideo
496 1721 645 1809 venisse,
672 1724 710 1785 ut
733 1721 842 1806 ipsum
869 1720 936 1785 vita
961 1717 1115 1805 privaret.
1143 1714 1211 1783 Sed
1230 1733 1290 1782 rex
1312 1715 1388 1782 iac-

251 1824 306 1886 tus
335 1822 387 1885 est
411 1817 559 1905 hylarion
585 1836 659 1884 cum
685 1816 727 1885 ad
753 1819 860 1904 ipsum
884 1818 1036 1904 intraret,
1063 1815 1188 1883 vultum
1215 1813 1388 1902 preferens

250 1916 415 1984 letiorem.
441 1915 523 1984 ldeo
551 1918 648 1985 timor
673 1918 810 1984 vertitur
834 1917 868 1983 in
899 1914 1147 2014 exultationem,
1175 1919 1209 1982 et
1235 1915 1390 1981 salutan-

248 2020 304 2082 tes
331 2020 445 2083 mutuo
473 2014 584 2083 dulcia
611 2015 780 2103 colloquia
806 2016 1021 2103 miscuerunt,
1048 2013 1137 2082 undo

438 2113 535 2180 Ludit
557 2116 591 2181 to
614 2112 764 2181 hamonis
791 2115 901 2181 divion
920 2114 1071 2199 potentio
1095 2111 1201 2180 rohos.

253 2209 338 2293 Quia
365 2213 420 2299 qui
446 2213 531 2280 iuter
557 2230 595 2280 se
623 2214 799 2280 sevissime
825 2212 1063 2281 discordabant
1088 2213 1218 2280 occulto
1241 2211 1303 2280 Dei
1326 2216 1388 2299 ju-

250 2309 340 2379 dicio
370 2304 521 2401 prescii²,
550 2311 715 2380 erroribus
750 2311 882 2380 dimotis
916 2313 950 2378 in
982 2311 1153 2400 presentia
1186 2311 1386 2380 eucharistie

250 2417 468 2479 sacrosancte
499 2412 600 2496 jnrati
636 2410 822 2478 firmissimo
856 2408 969 2480 sedere
1004 2411 1195 2500 sociantur,
1224 2412 1270 2478 ita
1296 2411 1389 2498 quod

248 2509 336 2578 inter
370 2527 430 2578 eos
459 2513 586 2597 jugiter
620 2514 815 2599 perseveret
844 2528 947 2578 unum
979 2507 1069 2577 nolle
1097 2515 1130 2576 et
1154 2527 1255 2576 unum
1288 2510 1389 2580 velle.

248 2606 345 2678 Unde
368 2608 411 2677 ad
427 2613 561 2679 maioris
580 2599 724 2678 amicitie
742 2610 964 2677 constantiam
990 2613 1106 2676 contra
1128 2625 1302 2677 commune
1318 2613 1389 2700 jue,

249 2709 447 2797 prohibente
480 2710 570 2778 linea
605 2709 926 2799 consanguinitatis,
953 2723 1078 2796 pueros
1106 2725 1188 2774 snos
1215 2709 1392 2777 matrimo-

249 2807 393 2876 nialibus
418 2808 560 2876 vinculis
580 2809 832 2876 coniunxerunt.
858 2807 906 2874 Ea
933 2812 1069 2895 propter
1095 2807 1193 2874 etiam
1219 2805 1390 2876 decreve-

249 2912 327 2973 runt
351 2907 422 2995 pari
448 2911 540 2997 voto,
567 2907 642 2975 solo
660 2906 734 2975 Deo
758 2911 901 2994 excepto
911 2895 933 2997 ³,
952 2911 1068 2974 contra
1093 2907 1237 2973 omnium
1261 2906 1391 2974 voiun-

249 3007 351 3071 tatem
374 3002 558 3072 Romanum
584 3006 755 3092 imperium
781 3005 853 3094 pari
877 3005 1030 3094 potentia
1054 3004 1241 3091 gubernare
1269 3010 1304 3072 ct
1328 3023 1391 3072 re-

251 3102 411 3170 sistentes
429 3105 600 3172 revincere
619 3111 653 3172 et
666 3122 783 3193 pacem
804 3103 977 3172 turbantes
993 3103 1190 3172 omnimodis
1206 3102 1390 3174 debellare.

167 3205 235 3260 1³26
324 3200 457 3270 Interim
477 3202 543 3271 dux
558 3202 765 3293 Leupoldus,
782 3201 872 3271 ierus
895 3202 1004 3292 homo,
1021 3203 1176 3270 inimicus
1197 3203 1303 3294 pacis,
1319 3206 1389 3288 jam

157 3289 235 3396 ”³2⁸3
251 3299 352 3366 multa
373 3302 534 3370 inanimo
555 3310 719 3391 concepta
737 3302 873 3392 malitia,
902 3307 1074 3390 correptus
1094 3301 1284 3370 infirmitate
1302 3301 1388 3370 diem

251 3397 372 3466 clausit
398 3406 589 3470 extremum.
640 3392 813 3489 Explicit
1391 3417 1393 3426 “

284 3540 314 3606 1)
332 3544 455 3608 potenter
472 3543 498 3595 in
517 3540 587 3595 helio
604 3547 726 3610 potenter
743 3543 781 3596 hs.
824 3543 855 3608 2)
874 3543 929 3611 psci
953 3543 1017 3596 oder
1037 3543 1088 3612 psti
1111 3544 1156 3596 mit
1180 3543 1268 3596 ciuem
1291 3539 1385 3595 ahln‘ir-

248 3610 440 3675 zungszeichen
460 3609 523 3664 iiber
542 3610 600 3663 dem
617 3625 633 3678 p
652 3614 686 3663 ist
702 3613 730 3664 in
749 3611 795 3664 der
813 3611 852 3664 hs.
875 3612 976 3665 schiuss
999 3613 1074 3665 einer
1096 3612 1162 3664 zeile
1186 3610 1238 3662 und
1256 3609 1319 3663 sehr
1335 3623 1386 3662 un·

250 3676 375 3746 deutlich3
395 3680 455 3731 eine
477 3677 547 3731 hand
564 3677 611 3732 des
629 3677 799 3732 i'dnizehnteu
814 3679 998 3746 jahrhunderts
1016 3684 1098 3733 setzte
1116 3694 1141 3732 m
1159 3678 1223 3732 odcr
1240 3679 1269 3731 ni
1286 3692 1332 3746 zu,
1349 3675 1386 3729 las

249 3747 306 3799 also
330 3747 540 3826 wohiprisiini3
563 3761 596 3799 an
620 3747 715 3828 prescii
739 3745 802 3800 fehlt
825 3747 965 3828 ailepdings
988 3747 1034 3801 das
1054 3750 1147 3801 zweite
1164 3749 1180 3800 i.
1231 3746 1263 3811 3)
1283 3749 1384 3866 exepto.

248 3814 280 3879 h)
299 3813 333 3866 So
352 3814 470 3868 sehhesst
490 3814 531 3867 dne
550 3813 625 3867 echte
644 3815 710 3868 zede
729 3813 775 3868 aui
788 3813 834 3868 der
851 3814 982 3870 ruehserte
1004 3816 1050 3870 des
1072 3817 1169 3870 letzten
1190 3813 1299 3882 blattea,
1341 3824 1384 3865 es·

248 3893 297 3935 sen
325 3883 382 3938 laer
406 3881 575 3949 gehliebener
601 3883 664 3936 thail
688 3897 740 3935 von
765 3884 840 3937 einer
857 3884 980 3953 spiiteren
998 3883 1067 3940 haud
1085 3886 1130 3940 mit
1147 3881 1320 3939 lateinisehcn
1337 3892 1384 3948 ge-

249 3948 413 4008 denhversen
432 3950 603 4006 heschriehen
622 3953 663 4004 ist.

721 4156 942 4168 ...μ-...-
