3052 4878
282 207 331 278 ab
600 230 715 278 nrcouxr
736 231 783 279 re.
804 229 944 277 eoraonr.
966 227 1100 276 erasmo.

197 391 262 448 sarr
281 371 324 442 Et
348 368 437 440 omni
463 385 553 439 anno
579 369 698 458 viginti
725 369 871 456 quinque
889 369 977 437 milia
999 366 1174 436 tenebatur
1192 383 1321 438 aamera
1340 369 1411 437 sol-

281 486 372 540 vere.
406 468 478 537 Neo
511 473 642 559 poterat
672 467 836 558 amoveri,
863 469 928 536 nisi
960 469 1052 556 prius
1079 466 1142 536 sibi
1168 468 1414 537 restituerentur

282 569 524 658 quinquaginta
548 567 649 638 milia
675 565 772 637 Unde
797 571 886 657 tuno,
913 583 987 635 oum
1012 567 1076 634 iste
1098 583 1226 654 pauper
1250 565 1359 658 luerit,
1384 573 1416 635 et

283 667 456 738 Guebelimi
487 667 597 756 ipsum
632 665 675 735 ad
709 663 906 735 solvendum
939 681 1007 733 non
1039 664 1217 756 iuvabant,
1244 665 1415 753 quianon

282 767 419 836 multum
445 765 677 857 abundabant,
704 765 851 855 oportuit
875 762 966 851 quod
991 763 1155 833 violenter
1174 782 1195 833 a
1217 764 1417 854 pauperibus

283 865 480 936 extraheret
512 865 677 955 Tertium,
703 863 795 952 quod
821 861 956 932 domino
984 862 1152 932 Gnilberto
1178 862 1221 932 de
1249 862 1417 956 Corregia,

283 967 340 1054 qui
366 967 437 1034 erat
461 981 548 1033 unus
574 969 737 1052 tyrannus
765 961 946 1052 Guelphus,
974 963 1029 1050 qui
1049 962 1115 1030 iarn
1137 961 1369 1032 dominabatur
1384 965 1418 1031 in

281 1064 410 1155 Parma,
436 1061 545 1132 adhue
564 1061 657 1131 dedit
678 1062 742 1131 sibi
766 1060 947 1131 dominium
962 1061 996 1128 in
1014 1059 1132 1147 llegio.
1159 1061 1272 1130 Utrum
1294 1062 1336 1130 ab
1356 1061 1419 1130 hoo

281 1164 455 1254 penuriam
483 1162 648 1250 receperit
672 1162 809 1252 nesei03
836 1158 898 1229 sed
918 1159 1030 1252 oredo,
1059 1158 1151 1248 qnod
1173 1161 1274 1249 aliqui
1296 1161 1338 1230 de
1356 1177 1418 1229 suo

282 1261 423 1331 oonsilio
448 1260 573 1348 aliquid
599 1260 797 1329 babuerunt.
838 1257 1013 1351 Quartum,
1040 1257 1131 1347 qnod
1157 1259 1252 1328 alteri
1278 1264 1419 1348 tyranno

284 1359 468 1430 Guebelino
500 1359 636 1429 domino
664 1358 746 1428 Gaui
779 1356 822 1427 de
852 1358 1006 1448 Verona,
1041 1359 1096 1445 qui
1131 1356 1363 1448 dominabatur
1387 1361 1420 1425 in

281 1459 429 1550 Verona,
455 1475 522 1527 neo
545 1475 693 1547 unquam
717 1463 844 1547 partem
864 1456 1047 1545 Guelpbam
1072 1455 1178 1526 voluit
1202 1458 1420 1526 intromittere

281 1563 418 1650 propter
443 1559 604 1627 rationem
630 1558 784 1647 superius
811 1555 942 1646 dietam,
970 1554 1080 1624 adbno
1102 1553 1195 1624 dedit
1216 1556 1279 1624 sibi
1305 1555 1418 1626 domi-

281 1660 372 1728 nium
397 1658 433 1725 in
457 1656 619 1726 Vioentia.
652 1657 695 1726 Et
719 1657 785 1724 ista
819 1655 879 1723 luit
905 1671 1009 1724 eausa
1041 1671 1144 1742 quare
1176 1655 1422 1725 rebellaverunt

282 1755 439 1826 Paduani.
474 1754 649 1846 Quintum,
677 1755 755 1844 quia
781 1753 876 1822 alteri
908 1759 1068 1845 tyranno,
1097 1751 1234 1823 domino
1260 1755 1420 1824 Paserino

283 1855 326 1924 de
350 1855 499 1945 Mantua,
527 1871 601 1923 oum
624 1854 684 1923 illo
710 1852 857 1922 dominio
885 1853 1027 1922 divitatis
1051 1851 1191 1921 Mantua
1210 1852 1302 1922 dedit
1322 1856 1422 1924 unius

283 1954 383 2024 oastri
409 1951 589 2022 dominium
615 1952 747 2043 optimi,
781 1952 876 2021 ouius
902 1968 1025 2020 nomen
1050 1952 1171 2038 ignoro
1199 1951 1242 2020 ad
1268 1971 1419 2041 presens.

356 2051 439 2120 Item
460 2058 538 2120 ante
557 2053 700 2121 Brixiam
724 2051 878 2120 dominus
899 2049 1121 2119 Walerannus
1143 2049 1244 2119 irater
1262 2053 1356 2140 regis
1380 2052 1422 2121 de

283 2150 441 2220 mandato
472 2151 563 2236 regis
596 2151 656 2219 ivit
689 2150 798 2218 subito
829 2151 863 2218 in
889 2150 1096 2236 Pergamum.
1128 2144 1292 2219 'Anausati
1328 2157 1424 2220 erant
1518 2189 1519 2234 q

283 2249 436 2340 quidam,
464 2247 554 2337 quod
580 2248 743 2318 rebellare
767 2248 946 2338 volebant,
974 2255 1009 2318 et
1034 2251 1151 2317 eivitas
1176 2249 1235 2317 illa
1259 2267 1320 2338 per
1346 2267 1421 2341 eos,

283 2349 360 2438 quia
387 2349 594 2438 potentiores
621 2354 716 2417 erant
741 2348 893 2416 eivitatis.
919 2347 981 2416 llis
1008 2347 1127 2416 diebus
1150 2349 1266 2416 eivitas
1289 2349 1422 2436 Perga-

283 2448 410 2518 meusis
431 2448 569 2517 tenebat
583 2449 761 2518 exereitum
777 2465 872 2516 suum
889 2465 1046 2534 magnrun
1064 2451 1141 2515 aute
1163 2448 1318 2538 Brixiam,
1337 2451 1425 2517 siout

282 2546 452 2617 laniabant
482 2547 547 2616 alie
581 2549 745 2618 divitates.
782 2546 825 2615 Et
857 2550 993 2635 propter
1018 2546 1084 2615 boo
1117 2562 1221 2632 grave
1245 2545 1426 2616 videbatur

282 2648 392 2716 multis
415 2647 481 2717 hoo
497 2646 644 2739 eredere,
672 2644 764 2735 quod
782 2645 910 2714 vellent
929 2645 1103 2714 rebellare.
1129 2644 1255 2714 lernen
1275 2649 1350 2733 regi
1366 2663 1427 2736 par
1517 2677 1518 2682 ,

282 2748 441 2816 vioarium
458 2746 716 2832 Pergamensem
742 2749 776 2812 et
799 2761 859 2832 per
881 2743 966 2812 alios
990 2748 1118 2813 secrete
1144 2741 1204 2813 init
1228 2745 1426 2836 intimatum,

284 2844 375 2934 quod
394 2844 451 2934 illi,
479 2862 564 2932 quos
584 2843 738 2913 dominus
758 2842 984 2911 Walerannus
1003 2844 1091 2931 oepit
1110 2847 1198 2934 tuno,
1224 2843 1313 2912 inter
1335 2861 1426 2932 quos

283 2949 380 3012 erant
394 2943 495 3029 aliqui
513 2942 759 3029 consanguinei
773 2941 898 3010 domini
916 2941 1084 3010 Guillermi
1100 2941 1143 3011 de
1158 2944 1321 3028 Pergamo
1343 2961 1427 3012 oar-

284 3040 416 3130 dinalis,
434 3040 594 3110 volebant
613 3042 786 3110 rebellare.
810 3038 877 3108 Alii
893 3039 1059 3132 dioebant,
1076 3041 1167 3128 quod
1184 3058 1264 3133 non,
1289 3041 1353 3110 sed
1372 3045 1428 3111 sui

283 3139 404 3208 inimioi
426 3138 588 3209 dederunt
617 3139 706 3210 dieto
733 3138 940 3208 Waleranno
961 3141 1153 3233 paeoniam,
1179 3145 1217 3208 ut
1235 3141 1300 3209 ista
1324 3140 1429 3211 laee-

284 3243 345 3329 ret,
366 3237 518 3326 prediola
530 3239 690 3328 prediotis
706 3240 927 3327 imponentes.
948 3235 1035 3319 Quid
1055 3241 1098 3308 sit
1118 3240 1277 3330 veritatis,
1294 3242 1429 3311 neseio.

284 3336 393 3406 Unum
420 3339 509 3430 seio,
542 3338 633 3427 quod
657 3344 836 3428 postquam
866 3336 910 3406 nd
934 3353 1054 3425 preoes
1079 3345 1209 3408 vestras
1236 3347 1270 3406 et
1293 3339 1428 3410 multo·

285 3453 355 3504 rum
382 3435 595 3506 oardinalium
622 3438 777 3507 dominus
793 3453 853 3505 rex
876 3436 970 3524 ipsos
988 3436 1150 3527 liberarit,
1178 3443 1212 3506 et
1236 3439 1302 3526 ipsi
1327 3439 1429 3508 iura·
1515 3509 1516 3526 ,

283 3540 403 3604 verunt
427 3534 545 3607 lideles
567 3554 644 3606 esse
667 3538 701 3605 in
722 3540 928 3626 perpetuum,
954 3543 1075 3623 postea
1096 3535 1231 3606 domino
1255 3538 1429 3607 existente

283 3635 319 3703 in
345 3635 466 3704 Tusoia
489 3636 522 3702 in
547 3634 691 3722 quodam
713 3634 804 3703 bello
826 3639 903 3702 ante
928 3633 1117 3728 Suooinum,
1144 3654 1216 3704 oum
1243 3636 1430 3706 rebellibus

284 3735 412 3822 imperii
439 3735 633 3824 existentes,
660 3750 720 3823 per
746 3735 899 3802 eomitem
925 3732 1123 3803 Wamerum
1150 3743 1185 3804 et
1210 3752 1305 3804 suam
1330 3752 1431 3821 gem-

284 3838 351 3901 tem
376 3833 477 3920 aliqui
494 3835 612 3902 mortui
633 3832 767 3901 luerunt
792 3837 826 3900 et
846 3832 948 3918 aliqui
974 3835 1062 3923 eapti
1089 3833 1131 3902 de
1158 3834 1316 3925 predialis
1336 3833 1428 3904 Per·
1514 3893 1515 3934 ,

284 3933 510 4018 gamansibus.
1514 3935 1515 3948 ³

358 4030 501 4100 Domino
520 4049 602 4119 rege
618 4033 652 4101 in
675 4031 775 4120 Papia
799 4033 964 4100 existente
990 4035 1138 4098 mortuus
1163 4027 1224 4097 luit
1243 4029 1287 4096 ibi
1309 4028 1431 4097 domi-

284 4145 348 4196 nus
367 4128 473 4198 Guido
497 4131 663 4225 Flandrie,
690 4130 752 4201 sed
774 4148 844 4200 nou
863 4131 1014 4220 sepultus
1040 4134 1176 4218 propter
1200 4127 1431 4220 interdictum,

285 4226 376 4314 quod
402 4234 474 4298 erat
498 4233 531 4299 in
557 4233 645 4324 loeo,
672 4230 733 4302 sed
760 4247 883 4322 oorpns
903 4248 999 4300 suum
1018 4226 1078 4296 tuit
1099 4227 1264 4318 sepultum
1280 4229 1316 4295 iu
1331 4226 1431 4295 'lor-
1513 4261 1514 4334 p
