3096 4882
504 210 567 256 une.
590 211 712 258 nussum
733 211 896 261 ruuovrcus
916 215 982 261 arv.
1238 191 1308 262 119

167 347 361 416 universum
390 346 503 415 orbem
534 349 733 440 irrepserat,
760 356 797 420 ut
820 351 871 422 his
897 358 931 422 et
956 354 1031 423 aliis
1059 354 1307 428 dissensionum
1325 372 1392 428 1328

164 446 361 533 vulgaribus
387 449 568 516 uterentur.
610 447 751 537 Hocque
778 457 977 540 conceptum
997 454 1164 543 planeque
1192 464 1226 525 et
1243 457 1305 526 de-

165 545 371 634 prehensum
399 552 460 635 est,
490 547 581 633 quod
605 548 691 616 sicut
717 555 850 620 constat
875 553 1002 639 antiqui
1027 554 1104 623 mali
1129 573 1245 626 semen
1271 559 1304 626 in

165 645 263 715 terris
288 645 411 712 iactum
438 642 758 734 disseminaturuque
785 655 846 718 cst

237 743 278 811 Iu
304 743 388 812 duas
406 749 517 832 partes
543 751 637 814 secta
654 746 878 817 christianitas
899 751 972 817 erat
986 753 1112 838 nestra,
1139 742 1196 816 et¹
1217 769 1304 838 pau-

166 858 225 910 cos
253 844 427 911 invenisse
453 845 654 932 contingens
680 844 779 914 luerit
796 865 857 936 per
877 847 964 916 harre
979 849 1138 935 precipue
1155 854 1303 918 nostram

162 939 310 1032 ltaliam,
338 960 424 1028 quos
450 961 518 1011 una
544 961 587 1012 ex
612 943 742 1012 duabus
770 948 861 1034 optio
887 964 955 1016 non
981 947 1219 1038 inquinaverit,
1247 954 1303 1015 aut

163 1039 221 1108 illa
248 1059 346 1128 quam
373 1042 464 1110 aiunt
490 1041 696 1133 Giboleuga,
722 1044 776 1112 vel
804 1044 908 1118 Gella.
955 1044 1028 1112 Hec
1053 1046 1140 1113 euim
1166 1065 1187 1114 a
1214 1052 1301 1114 tem-

162 1157 246 1226 pere
271 1138 430 1208 Friderici
456 1140 488 1208 ll
513 1142 678 1210 vocabula
709 1142 776 1212 duo
802 1144 1039 1232 inseparabilia
1065 1147 1214 1230 germina
1240 1164 1302 1215 seu

159 1240 274 1326 petius
307 1239 469 1328 pestilera
504 1239 685 1308 schismata
715 1242 919 1330 pullularunt
952 1248 1053 1330 atque
1079 1244 1299 1335 invaluerunt,

161 1355 226 1424 que
254 1356 386 1428 semper
411 1343 549 1407 tenuere
576 1339 703 1408 Italiam
728 1343 919 1428 inquietam.
965 1342 1020 1410 Sic
1039 1342 1104 1410 hoc
1128 1344 1162 1410 in
1190 1360 1300 1412 errore

161 1440 195 1502 et
220 1439 438 1506 contentione
464 1437 534 1506 lere
561 1455 689 1529 omnes,
717 1442 773 1528 qui
795 1439 963 1510 Gallorum
984 1459 1107 1509 nomen
1133 1444 1300 1510 animum-

162 1551 227 1621 que
262 1536 461 1627 servabant,
486 1534 694 1606 Ludovicum
727 1539 815 1608 hune
849 1538 1101 1608 detestabantur
1134 1547 1168 1608 et
1194 1547 1298 1633 actus,

160 1631 322 1704 loannem
349 1654 468 1724 papam
494 1635 594 1705 laude
621 1636 906 1706 commendabant
957 1637 1133 1724 Gibolengi
1155 1657 1236 1708 vero
1266 1646 1299 1708 et

160 1749 315 1803 sermone
332 1740 366 1802 et
384 1753 450 1824 quo
475 1739 628 1822 poterant
651 1737 750 1804 etiam
772 1754 873 1826 opere
895 1737 1120 1805 innitebantur
1136 1755 1154 1805 e
1172 1744 1296 1807 contra.

156 1829 196 1898 Iu
222 1833 286 1900 hac
310 1834 397 1923 laici,
426 1839 460 1902 et
476 1834 540 1902 hac
559 1834 671 1903 clerici
694 1836 802 1903 omnis
829 1838 965 1922 generis
993 1837 1296 1906 concertationibus

158 1935 192 1999 et
217 1931 395 2001 discordiis
420 1933 634 2027 urgebantur.

230 2030 322 2100 Lues
347 2032 411 2100 hec
435 2034 528 2120 ipsas
553 2031 687 2100 fratrum
706 2030 872 2101 Mirrorum
898 2038 932 2102 et
950 2032 1196 2103 Prodicatorum
1213 2035 1296 2103 reli·-

156 2128 280 2214 giones
301 2129 426 2221 inseort,
454 2132 507 2200 cui
528 2130 585 2200 illa
602 2130 644 2199 de
667 2131 786 2200 Christi
803 2136 999 2221 paupertate
1015 2134 1186 2202 contentio
1205 2133 1297 2202 dedit

154 2227 296 2299 initium.
338 2229 428 2318 Papa
450 2230 536 2298 enim
550 2229 795 2299 Predicatorum
818 2233 1011 2320 opinionem
1028 2234 1294 2320 sententiapro-

155 2327 383 2419 rnulgaverat,
416 2329 581 2416 nefasque
617 2334 716 2416 atque
742 2329 923 2400 hereticum
950 2337 1066 2398 contra
1093 2333 1215 2400 sentire
1240 2331 1295 2399 vel

155 2423 267 2496 didere
295 2426 455 2498 edixerat.
494 2427 596 2496 Cuius
618 2427 821 2497 offendiculo
845 2430 1009 2514 contingit
1031 2428 1165 2497 fratrem
1180 2447 1294 2516 querr-

156 2523 231 2594 dam
251 2525 449 2596 Michaelem
474 2525 713 2618 Cesenensem,
740 2528 933 2613 generalem
955 2527 1080 2596 ordinis
1100 2529 1292 2619 ministrum,

153 2622 293 2693 adscitis
326 2626 388 2694 sibi
422 2623 593 2715 iratribuS,
621 2627 794 2715 presertim
820 2625 952 2694 duobus
978 2627 1182 2711 Bonagratia
1207 2627 1292 2694 Pcr-

151 2726 306 2809 gamensi
325 2732 358 2792 ct
375 2724 537 2793 Gulielmo
558 2721 684 2792 Ocham
698 2721 853 2815 Anglico,
881 2724 958 2793 dum
980 2722 1146 2794 hviuionc
1165 2733 1290 2816 esseut,

150 2823 236 2890 iussi
254 2823 436 2892 identidem
454 2825 636 2913 persistere
660 2843 732 2892 cum
759 2825 921 2915 ministro,
947 2825 1079 2892 iniussu
1106 2824 1291 2893 clanculum

150 2939 171 2990 e
197 2925 292 2990 curia
318 2922 459 3013 digredi,
488 2929 522 2992 et
546 2923 651 3013 Pisae,
679 2923 735 2991 ubi
756 2922 918 2992 Ludovici
940 2922 1131 2992 obedientia
1153 2929 1189 2990 et
1205 2923 1290 2992 fides

149 3020 282 3110 imperii
307 3022 514 3113 servabatur,
542 3040 581 3090 se
599 3021 790 3113 transferre,
812 3021 1043 3110 Ludovieique
1068 3023 1154 3111 parti
1180 3021 1290 3090 adhe-

149 3137 234 3211 rere,
264 3121 425 3188 Ioannem
451 3126 634 3210 papamet
660 3121 906 3190 schismaticum
933 3123 1012 3208 quin
1038 3123 1103 3189 imo
1131 3127 1164 3189 et
1189 3122 1290 3190 here-

148 3220 250 3288 ticum
269 3219 489 3311 detestantes,
517 3219 608 3308 qued
623 3218 712 3287 idem
727 3239 814 3309 papa
829 3223 863 3288 iu
879 3221 1155 3308 pronunciatione
1172 3220 1288 3290 eadem

147 3319 288 3388 articulo
316 3319 495 3388 christiane
522 3318 599 3388 lidci
625 3319 836 3405 derogasset.
877 3319 948 3387 Nec
968 3337 1037 3388 non
1062 3337 1135 3387 oum
1151 3325 1185 3388 et
1200 3319 1289 3388 idem

147 3416 295 3486 loannes
328 3436 416 3507 papa
449 3437 565 3487 omnes
593 3423 627 3487 et
652 3419 804 3505 singulas
839 3420 1023 3487 sententias
1051 3425 1084 3486 ct
1110 3421 1288 3506 opiniones

147 3515 335 3586 beatissimi
361 3516 529 3604 quondam
555 3519 653 3584 ctiam
671 3517 797 3586 Thome
816 3515 1033 3607 Aquiuensis,
1061 3517 1186 3587 ordinis
1203 3518 1287 3585 Pre-

146 3614 343 3705 dicatorum,
371 3635 468 3685 veras
495 3617 634 3705 speciali
666 3618 834 3685 sententia
861 3635 900 3685 ac
925 3618 1163 3686 constitutione
1190 3633 1287 3685 com-

146 3715 337 3804 probasset,
366 3733 505 3803 quorum
530 3716 709 3784 nonnullas
736 3716 886 3784 nonnulli
911 3716 1052 3785 studiosi
1073 3733 1112 3783 ac
1129 3714 1286 3783 doctores

145 3813 358 3883 Parisienses
387 3831 545 3884 erroneas
573 3814 774 3884 iudicabant.
818 3815 890 3883 Hes
917 3817 1017 3902 igitur
1042 3813 1133 3881 multi
1160 3813 1286 3882 ordinis

145 3913 300 3982 ciusdem
337 3915 454 3982 sectati
487 3932 575 4004 pape
609 3913 725 3983 loanni
758 3916 822 3982 iam
854 3919 1006 4002 patenter
1032 3909 1285 4002 maledicebant,

142 4009 399 4100 hereticumque
431 4013 641 4103 vocitabant,
678 4031 876 4101 quamquam
906 4013 1032 4082 ordinis
1064 4012 1136 4079 eius
1164 4029 1303 4101 corpus·

142 4128 207 4179 seu
231 4112 438 4180 universitas
465 4110 616 4181 scandali
641 4113 739 4181 huius
763 4129 884 4200 expers
911 4111 972 4179 sub
1000 4111 1123 4178 silentii
1149 4112 1286 4180 tacitur-

176 4235 208 4302 1)
225 4240 254 4290 ut
271 4233 365 4290 wiirde
383 4234 474 4290 bessor
492 4237 557 4290 sein.

1034 4331 1090 4385 12*
