3052 4878
272 170 343 240 136
591 199 706 246 arconti
728 202 771 247 ur.
795 199 936 249 aornour.
958 201 1092 249 nerano.

190 349 257 404 1313
273 340 407 430 pilatus,
434 339 490 425 qui
504 355 572 407 non
590 339 637 406 ita
653 340 740 408 bene
755 345 943 408 meruerunt
969 341 1055 408 sicut
1079 341 1145 410 isti
1196 341 1323 409 Tamen
1343 359 1409 410 non
1517 373 1518 430 t

274 437 482 507 obstantibus
515 438 627 505 inultis
662 439 734 507 aliis
769 438 810 507 ab
839 457 880 508 eo
913 445 993 507 tunc
1025 437 1122 508 dictis
1156 439 1251 529 ipsos
1286 440 1409 510 audivit

274 537 428 606 devotius
456 555 554 624 quarn
581 537 767 607 credebam.

348 641 444 709 Pater
460 643 593 709 sancte!
619 643 726 710 Unum
749 642 828 710 nolo
851 643 1000 710 omittere
1028 638 1119 728 quod
1145 641 1256 710 audivi
1278 643 1320 711 ab
1345 642 1410 709 inr-

273 745 425 831 peratore
458 739 592 828 quando
617 742 724 810 abeo
749 743 884 810 recessi.
926 741 1028 809 Petivi
1050 746 1193 830 secrete,
1220 740 1310 828 quod
1333 741 1410 830 pla·
1483 751 1486 759 ’

274 846 365 907 ceret
390 839 468 906 milri
495 839 616 930 dicere,
644 839 723 927 quid
748 840 942 908 intendebat
969 840 1078 907 faeere
1105 839 1147 908 de
1171 845 1220 908 tot
1240 841 1350 927 galeis
1376 844 1409 911 iu

272 941 354 1006 nrari
381 938 619 1030 existentibus,
648 957 690 1008 ex
716 957 783 1026 quo
810 940 895 1007 tales
929 957 1113 1028 processus
1143 938 1316 1008 audiverat
1343 940 1411 1009 lieri

273 1045 390 1107 contra
404 1056 542 1123 regnunt
564 1035 684 1127 Apulia
700 1038 909 1106 invadentes.
949 1038 1068 1106 Induxi
1088 1043 1167 1106 tunc
1184 1056 1269 1129 cunr,
1298 1059 1412 1126 quan-

271 1144 339 1205 turn
364 1138 470 1227 potui,
498 1137 587 1225 quod
615 1144 749 1206 caveret
775 1155 901 1205 summe
928 1136 970 1204 de
995 1139 1176 1206 occasione
1196 1156 1409 1230 quacunque,

270 1255 330 1325 per
357 1254 455 1323 quarn
489 1237 633 1304 ecclesia
658 1234 806 1304 Romana
836 1236 975 1304 haberet
1000 1254 1135 1304 eausam
1160 1238 1268 1324 ipsunt
1296 1237 1410 1306 olien-

271 1334 373 1403 dendi
406 1334 531 1403 directe
556 1336 610 1403 vel
636 1335 807 1404 indirecte.
853 1335 895 1403 Et
920 1335 963 1402 ad
988 1337 1086 1403 istam
1112 1338 1281 1405 materiam
1308 1339 1411 1406 rnulta

272 1434 336 1501 sibi
364 1433 441 1502 dixi.
481 1434 575 1502 Tunc
601 1433 741 1502 ridendo
769 1440 801 1502 et
824 1435 919 1521 quasi
937 1453 989 1502 me
1012 1433 1218 1526 confortans
1247 1437 1303 1523 qui
1321 1439 1411 1504 rnul-

271 1539 337 1601 tum
359 1533 424 1601 hoc
439 1534 540 1620 timui,
567 1533 760 1623 respondit:
783 1533 861 1601 Silis
886 1534 1087 1601 consolatus.
1131 1533 1202 1600 Nos
1227 1536 1412 1604 credidimus

271 1633 441 1700 consilium
454 1637 640 1700 aestrorum
656 1632 851 1700 clericorum
864 1634 1056 1716 iuratorum,
1081 1638 1188 1700 utram
1203 1633 1411 1718 defendenda

269 1749 331 1798 nos
356 1731 461 1798 Deum
486 1733 706 1816 offendemus,
732 1737 765 1798 et
787 1736 894 1798 utram
920 1735 1087 1798 teneamur
1109 1732 1227 1817 facere
1251 1735 1411 1802 iustitiam

269 1834 303 1897 ct
327 1830 547 1914 delinquentes
569 1831 700 1916 punire,
731 1849 775 1897 ec
800 1848 864 1915 pao
890 1831 995 1898 Deum
1019 1847 1084 1897 nou
1110 1831 1304 1914 offendimus
1323 1851 1410 1918 pre·

268 1930 360 1996 dieta
389 1928 565 2012 faciendo,
591 1929 652 1996 scd
683 1931 790 2015 mapa
816 1931 1051 2014 offenderemus
1075 1930 1181 2015 ipsum
1206 1931 1411 1999 eontrarium

266 2027 437 2111 facientes.
478 2027 547 2094 Pro
563 2032 653 2094 certe
669 2029 811 2094 nondum
828 2027 1085 2111 deliberavimus,
1103 2033 1211 2096 ulrum
1230 2028 1409 2099 debeamus

267 2126 394 2192 intrare
405 2143 541 2210 requam
559 2127 613 2193 ecl
630 2143 705 2199 uon,
731 2144 792 2194 nee
806 2125 885 2194 bene
900 2126 1082 2195 deliberare
1093 2146 1281 2213 pessumas,
1302 2130 1410 2198 donee

269 2224 357 2290 alios
390 2241 537 2290 rumores
568 2225 775 2292 babuerimus
805 2227 845 2293 de
876 2244 953 2311 repe
984 2227 1168 2294 Frederico.
1221 2228 1315 2295 Tunc
1343 2247 1411 2316 ego

269 2322 448 2390 subiunxi:
474 2323 558 2390 Etsi
574 2326 645 2409 ipse
664 2325 824 2408 consulut,
851 2327 884 2392 et
906 2342 966 2392 uos
989 2326 1125 2408 intretis,
1146 2344 1244 2411 pape
1269 2343 1409 2394 encom-

268 2424 465 2488 muniealum
497 2439 556 2490 cos
582 2422 783 2490 denuntiabit
806 2428 840 2490 et
863 2428 986 2509 postea
1005 2426 1168 2508 procedet
1191 2426 1239 2491 ad
1262 2429 1411 2494 uestram

268 2522 510 2605 depositionem,
536 2523 621 2589 sicut
641 2523 768 2605 saalum
791 2522 856 2604 suit
871 2523 912 2591 de
934 2523 1117 2605 Frederieo,
1144 2525 1199 2608 pai
1216 2524 1283 2607 fuit
1296 2525 1409 2610 ditior,

266 2619 422 2704 nobilior,
449 2624 482 2687 et
500 2622 676 2706 potentior,
702 2625 735 2688 et
758 2623 900 2688 minores
925 2620 1063 2689 rebelles
1087 2619 1208 2701 babuit,
1236 2626 1270 2689 ct
1289 2624 1411 2708 plures

267 2721 402 2801 amieos,
429 2723 537 2785 tamen
558 2720 702 2801 dualiter
727 2721 870 2787 ecelesia
893 2722 999 2805 ipsum
1025 2721 1194 2788 destneeit.
1232 2722 1327 2790 Tunc
1357 2723 1410 2792 di-

269 2818 383 2884 cebat:
409 2817 445 2885 Si
470 2818 560 2885 narr
581 2837 646 2903 pro
671 2817 773 2902 nobis,
798 2835 859 2886 nec
883 2819 1032 2886 daminus
1051 2837 1156 2904 papa,
1182 2837 1243 2887 nec
1261 2822 1411 2889 eeclesia

267 2917 413 2983 destruet
436 2933 507 2999 nos,
533 2934 576 2982 eu
593 2935 657 3001 pac
673 2918 778 2985 Deum
795 2934 861 2983 non
886 2919 1086 3002 offendimus.
1128 2918 1219 2985 Bene
1242 2920 1411 3002 faciemus

261 3032 384 3099 pacem
408 3018 556 3081 nostram
581 3033 653 3083 eam
679 3017 808 3083 domine
829 3035 935 3102 popa,
960 3018 1039 3101 auia
1063 3015 1143 3083 bene
1162 3020 1284 3085 scimus
1311 3038 1412 3087 suam

266 3114 473 3180 intentionem
499 3114 554 3181 dia
578 3118 636 3198 cst,
663 3119 696 3182 et
719 3115 798 3182 bene
823 3114 915 3182 nodis
938 3133 1000 3200 per
1020 3120 1167 3183 nostnem
1184 3120 1410 3186 camerarium

272 3211 433 3278 Terricam
459 3213 499 3280 de
531 3213 668 3281 lilleson
684 3215 854 3280 mandauit
868 3214 959 3297 illud,
985 3215 1075 3298 qaod
1089 3215 1129 3281 de
1144 3214 1238 3284 nodis
1249 3218 1284 3286 in
1305 3219 1412 3286 corde

266 3308 387 3376 babuit.
435 3310 525 3378 Unde
549 3330 614 3379 non
641 3315 789 3394 timeatis,
816 3314 894 3397 qrria
918 3330 979 3379 nos
1005 3331 1070 3380 non
1095 3314 1249 3382 timemus.
1299 3315 1410 3384 Petiui

267 3427 326 3496 pro
358 3410 465 3494 gratia
491 3412 645 3501 speciali,
678 3418 714 3479 ut
739 3412 817 3478 mihi
843 3411 924 3480 illud
950 3411 1093 3502 diceret,
1121 3419 1154 3481 et
1178 3413 1243 3482 hoc
1267 3417 1410 3504 propter
1517 3501 1518 3510 ἢ

266 3526 372 3576 rnearn
399 3509 572 3575 maximam
600 3512 874 3579 consolationem.
1517 3527 1518 3606 ζ

341 3606 409 3674 lsta
429 3605 490 3674 suit
505 3605 643 3676 intenlio
659 3610 835 3678 verborum
856 3627 999 3678 suorum.
1026 3609 1123 3677 Pater
1145 3610 1280 3676 sanate!
1308 3609 1410 3680 Licet
1517 3613 1518 3616 ’

267 3705 308 3773 de
335 3706 438 3774 verbo
465 3705 508 3774 ad
535 3707 670 3774 verbum
696 3727 764 3776 non
792 3711 858 3776 sint
883 3707 1000 3776 cedern
1023 3709 1135 3797 verba,
1163 3714 1274 3776 tamen
1294 3716 1410 3780 certus

268 3823 350 3896 surn,
379 3805 468 3892 quod
496 3811 548 3873 cst
574 3805 691 3874 eadern
717 3809 892 3876 sententia.
936 3805 1033 3887 Quod
1055 3807 1215 3874 sanctitas
1242 3815 1358 3877 vestra
1387 3830 1409 3879 a

265 3906 425 3992 principio
453 3921 527 3972 euru
554 3905 600 3972 ita
633 3908 697 3973 cito
725 3906 938 3995 approbavit,
966 3907 1043 3974 licet
1069 3907 1179 3973 nrultis
1206 3905 1410 3995 displiceret

265 4009 299 4070 et
311 4002 460 4091 magnis,
487 4005 532 4072 ita
554 4005 718 4073 curialiter
736 4003 777 4072 de
793 4005 907 4090 legato
926 4005 989 4072 srbi
1002 4005 1157 4094 prouidit,
1184 4011 1220 4073 ut
1241 4007 1276 4073 in
1294 4006 1408 4076 Lurn-

262 4101 380 4171 bardia
414 4109 557 4192 possent
591 4122 707 4173 omnes
733 4103 845 4171 videre
873 4103 1024 4172 allectum
1051 4110 1195 4173 vestrum
1223 4106 1406 4199 sincerum,

264 4217 360 4291 quem
395 4200 437 4270 ad
471 4222 567 4274 suurn
600 4203 812 4292 nraguiioum
847 4209 967 4275 statum
1002 4203 1175 4275 habebatis
1183 4259 1193 4295 ,
1227 4210 1265 4273 ut
1302 4207 1408 4278 citius
