3044 4882
452 185 594 233 ronrnuas
614 185 826 233 urcuourmsrs.
862 185 886 253 1,
905 188 928 239 5.
1199 160 1269 232 289

129 321 179 392 lic
196 323 401 392 dissensione
422 325 457 390 in
476 342 589 411 repno,
607 325 648 392 de
666 323 862 396 bernbardo
877 327 961 396 duee
977 323 1156 410 numnis,
1174 329 1269 396 aaa

226 439 289 507 qne
313 421 538 490 tondentibus.
1131 427 1213 512 Cup.
1239 445 1268 495 o.

199 516 299 589 Anno
327 520 451 590 domini
477 522 635 590 m.cc.l.vi.
652 531 794 593 vacante
819 543 927 612 regno
947 530 980 593 et
1005 527 1144 613 imperio
1172 545 1265 594 sum·
1288 535 1354 588 1256

129 637 201 686 mus
228 619 379 708 pontifex
405 621 606 690 electoribus
633 622 777 713 mandat,
804 631 842 692 ut
867 626 972 692 virum
1007 624 1175 713 ydoneum
1203 626 1268 693 ali-

128 723 224 808 gana·
261 719 317 806 qui
350 721 422 787 iura
457 721 601 788 ecclesie
636 720 813 812 defendat,
848 723 1002 792 iudicium
1039 730 1073 791 et
1104 725 1268 792 iustioram

79 845 82 850 ·
131 825 296 906 exerceat,
325 825 358 887 et
383 821 478 906 regni
504 819 733 905 gubernacula
759 821 898 910 provide
925 823 1100 910 possideat
1126 841 1166 892 ac
1192 823 1267 891 dis·

127 921 242 1004 ponat.
275 915 337 997 Qui
354 917 431 986 dum
454 920 673 988 convenirent
690 920 824 1007 quidam
850 939 963 1008 regern
988 920 1148 990 Bobemie
1167 919 1267 990 Otta-

126 1015 240 1084 karum
275 1017 458 1103 elegerunt.
500 1017 569 1086 Sed
608 1020 740 1086 rennuit
766 1019 899 1094 dicens:
926 1038 963 1087 se
990 1022 1072 1087 doto
1096 1019 1157 1088 sibe·
1182 1022 1266 1089 dioi-

127 1115 213 1181 nitns
237 1113 348 1201 plocio
372 1119 566 1184 contentari.
598 1115 838 1187 Nichilominus
866 1137 938 1186 curn
958 1119 1094 1207 presule
1112 1119 1263 1206 Mogun-
1283 1139 1349 1194 1257

125 1214 195 1281 tino
223 1218 257 1282 et
282 1214 472 1283 marchione
500 1214 542 1283 dc
568 1215 829 1287 Brundenburcb
854 1214 999 1286 Aliunso
1026 1220 1098 1304 regi
1118 1217 1263 1288 Castellc

126 1311 246 1402 optulit
280 1319 360 1382 vota
394 1331 471 1403 sua,
499 1313 663 1382 arbitrans
693 1317 722 1383 si
750 1317 903 1385 ellectum
930 1335 992 1385 sua
1017 1319 1157 1388 intentio
1184 1337 1265 1388 sor-

122 1413 247 1502 tiretur,
274 1414 349 1502 ipse
376 1415 449 1482 sine
476 1413 607 1482 ollensa
628 1413 776 1501 hiisque
799 1421 916 1484 contra
940 1417 1112 1504 imperium
1138 1436 1264 1506 apprc-

119 1509 285 1580 hendemt
310 1513 480 1600 potiretur.
516 1513 735 1581 Treverensis
757 1513 972 1582 Coloniensis
1000 1515 1173 1584 Palatinus,
1196 1515 1270 1585 dux.

122 1609 271 1678 Saxonie
296 1612 331 1678 in
357 1609 501 1693 tratrem¹
517 1613 607 1697 regis
632 1608 755 1697 Anglie
781 1611 979 1681 Richardum
1006 1615 1159 1682 comitem
1176 1613 1263 1682 Cor·

119 1708 223 1776 nobie
259 1726 322 1776 sua
357 1709 521 1778 desideria
558 1711 815 1802 transtulerunt,
845 1713 905 1780 rati
933 1730 970 1781 se
997 1714 1103 1780 maius
1129 1731 1173 1780 cx
1198 1713 1263 1782 hoc

121 1807 381 1876 emolumentum
416 1809 587 1878 babituros
623 1828 664 1877 eo
704 1810 794 1897 quod
830 1829 889 1878 rex
920 1808 1043 1897 Anglie
1074 1829 1146 1880 cum
1182 1831 1262 1898 rcgc

119 1907 263 1976 Francia
297 1909 515 1994 gravissimas
550 1914 685 1995 gereret
711 1911 919 2000 simultates,
956 1917 992 1977 ut
1018 1910 1082 1978 sibi
1108 1919 1262 1998 questum

120 2011 162 2074 ct
185 2005 317 2075 divitius
349 2008 567 2080 cumularent.
612 2007 655 2075 Et
679 2007 856 2098 utrobique
881 2009 1011 2077 inlinita
1036 2016 1171 2098 recepta
1195 2029 1262 2098 po·
1299 2095 1300 2099 Ἴ

115 2105 220 2172 cunia
252 2124 391 2193 regnum
427 2113 460 2174 et
494 2104 717 2176 sacerdotium
744 2107 945 2199 polluerunt,
977 2109 1011 2176 iu
1050 2108 1261 2196 diversisque

112 2205 216 2289 regni
235 2205 387 2293 partibus
415 2207 581 2276 scissuras
600 2211 634 2274 et
651 2205 760 2274 licium
787 2209 944 2276 materias
965 2207 1109 2276 diutinas
1138 2215 1271 2277 tenue.

113 2308 205 2372 runt.
239 2304 336 2373 Unde
361 2305 547 2374 luvenalis:

212 2403 342 2495 „Prima
368 2405 566 2494 peregrinos
593 2403 742 2472 obscena
768 2401 910 2489 pecunia
935 2420 1047 2470 mores

249 2502 372 2594 Intulit,
400 2509 434 2572 et
463 2505 549 2592 turpi
566 2502 746 2589 'fregerunt
770 2499 885 2568 secula
910 2500 990 2568 luxu

245 2599 366 2671 Divitie
392 2600 549 2670 rnollesf‘
604 2673 608 2678 ,

116 2700 246 2789 Sisque
281 2719 421 2788 regnum
455 2701 684 2790 collidebatur,
711 2700 900 2787 habitisque
927 2700 1062 2786 regibus
1097 2705 1130 2768 et
1163 2703 1260 2788 quasi

113 2817 190 2868 non
225 2801 361 2886 regibus
395 2800 595 2870 calcabatur.
635 2801 875 2887 Unusquisque
910 2798 1000 2886 quod
1037 2800 1099 2867 sibi
1134 2806 1259 2868 rcotum

113 2900 227 2968 visum
261 2897 368 2968 luerat
402 2898 563 2991 iaciebat,
600 2917 663 2968 sua
689 2898 827 2986 quilibet
853 2905 1010 2986 quantum
1036 2904 1167 2987 potorat
1193 2899 1258 2968 de-

113 2997 296 3090 tendebat,
331 2999 415 3068 alter
440 3005 557 3068 contra
590 2997 852 3092 alterum-dolus
879 2998 1019 3066 insidias
1048 3001 1257 3087 captivitates

111 3097 275 3166 incendia
307 3105 407 3185 atque
440 3099 549 3188 spolia
586 3097 920 3187 exercebatftsuper
945 3099 1064 3184 quibus
1092 3098 1257 3185 malignus

113 3197 258 3284 quilibet
283 3197 407 3266 nullius
433 3216 554 3286 penam
578 3196 634 3265 vcl
660 3195 817 3264 iudicium
843 3195 1020 3264 metuebat.
1049 3195 1171 3291 Sicque
1197 3216 1257 3286 per

110 3295 274 3364 mundum
290 3296 439 3386 procella
453 3295 551 3364 lruius
572 3295 711 3364 turbinis
726 3295 879 3364 seviebat
900 3295 985 3362 sicut
1002 3295 1146 3384 Prosper
1161 3296 1255 3364 dicit:

215 3395 342 3484 „Impia
369 3395 513 3464 contuso
540 3397 628 3464 sevit
654 3392 822 3463 discordia
848 3390 1005 3462 mundo.“

191 3493 265 3563 Hoc
285 3513 374 3564 anno
398 3495 531 3563 inclitus
550 3494 618 3563 dux
642 3491 855 3562 Bernhardus
882 3491 1052 3560 llarintbie
1069 3492 1168 3560 rebus
1188 3511 1252 3562 ex·
1270 3500 1336 3555 1256

111 3594 225 3662 cessit
249 3593 413 3684 numanis,
436 3601 470 3662 ct
486 3596 521 3661 in
540 3595 745 3663 monasterio
767 3592 875 3660 sancti
900 3591 994 3658 Pauli
1020 3593 1052 3659 in
1079 3591 1165 3660 valle
1180 3591 1252 3660 La-

108 3693 253 3761 ventina
287 3692 415 3762 ordinis
451 3693 540 3762 beati
575 3691 748 3760 Benedicti
779 3709 851 3758 cum
879 3692 998 3778 priscis
1025 3689 1164 3758 ducibus
1191 3709 1263 3760 sc·-

106 3789 250 3880 pelitur.
291 3791 354 3861 llic
389 3793 588 3862 curiositatis
625 3808 726 3860 causa
764 3807 836 3858 cum
870 3789 1013 3876 quodam
1040 3805 1103 3857 suc
1130 3789 1251 3858 dilecto

105 3906 251 3958 suorum
285 3897 490 3961 secretorum
524 3891 662 3960 conscio
697 3888 854 3981 mundum
887 3889 1031 3961 lustrans
1066 3885 1252 3979 vonitrlr-

106 3990 289 4075 gentinam
321 3987 470 4059 Altzacie
505 3992 686 4078 civitatem,
722 3995 755 4056 et
779 3987 900 4056 ibidem
927 3987 1079 4074 quesitus
1105 3987 1260 4077 undique-

107 4089 311 4177 repperitur,
329 4093 362 4158 et
377 4107 438 4179 per
454 4107 582 4158 crucem
601 4087 662 4157 sibi
680 4093 854 4156 connatam
873 4089 958 4154 intcr
972 4087 1138 4174 scapulas
1156 4087 1258 4156 ducis

99 4185 283 4257 Karintbie
301 4187 388 4258 tilius
404 4190 560 4275 cognitus
582 4207 601 4256 a
619 4182 835 4274 querentibus
853 4186 1084 4274 proclamatur.
1119 4185 1249 4256 Deinde

138 4309 276 4351 uornrurrn
295 4313 396 4354 nonnus
417 4311 440 4354 1.
1015 4294 1047 4348 19
