3002 4880
286 145 332 214 22
599 173 744 222 canonica
765 173 802 220 or
823 174 922 220 easrrs
940 173 1107 220 rnrncrrmr.

286 319 413 382 annuat
456 312 659 401 deprecanti.
716 311 758 378 Et
792 329 865 379 cum
905 312 1147 379 convenissent
1179 312 1274 381 ambo
1307 312 1402 382 duces

286 412 471 482 amicabilia
502 413 589 479 inter
623 428 661 479 se
693 412 833 479 miscent
866 410 1047 497 colloquia3
1075 410 1136 478 sed
1162 413 1300 482 maxime
1326 430 1404 480 con·

287 511 457 580 solabatur
490 510 686 579 avunculum
726 527 821 578 suum
855 516 979 596 quanta
1008 511 1115 596 potult
1146 510 1281 580 lenitate
1314 528 1406 598 snper

287 616 392 678 morte
410 611 500 696 regis
518 611 625 678 soceri
645 610 707 699 sui,
728 614 761 676 et
775 607 920 696 spondet
938 611 968 677 ci
981 608 1179 678 benefacere
1194 615 1227 677 et
1240 609 1406 697 dompnum

288 707 378 796 quod
409 710 453 777 ibi
485 727 557 776 oum
593 710 663 777 suis
695 713 870 797 acceperat
903 709 1045 796 pecunia
1072 726 1222 794 congrua
1247 710 1406 778 resarcire.

287 809 435 876 Excusat
468 825 505 876 se
538 809 636 876 etiam
661 806 750 895 apud
776 825 850 876 cum
877 812 910 874 et
936 809 1021 876 alios
1046 809 1230 896 principes,
1258 806 1300 875 de
1325 808 1406 892 regis

287 909 434 996 interitu,
461 925 505 974 nc
532 906 617 974 sorte
645 906 708 973 sibi
734 906 854 994 aliquis
880 907 1094 994 impostorum
1120 907 1333 997 improperet,
1359 905 1407 974 di·

286 1006 412 1075 condo:
446 1006 594 1073 occidisti
619 1009 652 1072 et
674 1007 807 1090 insuper
827 1007 1022 1090 possedisti,
1048 1005 1165 1074 tlioens
1192 1023 1231 1072 ao
1258 1005 1407 1074 simulans

287 1123 325 1172 se
358 1104 429 1172 lore
464 1104 629 1172 turbatum
662 1121 761 1191 super
792 1108 896 1172 morte
928 1106 1037 1193 regis,
1071 1109 1105 1174 et
1129 1122 1198 1173 non
1223 1103 1328 1172 luisse
1354 1120 1407 1172 suo

286 1204 479 1272 intentionis
511 1202 566 1271 vel
600 1203 780 1272 voluntatis
814 1204 922 1290 ipsum
958 1201 1082 1293 occidi,
1119 1201 1180 1270 sed
1214 1205 1339 1272 tantum
1374 1219 1408 1270 se

286 1303 372 1371 velle
398 1308 524 1389 partem
550 1301 782 1370 hereditariam
808 1300 996 1370 defensare.
1042 1301 1080 1370 ln
1106 1302 1194 1370 hunc
1219 1302 1352 1371 modum
1375 1318 1408 1368 so

287 1419 479 1490 expurgans
494 1405 528 1470 et
543 1401 654 1469 scelus
681 1403 904 1491 commissum,
931 1405 1089 1488 quantum
1112 1401 1229 1491 potuit,
1256 1401 1406 1490 palliavit

360 1500 493 1570 Mortuo
527 1501 626 1586 igitur
650 1498 773 1569 Adollo
808 1517 889 1586 roge
916 1518 956 1568 ac
980 1501 1117 1589 imperio
1144 1506 1296 1589 vacante,
1322 1501 1409 1588 prin-

286 1601 395 1689 cipes,
431 1598 474 1668 ad
501 1617 586 1687 quos
609 1602 665 1684 J'us
693 1600 831 1687 respicit
857 1598 1022 1689 eligendi,
1049 1604 1085 1666 ut
1110 1598 1251 1667 celerius
1278 1602 1411 1668 tractent

285 1700 371 1767 inter
387 1717 425 1766 se
441 1700 562 1766 mutuis
581 1700 711 1768 nunciis
728 1697 771 1765 de
786 1697 851 1766 alio
865 1699 961 1783 regni
974 1704 1113 1787 rectore,
1132 1699 1198 1768 cito
1213 1699 1411 1768 conveniunt

287 1802 322 1867 ot
347 1797 523 1866 consilium
541 1799 666 1867 incunt
691 1797 733 1866 Et
753 1794 888 1865 tandem
914 1798 1130 1867 consentiunt
1154 1803 1188 1864 et
1214 1796 1412 1866 concordant

286 1897 321 1964 in
347 1894 465 1963 ducem
499 1892 644 1986 Austrie,
680 1897 827 1963 scientes
853 1897 963 1983 ipsum
989 1913 1068 1966 esso
1094 1897 1198 1966 uirum
1224 1903 1411 1965 strennuum

287 1999 320 2062 et
344 1993 543 2082 prudentem
577 2000 610 2062 et
639 1995 811 2083 perutilem
837 1993 880 2062 ad
905 1997 1001 2081 regni
1025 1995 1164 2079 negotia
1189 1993 1411 2082 gubernanda.

286 2092 354 2161 Sed
389 2094 467 2179 quia
500 2095 573 2182 ipse
601 2099 678 2161 ante
704 2094 795 2178 regis
823 2092 947 2161 obitum
953 2146 963 2183 ,
992 2092 1208 2182 quorumdam
1234 2096 1410 2183 principun

286 2193 485 2278 acquisierat
519 2193 659 2305 gratiam
693 2197 728 2260 et
761 2191 925 2281 savorem,
953 2193 995 2260 ab
1021 2191 1085 2262 biis
1111 2192 1195 2261 clam
1220 2200 1360 2262 vocatur
1382 2195 1412 2258 ct

202 2296 400 2379 raoapresto
433 2294 501 2381 est,
539 2296 573 2360 et
605 2292 689 2379 ipsis
723 2292 757 2359 in
791 2308 892 2358 unum
926 2290 1207 2362 concordantibus
1239 2295 1312 2379 pari
1336 2296 1423 2382 voto¹

210 2390 266 2496 ³2⁰2
237 2389 418 2496 ⁷cligitur
438 2394 471 2457 et
488 2391 530 2458 ab
549 2391 598 2458 eis
617 2389 758 2458 celerius
776 2388 996 2461 confirmatur
1022 2390 1143 2460 Verum
1169 2396 1246 2460 ante
1274 2390 1411 2460 electio-

219 2443 363 2557 2⁷nem
393 2491 478 2578 ipsc,
505 2493 542 2557 ut
566 2489 665 2558 lromo
693 2490 847 2578 sapiens,
876 2505 1017 2558 exorsus
1045 2495 1098 2557 est
1124 2489 1167 2558 ad
1194 2507 1255 2558 eos
1282 2489 1412 2558 dicens:

285 2587 322 2656 Si
353 2589 401 2656 od
430 2586 517 2656 ltooo
551 2589 741 2675 dignitatem
774 2588 875 2656 alitem
904 2605 1100 2673 promovere
1133 2589 1345 2656 marmaritis
1368 2602 1414 2654 ore

286 2687 429 2770 dimisso,
456 2695 565 2754 coeco
590 2691 647 2753 ool
646 2689 674 2754 ts
633 2687 847 2754 tomellus
873 2691 906 2753 el
924 2686 1085 2772 portdedo.
1111 2687 1413 2770 stereometriam

285 2802 345 2854 eos
376 2786 462 2854 seire
486 2787 579 2870 oolo,
611 2786 700 2870 qood
718 2803 784 2870 pro
808 2784 932 2854 decore
956 2783 1050 2854 dotem
1074 2787 1241 2871 reginonis
1264 2803 1333 2852 ooo
1352 2802 1413 2870 po-

284 2886 393 2970 gnoot,
417 2901 477 2952 cce
494 2883 594 2952 cltcct
618 2883 801 2952 molestiora
824 2883 926 2960 detuli,
951 2887 988 2950 ot
1010 2885 1101 2952 illum
1121 2885 1282 2954 demerem
1299 2889 1338 2952 ot
1357 2899 1413 2968 epo

285 2983 466 3050 ecoltorer.
517 2982 622 3050 Huius
658 2988 767 3050 autern
802 2983 849 3050 rei
883 2983 1057 3051 veritatem
1090 2983 1182 3071 Deo,
1211 2984 1266 3070 qui
1292 2982 1414 3052 vindex

285 3081 443 3148 malorum
479 3087 531 3149 ost
557 3087 590 3149 et
616 3087 821 3150 secretorum
846 3084 1018 3171 cognitor,
1054 3082 1116 3150 hec
1143 3088 1177 3150 ot
1202 3082 1267 3150 alia
1290 3084 1415 3150 incerta

284 3181 531 3294 committimus,
564 3181 620 3267 qui
645 3182 679 3248 in
706 3179 759 3248 die
791 3181 973 3248 novissimo
999 3181 1095 3250 vivos
1123 3186 1156 3247 et
1181 3187 1332 3250 mortuos
1354 3184 1412 3265 ju-

283 3277 415 3368 dicabit,
441 3281 475 3346 in
502 3277 619 3348 diebus
646 3280 836 3349 novissimis
862 3277 1052 3348 declarabit.
1079 3280 1159 3348 Post
1175 3280 1239 3347 boc
1265 3279 1412 3366 suscepit
1487 3329 1488 3374 ἒ

203 3395 263 3437 rur
281 3377 452 3466 imperium
487 3384 521 3446 ot
549 3396 618 3446 non
643 3378 746 3446 multo
771 3382 850 3465 post
875 3379 948 3466 ipse
974 3395 1047 3446 oum
1072 3396 1177 3447 uxore
1204 3395 1411 3446 consecrari·
1487 3375 1488 3380 ’

218 3450 334 3545 arm,
361 3469 978 3564 etparitercoronantur.Prolecto1
1005 3494 1079 3544 oum
1104 3482 1183 3565 post
1208 3477 1330 3546 multos
1357 3477 1410 3545 la·

282 3575 445 3643 borest
411 3581 445 3643 et
469 3594 591 3662 magna
617 3593 768 3663 expensa
787 3577 930 3664 pecunia
949 3593 1089 3660 regnum
1108 3594 1181 3644 cnm
1207 3577 1412 3644 instrumen-
1486 3663 1487 3668 Ἰ

283 3676 325 3744 tis
359 3674 529 3760 regalibus
563 3676 788 3762 suscepisset,
826 3673 1002 3761 tranquilla
1035 3673 1177 3744 redeunt
1203 3681 1355 3762 tempora
1381 3677 1413 3740 et
1486 3691 1487 3766 p

284 3775 394 3842 omnia
419 3773 597 3861 praliorum
623 3771 833 3840 incommoda
859 3774 1043 3861 sopiuntur.

358 3871 427 3940 Sed
459 3891 532 3940 crnn
565 3873 663 3940 etiam
696 3871 798 3956 longe
830 3872 965 3959 latoque
998 3890 1057 3960 per
1091 3870 1224 3939 diversa
1254 3875 1414 3938 terrarum

282 3973 390 4057 spatia
417 3970 503 4040 lama
528 3971 710 4039 communis
737 3968 984 4060 divulgaretur,
1012 3987 1112 4058 super
1138 3969 1283 4038 inlausta
1307 3971 1414 4036 morto

317 4131 347 4196 l]
365 4130 425 4185 Pice
449 4133 494 4186 mit
516 4134 603 4186 einem
628 4129 707 4184 striob
732 4129 799 4185 iiber
823 4130 873 4183 tlon
898 4129 993 4185 beiden
1018 4129 1115 4184 letzlen
1135 4128 1293 4183 buohstaben
1311 4127 1357 4182 bat
1375 4127 1417 4181 die
1485 4105 1486 4142 l

280 4199 335 4269 lrs.;
354 4199 444 4254 Oelole
462 4201 537 4254 liest:
555 4200 616 4256 Post
634 4201 692 4255 beo.
