3096 4882
486 220 588 264 nnrrrn
610 220 744 266 nunwrcs
764 221 818 266 ors
839 221 954 266 narrar.
1224 192 1294 262 193

158 358 192 426 in
224 353 279 425 die
313 356 412 424 beate
448 355 623 426 Catharlne
657 359 797 444 virginis
830 358 1058 445 subsequente
1093 360 1128 426 in
1160 360 1293 430 civitate

158 461 273 524 nostra
299 456 405 542 regali
430 453 583 544 Aquensi
610 475 683 525 cum
709 476 749 526 ea
776 476 843 545 qua
867 457 1015 543 regalem
1037 456 1150 526 decuit
1176 460 1294 528 excel·

157 555 291 624 lentiam
317 557 506 624 reverentia
529 558 691 647 suscepti,
720 562 753 624 et
771 558 959 625 intronizati
979 558 1014 623 in
1034 556 1179 625 ecclesia
1195 557 1293 627 beate

157 652 264 722 Maria
298 656 438 740 virginis
472 654 610 746 ibidem,
637 656 715 724 loco
744 655 787 723 ad
813 655 877 725 hoc
903 657 1022 744 solito,
1051 648 1103 722 311
1130 674 1202 724 cum
1230 675 1293 725 so-

156 752 405 842 lempnitatibus
432 755 604 822 consuetis
633 761 666 822 et
692 751 813 822 debitis
839 757 967 840 regium
988 755 1195 841 suscepimus
1215 754 1291 824 dia-

157 850 265 920 dema.
303 852 346 920 111
366 856 431 922 lam
447 853 559 921 divina
584 860 787 942 cooperante
806 853 980 922 clementia
997 854 1031 920 13
1049 852 1292 938 gubernatione

157 950 256 1020 huius
284 954 379 1037 regni
406 954 513 1021 nostri
548 970 730 1021 successus
757 952 918 1021 habemus
945 969 1127 1041 prosperos
1155 952 1292 1021 311311-

157 1066 216 1118 ees
241 1058 342 1139 prout
368 1054 465 1120 etiam
492 1052 589 1119 vobis
614 1052 745 1140 plenius
772 1052 893 1140 poterit
920 1069 1083 1141 enarrare,
1112 1069 1210 1138 quem
1232 1070 1291 1140 pro

156 1149 391 1238 comparandis
409 1151 507 1219 nobis
526 1150 723 1238 quibusdam
741 1152 869 1219 exeniis
895 1152 929 1219 in
954 1157 1066 1239 partes
1092 1149 1292 1220 Lombardie

156 1245 416 1341 destinavimus,
452 1258 486 1318 et
511 1249 663 1317 eumdem
694 1267 754 1336 pro
781 1257 897 1318 nostra
922 1250 1109 1318 reverentia
1134 1249 1232 1318 vobis
1258 1252 1293 1320 in

155 1348 312 1416 omnibus
325 1347 476 1417 babeatis
491 1350 752 1417 recommissum.
794 1348 1002 1416 Fidelitatem
1020 1350 1133 1436 itaque
1148 1355 1293 1418 vestram

156 1448 354 1534 requirimus
377 1454 613 1538 3133331333,
641 1453 806 1535 quatenus
826 1465 886 1534 pro
902 1448 992 1516 bono
1015 1454 1106 1516 statu
1132 1454 1292 1516 terrarum

154 1550 190 1613 31
214 1545 356 1634 pacifico
382 1546 614 1616 conservando
640 1547 728 1614 siout
750 1548 975 1614 consuevistis
1002 1545 1166 1614 hactenus
1194 1565 1291 1635 opem

153 1648 190 1711 et
214 1662 349 1733 operam
376 1648 563 1736 apponatis,
591 1663 767 1733 quousque
799 1646 946 1730 negotiis
972 1647 1098 1733 imperii
1124 1645 1158 1712 in
1183 1648 1290 1734 parti-

151 1741 217 1812 bus
250 1740 424 1813 Alemanic
454 1750 552 1834 prout
582 1750 804 1834 opportunum
830 1742 927 1812 luerit
952 1743 1145 1834 (1133331113,
1172 1747 1290 1833 possi-

153 1859 228 1909 mus
246 1844 280 1910 13
301 1843 451 1932 partibus
467 1842 666 1912 Lomhardie
693 1842 735 1911 de
760 1844 855 1932 pacis
883 1844 1119 1912 conservantia
1144 1842 1290 1911 uberiori

151 1940 366 2030 providentia
389 1942 571 2030 perfectius
592 1943 750 2028 cogitare.
791 1941 899 2030 Super
921 1959 989 2030 quo
1005 1942 1151 2010 breviter
1168 1941 1209 2010 ad
1225 1961 1288 2011 vos

51 2108 55 2124 ,
149 2037 307 2128 ydoneos
334 2048 470 2111 nostros
498 2043 639 2109 nuncios
667 2043 940 2109 transmittemus.
979 2041 1067 2110 Data
1092 2041 1288 2134 Wormatie,

151 2157 174 2205 v
200 2137 245 2208 id.
270 2141 348 2231 ian,
375 2142 470 2228 regni
496 2142 602 2209 nostri
628 2157 717 2209 anno
742 2141 847 2228 primo
862 2131 885 2209 ².

230 2351 259 2412 2.
280 2350 408 2428 Ludwig
429 2353 596 2416 rb'mischer
617 2354 710 2429 konig
731 2353 867 2415 schreibt
889 2354 958 2416 dem
977 2352 1091 2428 herzog
1101 2351 1219 2414 lohann.
1231 2368 1291 2416 von

278 2433 428 2514 Brabant,
457 2435 529 2496 dass
560 2452 594 2497 er
614 2438 670 2497 mit
692 2434 759 2496 dem
778 2436 894 2510 herzog
915 2449 973 2496 von
996 2433 1152 2497 Oestrelch
1172 2435 1205 2496 ln
1225 2436 1290 2496 133·

277 2515 375 2579 brock
402 2516 511 2579 iedoch
545 2518 624 2579 ohne
662 2517 819 2592 ergebniss
846 2516 1031 2579 beisemmen
1066 2532 1209 2590 genesen
1235 2521 1290 2595 sei,

278 2596 350 2658 dass
380 2615 413 2659 er
442 2602 516 2660 letzt
536 2600 616 2661 nach
637 2599 741 2661 Trient
762 2599 853 2678 gelre,
874 2598 978 2659 wohln
999 2613 1033 2658 er
1057 2597 1105 2658 die
1126 2597 1288 2660 lombardi-

279 2679 374 2741 schen
402 2681 612 2743 reichsstdnde
639 2681 827 2743 bescbieden
854 2679 931 2741 habe
944 2726 952 2759 ,
976 2679 1048 2740 dass
1070 2695 1103 2740 er
1123 2678 1218 2741 daher
1240 2679 1289 2742 die

275 2761 332 2823 aui
357 2762 416 2823 (133
444 2763 647 2824 9131333313
676 2763 834 2838 Nllrnberg
861 2766 995 2838 gesetzte
1022 2762 1289 2824 zusammenkunft

275 2843 331 2904 auf
343 2844 402 2905 den
421 2848 440 2905 8
458 2848 541 2906 mlirz
556 2844 754 2908 versehleben
775 2848 888 2924 (311333,
909 2843 971 2906 und
994 2843 1065 2905 dass
1088 2860 1121 2905 er
1142 2844 1287 2906 sehlless·

273 2925 336 3000 lich
359 2925 427 2988 dem
447 2927 647 3003 llberbringer
673 2927 817 2989 Heinrich
837 2943 896 2988 von
918 2926 1129 3004 Gumpenberg
1154 2926 1287 3004 glauben

274 3006 445 3071 heimessen
465 3013 562 3084 mbge.
604 3009 762 3088 lnsbrueh,
786 3011 945 3070 1327133.

223 3150 405 3221 Ludwlcus
428 3152 482 3221 dei
505 3156 612 3239 gratia
630 3154 839 3221 sacrosancti
855 3151 992 3220 Romani
1015 3155 1141 3240 imperii
1157 3171 1286 3241 procu-

150 3256 242 3320 rator
269 3269 401 3340 semper
428 3258 603 3339 augustus.
642 3252 765 3320 Illustri
788 3253 925 3341 principi
947 3251 1086 3318 Iohanni
1107 3249 1285 3322 (1331133-

147 3351 279 3441 vancie‚
308 3353 412 3419 amico
440 3351 504 3419 sibi
530 3351 664 3442 dilecto,
691 3353 830 3437 gratiam
858 3369 952 3418 suam
976 3350 1142 3418 etsalotis
1168 3353 1284 3419 incre-

146 3455 307 3518 mentum.
355 3448 640 3536 Quemadmodum
670 3467 777 3538 nuper
803 3469 823 3516 a
848 3456 881 3517 te
908 3451 1106 3518 recessimus
1133 3450 1182 3518 sie
1209 3468 1283 3518 cum

146 3546 249 3616 lratre
267 3555 385 3617 nostro
403 3601 411 3618 .
427 3601 435 3618 .
450 3549 536 3618 (1333
550 3546 684 3618 Austrie
702 3549 920 3617 convenimus
939 3555 971 3616 et
987 3548 1136 3638 pluribus
1165 3547 1283 3616 diebus

148 3664 253 3736 super
279 3649 455 3716 nostriset
479 3650 607 3736 imperii
623 3649 775 3734 negociis
798 3649 948 3716 stetimus
967 3650 1001 3714 in
1018 3646 1191 3737 Inspmha,
1219 3666 1284 3715 nec

148 3744 192 3813 ad
218 3745 323 3832 ligem
349 3747 493 3835 aliquam
519 3764 640 3815 novam
661 3753 717 3814 aut
733 3749 890 3815 unionem
916 3763 1030 3814 secum
1054 3747 1282 3835 processimus

145 3845 213 3912 ista
238 3846 325 3913 vice.
366 3845 444 3934 lpse
470 3863 550 3915 vero
577 3863 666 3914 nuno
690 3847 834 3916 recessit
859 3850 893 3914 et
918 3845 961 3914 ad
980 3841 1147 3912 Austriam
1174 3844 1283 3913 decli-

145 3945 249 4012 navit.
303 3942 375 4012 Nos
408 3962 488 4014 vero
522 3947 615 4014 iuxta
650 3945 825 4014 consilium
857 3951 946 4012 tuum
979 3960 1120 4029 gressus
1147 3950 1282 4014 nostros

183 4101 213 4168 l]
231 4103 292 4156 loco
310 4107 337 4156 et
354 4102 453 4157 adhoc
470 4104 547 4158 solito
574 4119 630 4159 cum
647 4103 735 4158 113331.
776 4103 808 4170 2)
825 4102 956 4156 Natiirllch
974 4119 1030 4158 war
1047 4104 1133 4157 dieser
1149 4103 1220 4158 briel
1231 4108 1284 4160 wie

142 4170 267 4250 mehrere
291 4171 339 4226 der
361 4172 428 4225 noch
452 4146 592 4294 lolffienden
616 4174 659 4252 ein
683 4171 877 4240 encyhliscber,
901 4172 1018 4228 welcher
1034 4173 1136 4228 mutatis
1153 4173 1284 4230 mutandis

142 4251 179 4292 an
195 4237 258 4293 rede
277 4239 346 4293 stadt
364 4238 410 4293 der
426 4239 489 4294 Lom
508 4241 579 4297 arder
597 4240 724 4310 genchlel
740 4238 838 4295 worda.

180 4337 311 4380 nonnunn
331 4337 433 4380 romnus
454 4335 477 4380 1.
1050 4327 1082 4379 13
