3096 4882
248 140 320 210 218
583 170 687 215 antara
709 170 843 216 nnutvrcs
864 170 917 216 nas
939 171 1053 216 urrann.

298 307 347 370 at.
369 303 491 368 Eduard
518 304 555 366 lll
583 304 678 380 lrdnig
708 321 768 368 von
793 303 932 378 England
967 303 1177 381 entsebuldigt
1205 303 1255 366 bei
1284 303 1388 366 kaiser

370 386 516 464 Ludwig,
546 385 601 449 der
621 387 675 448 ibn
696 391 816 448 unterm
841 388 878 447 12
899 389 959 448 mai
980 388 1059 450 nach
1082 387 1185 462 Sinzig
1206 384 1387 462 eingeladen

369 469 464 547 hatte,
488 468 546 530 den
560 485 672 543 verzng
688 471 791 530 seiner
807 468 934 548 abreise,
956 468 1069 530 meldet
1086 470 1148 530 ihm
1164 468 1235 529 dass
1258 485 1291 529 er
1314 470 1388 530 ietzt

371 567 429 612 nur
450 551 528 613 noch
557 551 614 612 auf
632 554 794 626 gunstigen
817 550 899 612 wind
921 556 1032 629 warte,
1054 551 1116 612 und
1137 550 1318 634 beglaublgt
1338 549 1388 612 bei

372 632 548 695 demselben
564 637 716 708 genannte
735 633 931 708 abgesandte.
971 633 1103 712 walton,
1123 636 1201 696 1338
1220 635 1281 693 iun.
1297 633 1346 693 28.

321 753 612 824 Excedentissimo
641 753 782 842 principi
804 751 977 822 Ludovico
1001 751 1055 820 dei
1082 753 1192 840 gratia
1213 750 1387 820 Romano-

248 872 318 923 rum
343 852 544 941 imperatori,
573 869 705 940 semper
730 857 887 941 augusto,
914 852 999 940 patri
1026 857 1060 920 et
1078 851 1168 920 iratri
1189 869 1251 921 suo
1277 853 1387 918 caris-

248 955 344 1042 simo,
371 950 557 1019 Edwardus
584 950 702 1019 eadem
728 952 836 1037 gratia
862 969 921 1018 rex
945 947 1069 1038 Anglie
1095 953 1217 1020 votivis
1243 950 1387 1037 gloriare
1430 988 1432 992 .
1538 965 1539 1050 j

248 1050 462 1120 successibus
490 1068 561 1117 cum
590 1050 709 1118 salute.

320 1150 372 1218 De
398 1150 556 1235 gratiosis
590 1148 796 1218 celsitudinis
831 1149 1043 1236 imperatorie
1074 1149 1191 1218 litteris
1218 1148 1280 1216 sub
1307 1146 1387 1216 data

247 1346 382 1436 opidnm
401 1347 535 1434 syrach
551 1365 652 1434 super
669 1347 758 1416 valle
782 1344 876 1437 Rani,
905 1346 948 1416 ad
972 1347 1180 1416 tractandum
1198 1347 1387 1436 nobiscnm,

247 1453 281 1516 ot
307 1448 523 1515 communiter
548 1445 769 1515 ordinandum
796 1445 842 1513 de
865 1447 1104 1535 progressibus
1122 1453 1238 1516 contra
1254 1452 1387 1514 vestros

247 1553 281 1614 ct
305 1546 434 1634 imperii
461 1563 501 1614 ac
526 1552 663 1614 nostros
691 1544 819 1614 emulos
842 1546 1040 1616 etrebelles
1066 1545 1205 1635 provide
1232 1544 1387 1631 dirigen-

247 1644 309 1735 dis,
336 1663 399 1714 vos
427 1645 513 1714 velle
539 1644 682 1712 libenter
708 1643 869 1738 accedere
892 1663 932 1712 ac
950 1646 1192 1714 conventiones
1211 1646 1297 1713 inter
1321 1660 1387 1712 nos

246 1744 378 1814 habitas
403 1743 604 1832 adimplere:
631 1750 744 1830 grates
772 1743 869 1812 vobis
897 1743 1069 1812 referimus
1098 1743 1274 1835 cordiales,
1301 1743 1385 1812 inti-

245 1845 330 1912 mius
358 1849 391 1910 et
416 1843 597 1933 specialius
625 1861 691 1930 quo
716 1861 900 1931 possumus
925 1860 988 1912 vos
1015 1850 1188 1934 rogantes,
1216 1851 1385 1932 qualenam

245 1959 412 2011 morosam
438 1943 695 2030 protractionem
723 1941 888 2010 adventus
907 1944 1014 2011 nostri
1037 1959 1156 2012 versus
1178 1949 1292 2032 partes
1318 1944 1386 2010 im-

244 2043 326 2129 perii
353 2059 469 2130 quam,
496 2043 590 2109 novit
614 2040 724 2130 Deus,
752 2042 847 2108 inviti
875 2040 1013 2110 lecimus
1040 2043 1152 2112 causis
1180 2043 1384 2110 necessariis

245 2139 404 2230 impediti,
432 2157 515 2227 quas
538 2146 650 2208 vestre
669 2142 784 2209 notitia
802 2158 871 2209 non
890 2140 1053 2210 credimus
1079 2141 1220 2233 alienas,
1247 2159 1385 2228 gravem

247 2257 316 2307 non
343 2236 427 2307 ierat
451 2245 564 2307 vestra
590 2239 774 2308 sublimitas
802 2239 856 2307 vol
881 2239 1067 2310 molestam.

321 2337 380 2406 Set
404 2339 468 2406 iam
496 2336 583 2406 iacta
613 2339 699 2407 sicut
719 2345 852 2427 oportet
875 2338 1084 2408 ordinatione
1110 2338 1264 2408 consulta
1283 2354 1386 2426 super

245 2436 358 2506 debito
391 2439 487 2524 regni
523 2439 629 2507 nestri
657 2440 819 2524 regimine
845 2438 943 2506 nobis
970 2439 1148 2525 agentibus
1175 2439 1209 2506 in
1235 2438 1384 2527 remotis,

246 2537 389 2606 classem
416 2555 568 2623 magnam
596 2538 729 2606 navium
757 2544 791 2607 ct
817 2539 882 2606 alia
907 2555 965 2626 pre
993 2539 1157 2627 passagio
1175 2542 1293 2605 nostro
1320 2554 1385 2604 ne-

246 2637 393 2705 cessaria
411 2636 550 2704 lecimus
563 2636 740 2725 provideri,
769 2643 802 2706 et
824 2639 889 2705 iarn
911 2639 1018 2724 parati
1045 2654 1159 2705 snmus
1179 2637 1273 2704 iuxta
1291 2635 1385 2706 littus

246 2737 359 2823 maris,
387 2742 537 2804 nostrum
563 2737 760 2823 passagium
795 2753 868 2803 cum
900 2738 989 2804 ornni
1015 2734 1231 2804 testinatione
1258 2752 1387 2804 succe-

246 2833 403 2904 dentibus
430 2835 518 2902 auris
543 2837 712 2922 prosperis
740 2836 950 2923 assumpturi.

317 2929 370 3000 Ad
390 2949 455 3018 que
477 2933 641 3000 maiestati
662 2939 775 3001 vestre
800 2939 834 3001 et
859 2933 932 3000 aliis
952 2933 1076 3002 nostris
1098 2932 1322 3002 confederatis
1349 2939 1388 3002 et

244 3030 409 3098 benivolis
446 3030 598 3098 celeriter
623 3031 832 3121 nuncianda,
859 3033 1067 3120 premisimus
1094 3035 1387 3118 consanguineum

244 3135 395 3198 nostrum
421 3131 626 3199 carissimum
652 3131 866 3199 Willielmum
899 3131 941 3199 de
967 3131 1086 3199 Bohun
1113 3133 1265 3201 comitem
1292 3131 1388 3198 Nor-

244 3228 414 3319 bampton,
442 3235 475 3298 ot
491 3228 645 3298 dilectum
665 3238 698 3298 et
714 3229 844 3299 fidelem
863 3236 1013 3298 nostrum
1031 3230 1210 3298 Galiridnm
1224 3231 1256 3298 le
1277 3230 1386 3320 Sorop

244 3328 389 3416 militem,
417 3346 517 3416 super
537 3331 721 3399 intentione
744 3337 860 3398 nostra
878 3329 1010 3418 plenius
1027 3329 1233 3420 informatos
1262 3330 1388 3418 quibus

246 3432 280 3494 et
303 3445 418 3496 corum
445 3426 580 3496 cuilibet
609 3427 819 3496 indicendis
849 3447 891 3496 ex
915 3434 1008 3517 parte
1035 3435 1160 3498 nostra
1176 3428 1274 3496 iidem
1302 3427 1386 3497 velit

245 3543 428 3614 quesumus
466 3524 622 3594 adbibere
658 3527 824 3595 credulam
854 3534 967 3596 vestra
1004 3546 1141 3596 cesarea
1174 3526 1384 3619 magnitudo,

246 3643 344 3713 quarn
362 3624 417 3694 diu
441 3632 619 3694 conservet
634 3626 669 3693 in
682 3627 872 3696 victoriosis
894 3634 927 3694 et
947 3629 1069 3696 votivis
1090 3627 1304 3696 successibus
1323 3645 1385 3698 rex

244 3726 470 3813 permanentis
492 3726 619 3811 imperii
644 3723 738 3792 lesus
773 3725 929 3794 Christus.
980 3725 1101 3794 Datum
1130 3726 1219 3815 apud
1241 3726 1385 3795 Walton

246 3841 347 3913 super
372 3842 474 3914 mare,
500 3825 605 3892 xxviii
632 3823 685 3892 dic
712 3825 794 3892 iunii
809 3819 829 3892 ยน.

278 3990 309 4057 l]
327 3989 374 4044 dis
392 3990 438 4046 der
455 3991 533 4058 lange
552 3991 641 4062 lampl
655 3991 719 4046 iiber
737 3990 778 4045 dte
797 3989 941 4057 tbroulolge
954 3992 982 4044 iu
994 3991 1148 4046 Franlreiclr
1162 3992 1386 4060 zwiscbenlrdnig

243 4057 346 4112 Eduard
369 4073 422 4112 von
445 4059 565 4126 England
588 4060 642 4114 uad
665 4060 764 4130 Philipp
789 4073 842 4112 von
866 4058 955 4113 Valois
978 4059 1099 4130 begann,
1123 4075 1179 4114 tvar
1203 4060 1245 4116 die
1269 4061 1386 4128 stellung

243 4125 441 4194 Deumcblands
466 4126 547 4181 selbst
565 4128 635 4183 obne
653 4127 749 4183 dassen
772 4127 929 4194 eigentliebe
955 4128 1134 4184 unmittelbare
1160 4129 1318 4184 theilnabme
1341 4145 1385 4183 aar

243 4193 325 4262 brieg,
343 4191 384 4248 liir
396 4194 437 4249 die
454 4195 625 4266 lamptanden
643 4211 694 4251 ron
714 4209 818 4264 grassor
835 4195 1000 4266 wirbtr'glreit,
1017 4197 1095 4253 tbeils
1112 4212 1205 4266 wegen
1225 4197 1271 4254 der
1289 4212 1385 4252 maun-
