3096 4882
509 197 576 242 vrra
597 196 705 244 3333333
729 196 836 251 ouran
858 197 916 242 rur.
1216 168 1284 236 aet

150 336 322 425 vaoonsis,
350 351 463 404 comes
490 335 532 404 de
552 329 623 404 lln1
651 335 845 404 constabilis
873 337 968 422 regni
994 337 1144 426 Franoie,
1173 354 1285 405 comes
1305 348 1371 404 3333

148 437 235 503 33333
255 433 381 502 Cesarii
408 441 442 502 ot
466 434 715 523 quamplurimi
741 435 798 502 alii
823 437 961 504 comites
989 443 1023 504 et
1048 437 1204 505 barones,
1245 437 1287 504 Et

149 535 352 602 transierunt
386 532 427 600 de
453 535 592 603 Francia
625 535 658 600 in
691 532 909 624 sabaudiam,
946 533 1067 603 deinde
1093 553 1153 623 per
1178 533 1284 622 Alpes

146 650 255 720 usque
281 634 316 700 in
341 632 601 701 marchionatum
616 631 740 701 Montis
766 633 900 723 Ferrati,
928 639 962 700 et
987 632 1029 702 de
1055 633 1283 703 marchionatu

148 723 374 801 transierunt²
403 733 437 798 in
473 731 704 801 Lambardiam
739 749 846 819 usque
877 734 910 799 in
938 731 1151 822 Cremonam,
1179 739 1212 800 33
1238 732 1280 802 de

148 830 311 900 Cremona
337 848 444 917 usque
471 833 506 898 in
532 832 690 900 Parmam.
737 831 778 898 Et
803 835 874 898 erat
896 849 1053 900 numerus
1074 832 1282 918 galeatorum
1301 849 1368 904 3333

147 933 237 998 33333
268 930 356 997 mille
389 937 569 1000 sexcentos
604 931 661 1017 qui
694 929 791 997 nobis
826 936 988 998 venerant
1012 932 1047 997 in
1073 930 1281 1000 adiutorium.
1308 935 1369 1041 1·ζέ

145 1027 277 1098 Deinde
303 1033 397 1117 pater
421 1035 537 1097 noster
564 1047 637 1096 cum
664 1030 811 1097 exercitu
831 1035 1038 1116 congregato
1056 1031 1117 1097 ivit
1134 1029 1176 1098 ad
1198 1047 1281 1098 suc·

146 1127 343 1197 currendum
371 1134 480 1197 castro
507 1129 672 1218 Papiensi,
700 1127 791 1215 quod
810 1145 847 1195 33
870 1127 979 1196 adbuc
1004 1130 1140 1214 tenebat
1167 1135 1284 1198 contra

146 1229 312 1296 civitatem
339 1233 455 1296 nostro
483 1229 627 1296 nomine.
680 1227 721 1294 Et
745 1227 919 1315 posuimus
946 1233 1055 1296 casira
1081 1234 1116 1296 33
1141 1227 1376 1298 obsedi-mur.

146 1345 221 1396 mus
250 1328 415 1394 civitatem
441 1317 564 1415 Papie³
590 1332 623 1394 33
647 1344 777 1394 cramus
799 1326 885 1395 bene
913 1328 974 1394 tria
999 1327 1100 1396 millia
1125 1328 1284 1413 galeato·
1321 1313 1354 1365 ¹⁴

146 1445 226 1495 rum.
264 1425 306 1493 lli
331 1423 554 1494 destruximus
582 1425 739 1493 suburbia
766 1433 800 1493 33
824 1426 1025 1493 monasteria
1050 1426 1283 1494 suburbiorum

148 1530 182 1592 33
207 1524 409 1613 replevimus
439 1531 582 1593 castrum
608 1527 661 1593 oui
687 1526 721 1591 in
747 1525 905 1592 auxilium
925 1541 1124 1592 veneramus
1149 1527 1283 1594 victua-

146 1623 234 1693 libus
262 1630 296 1692 33
327 1623 514 1692 1333333333
540 1626 649 1712 ipsum
676 1623 881 1692 renovando.
934 1622 1001 1690 Sed
1030 1625 1197 1691 civitatem
1223 1643 1284 1712 per

146 1729 291 1792 castrum
316 1740 384 1790 non
412 1724 580 1810 potuimus
608 1723 768 1813 obtinere,
796 1713 896 1809 qnia*
921 1722 1051 1789 fossata
1070 1728 1102 1790 et
1126 1741 1283 1811 propug-

145 1823 267 1892 nacula
291 1824 376 1889 inter
401 1823 568 1891 civitatem
589 1829 622 1890 et
650 1830 792 1890 castrum
819 1823 911 1890 cives
938 1819 1097 1913 lacerant,
1123 1823 1170 1890 ita
1192 1821 1284 1912 quod

146 1924 322 2008 ingressus
350 1919 392 1990 ad
419 1939 479 1989 eos
506 1939 574 1990 non
601 1921 747 2012 patebat,
775 1928 808 1989 et
828 1922 892 2009 ipsi
914 1920 1084 1989 habebant
1104 1921 1192 1989 mille
1216 1940 1283 2008 ga-

110 2101 115 2114 ,
143 2021 255 2089 133333
270 2018 313 2088 de
333 2019 643 2089 Mediolanensibus
668 2023 702 2088 in
725 2039 821 2088 suum
843 2021 1008 2090 auxilium.
1046 2020 1089 2088 Et
1104 2027 1284 2109 postquam

142 2120 189 2188 ibi
217 2121 368 2190 stetimus
396 2118 513 2187 decem
540 2119 658 2188 diebus
680 2119 758 2187 inde
785 2121 986 2188 recessimus
1014 2125 1124 2187 casira
1149 2126 1284 2188 metan-
1343 2155 1346 2162 ·

146 2225 198 2287 tes
224 2237 330 2306 prope
357 2218 601 2308 Mediolanum,
629 2225 663 2285 et
688 2218 936 2286 devastavimus
968 2218 1065 2286 valde
1095 2220 1284 2288 comitatum

144 2324 179 2387 et
204 2316 390 2387 districtum
415 2317 713 2386 Mediolanensem.
754 2318 796 2385 Et
819 2316 941 2385 abinde
965 2319 1176 2386 transivimus
1203 2337 1283 2385 ver·

144 2433 203 2486 sus
231 2417 435 2505 Pergamum,
463 2417 518 2484 ubi
544 2416 718 2484 habuimus
738 2434 797 2503 333
821 2417 984 2503 quosdam
1001 2418 1127 2484 amicos
1146 2423 1282 2486 nostros

142 2521 303 2584 tractatus
337 2518 395 2603 qui
429 2514 598 2583 debebant
630 2514 729 2583 nobis
759 2516 888 2604 aperire
914 2533 1012 2583 unam
1039 2521 1168 2603 portam
1195 2518 1282 2584 civi·

142 2617 230 2685 tatis.
280 2615 323 2684 Et
357 2617 406 2683 333
440 2613 625 2682 ordinatum
657 2612 784 2703 iuerat,
813 2613 903 2701 quod
935 2615 969 2680 in
997 2632 1117 2682 aurora
1143 2612 1282 2682 deberet

141 2717 265 2783 intrare
293 2714 404 2801 aliqua
429 2731 506 2801 pars
535 2715 647 2799 gentis
673 2718 799 2803 nostre,
827 2719 861 2780 ot
885 2719 963 2800 post
979 2715 1041 2782 bec
1060 2711 1199 2781 deberet
1220 2730 1281 2781 eos

142 2816 239 2902 sequi
272 2832 341 2881 una
374 2813 464 2881 33333
493 2831 633 2902 magna,
662 2817 695 2880 et
720 2814 841 2880 intrare
867 2818 945 2901 post
971 2830 1051 2902 eos,
1079 2817 1113 2880 et
1138 2813 1281 2880 retinere

143 2914 331 3003 civitatem,
368 2911 479 2981 donec
510 2918 605 3000 33333
637 2917 753 2980 333333
785 2930 853 2979 una
889 2910 1065 2980 nobiscum
1102 2930 1175 2980 eum
1210 2918 1281 2981 3333

142 3014 293 3082 exercitu
328 3011 446 3080 eadem
472 3010 525 3078 die
551 3011 754 3081 veniremus.
799 3011 842 3078 Et
870 3012 918 3078 sio
944 3009 1066 3079 lactum
1094 3017 1163 3101 est,
1191 3009 1282 3098 quod

141 3114 239 3180 amici
265 3111 373 3180 nostri
406 3112 441 3178 in
468 3111 599 3178 civitate
628 3110 795 3199 Pergami,
822 3110 950 3178 scilicet
975 3111 1022 3177 illi
1049 3108 1091 3177 de
1118 3108 1280 3179 33113333-

140 3209 252 3301 nibus,
280 3214 480 3298 aperuerunt
503 3216 642 3298 portam,
668 3215 702 3277 et
724 3210 820 3297 primi
836 3211 943 3276 nostri
960 3210 1173 3276 intraverunt.
1212 3209 1280 3278 So-

141 3310 254 3379 cunda
278 3327 361 3378 vero
388 3309 479 3376 33333
506 3308 613 3378 331333
639 3323 699 3375 333
730 3309 836 3395 sequi,
864 3309 980 3376 neseio
1008 3325 1073 3395 quo
1096 3311 1186 3375 mota
1205 3310 1280 3396 spi-

139 3409 216 3500 ritu,
244 3415 278 3478 et
302 3415 382 3477 tune
406 3408 511 3497 primi,
540 3407 597 3494 qui
620 3423 680 3495 pro
707 3412 855 3495 tempore
883 3412 1046 3475 steterunt
1071 3407 1106 3473 in
1133 3407 1278 3495 civitate,

139 3508 296 3578 exierunt
324 3509 508 3597 civitatem,
536 3507 615 3593 quia
650 3523 718 3574 non
749 3511 907 3595 poterunt
939 3506 1003 3574 soli
1029 3506 1184 3573 resistere
1210 3507 1279 3573 ini-

138 3606 248 3677 micis.
289 3607 332 3675 lli
356 3606 448 3674 multi
474 3607 569 3674 amici
594 3606 702 3672 nostri
729 3623 803 3673 cnm
830 3603 956 3673 eisdem
984 3609 1175 3690 evaserunt.
1212 3602 1279 3672 lle-

138 3705 231 3776 sidui
266 3722 348 3776 vero
391 3706 449 3792 qui
487 3711 717 3773 remanserant
751 3705 908 3793 captivati
943 3710 1022 3772 sunt
1058 3709 1091 3772 33
1122 3704 1279 3792 suspensi

137 3812 220 3876 sunt
244 3806 332 3874 ultra
357 3821 489 3894 muroS,
526 3821 665 3892 quorum
700 3821 856 3874 numerus
892 3809 964 3872 erat
996 3803 1082 3872 ultra
1108 3805 1278 3890 quinqua-

137 3907 246 3992 ginta.
273 3903 422 3991 Cumque
437 3909 534 3993 pater
551 3909 666 3972 noster
686 3902 859 3972 nobiscum
875 3904 1138 3991 supervenisset,
1154 3901 1279 3972 viden-

138 4014 197 4073 tes
232 4021 298 4092 que
331 4009 431 4090 gesta
456 4001 602 4071 luissent
628 4009 662 4070 et
684 4003 860 4093 neglecta,
888 4003 1011 4072 turbati
1038 4017 1153 4070 sumus
1180 4000 1279 4070 valde

177 4153 427 4220 insincerum
450 4151 502 4221 bs,
526 4151 582 4206 Evo
607 4153 713 4206 Beness.
748 4153 779 4219 2)
798 4157 989 4208 transmearunt
1005 4165 1054 4221 per
1067 4151 1141 4206 llein.
1177 4152 1209 4220 3)
1228 4151 1280 4206 Pa·

137 4226 260 4294 piensein
277 4223 352 4276 llein.
388 4223 420 4286 t]
439 4223 498 4290 quia
516 4220 579 4274 leblt
598 4221 639 4275 bei
659 4221 732 4274 liein.

180 4321 308 4362 33333333
327 4321 430 4362 ronnas
449 4319 472 4362 1.
1047 4309 1078 4362 13
