3096 4882
513 217 654 266 rourrars
675 217 882 266 urcroarrrsre.
1193 190 1264 260 2r3

141 351 275 444 regibus
292 351 517 445 pontificibus
532 353 668 426 Austrie
687 357 796 446 Styrie
811 357 982 426 Kerinthie
999 357 1143 428 duoibus
1158 376 1265 448 prop-

142 459 181 526 ter
213 453 450 540 genealogiam
484 457 584 522 vestri
616 459 750 542 generis
777 457 994 546 introductis,
1023 475 1095 525 oum
1124 457 1265 527 diversis

140 551 350 622 inuidentibus
384 551 427 622 ad
450 556 659 642 propositum
690 557 888 624 narrationis
915 562 949 624 et
974 559 1133 645 temporis
1159 557 1266 626 obse-

140 651 308 736 quentibus
343 654 560 733 intermixtis,
595 654 656 721 sub
691 654 838 724 deoursu
871 672 1032 724 annorum
1067 662 1199 724 eentum
1233 663 1267 724 et

138 751 247 836 viginti
273 751 326 820 vel
355 751 455 839 paulo
481 753 566 841 plus,
592 752 709 822 leetori
735 753 897 822 exhibens
924 754 1066 822 humane
1092 757 1159 822 vite
1184 755 1266 822 bre·-

133 851 272 937 vitatem,
299 857 418 920 nature
445 849 665 942 fragilitatem,
694 852 825 922 iortune
848 853 1105 941 instabilitatem,
1133 853 1266 924 labilem

137 953 167 1015 et
193 951 417 1019 transitoriam
451 949 618 1018 mundane
652 952 760 1037 glorie
793 953 1006 1042 varietatem,
1042 958 1078 1020 ut
1108 959 1199 1040 patet
1231 954 1264 1019 in

137 1049 272 1134 singulis
292 1048 445 1138 capitulis
464 1049 664 1118 subnotatis,
698 1050 861 1120 Deoorem
888 1050 1014 1121 ordinis
1039 1057 1074 1118 et
1098 1057 1264 1120 venusta·-

136 1153 197 1216 tem
231 1149 309 1236 styli
343 1149 377 1216 in
412 1146 577 1217 narrando
613 1148 654 1216 ad
688 1150 779 1217 illum
811 1149 990 1220 devolvere
1024 1150 1159 1236 dignum
1186 1151 1265 1220 duxi

136 1245 269 1333 dequo
296 1244 431 1317 Oratius
458 1246 550 1315 dioit:
791 1244 794 1251 '

230 1345 318 1437 „Res
344 1352 442 1434 gesto
469 1364 651 1434 regumque
678 1346 864 1435 dudumque
892 1354 924 1416 et
951 1350 1055 1418 tristia
1081 1348 1179 1436 bella,

254 1443 329 1526 Quo
354 1447 487 1534 possint
511 1463 648 1515 numero
675 1447 777 1514 seribi
803 1449 999 1516 monstravit
1017 1445 1216 1516 Homerus“.

604 1645 801 1654 ——--—--—.-

456 1766 661 1857 Capitula
687 1768 816 1855 primi
842 1767 955 1834 libri.

135 1899 184 1967 De
210 1897 376 1968 Friderioo
403 1901 601 1988 imperatore
629 1899 780 1968 seeundo
807 1906 841 1968 et
867 1900 914 1968 de
936 1897 1133 1989 quibusdam
1160 1897 1267 1982 gestis

233 1998 284 2066 sui
311 2000 480 2088 temporis.
1143 1995 1221 2084 Cap.
1249 1997 1269 2064 i.

133 2095 182 2165 De
214 2098 391 2167 vacatione
424 2097 667 2187 principatuum
699 2095 832 2168 Austrie
860 2097 989 2187 styrie,
1018 2101 1051 2163 et
1084 2095 1269 2162 variatione

234 2201 342 2264 status
370 2198 474 2282 regni.
1133 2193 1210 2283 Cap.
1237 2196 1269 2261 ii.

132 2293 182 2362 De
211 2297 352 2363 transitu
378 2297 604 2388 imperatoris,
640 2303 674 2364 et
705 2295 872 2384 quomodo
908 2293 1087 2362 Ottakarus
1122 2291 1269 2362 marabio

230 2391 399 2462 Austriam
425 2395 639 2466 obtinueritet
665 2394 861 2483 quibusdam
888 2394 969 2462 aliis.
1119 2391 1197 2480 Cap.
1225 2393 1269 2460 iii.

132 2490 309 2573 Quomodo
347 2492 429 2561 Bela
466 2511 524 2562 rex
566 2497 776 2584 Ungarorum
819 2493 962 2580 Styriam
1003 2489 1269 2580 apprehenderit.

1110 2587 1188 2676 Cap.
1216 2591 1270 2656 iiii.

133 2693 184 2762 De
212 2692 428 2762 dissensione
455 2693 489 2760 in
516 2709 639 2782 regno,
676 2689 717 2758 de
749 2687 942 2756 Bernhardo
982 2685 1066 2754 duee
1101 2685 1269 2755 Karintbio

234 2793 374 2880 aliisque
401 2791 636 2860 inuidentibus,
1133 2785 1211 2873 Cap.
1239 2806 1269 2854 u.

134 2889 310 2972 Quomodo
338 2887 517 2960 Ottalrarus
543 2889 657 2958 Belam
691 2889 808 2958 viderit
840 2893 872 2954 et
899 2887 1041 2974 Styriam
1068 2885 1269 2973 adquisierit.

1122 2984 1199 3072 Cap.
1229 2986 1270 3052 vi.

133 3087 185 3157 De
220 3091 346 3159 seuieia
379 3087 548 3170 Ottalrari,
582 3086 624 3155 de
658 3085 763 3176 prelio
798 3083 975 3154 bleiniredi
1011 3089 1045 3149 ot.
1076 3081 1210 3172 Karoli,
1239 3091 1271 3150 et

233 3190 431 3278 quibusdam
457 3185 689 3258 inuidentibus.
1111 3181 1188 3271 Cap.
1216 3183 1270 3250 vii.

133 3283 184 3353 De
217 3287 354 3358 introitu
389 3287 592 3357 Chunradini
624 3286 659 3352 in
691 3285 835 3374 ltaliam,
869 3282 993 3372 prelio,
1021 3283 1210 3370 captivitato
1239 3288 1272 3348 et

233 3393 337 3457 morte
364 3389 448 3458 eius.
1099 3378 1177 3468 Cap.
1204 3382 1271 3447 viii.

135 3480 186 3550 De
218 3491 323 3556 morte
349 3487 450 3556 Ulrioi
482 3486 577 3556 dueis
610 3483 800 3573 llarinthie‚
835 3485 868 3547 et
896 3480 1085 3570 captivitate
1114 3477 1271 3644 nCobilium

234 3583 271 3652 St
296 3587 355 3655 rie.
922 3663 924 3670 Ι
1150 3595 1201 3664 ap.
1228 3577 1271 3644 ix.

138 3605 310 3758 Quomogo
338 3680 517 3754 Ottalrarus
544 3680 746 3750 llarintbiam
773 3676 959 3747 Carniolam
986 3676 1118 3745 Portum
1143 3675 1270 3744 Naonis

234 3781 397 3876 babuerit,
425 3790 459 3852 et
484 3783 526 3852 de
553 3780 810 3849 tormentatione
838 3775 948 3845 Sitridi
974 3774 1016 3843 de
1042 3773 1271 3939 Merepbereb.

1162 3893 1214 3961 ap.
1240 3894 1270 3940 x.

405 3995 617 4086 Capitula
648 3977 840 4062 ¹seeundi
873 3990 987 4058 libri.

140 4105 188 4178 De
213 4113 354 4188 Rudolio
388 4127 421 4188 et
447 4117 656 4207 Meynlrardo
690 4116 864 4186 comitibus
891 4121 925 4182 et
950 4116 1114 4196 electione
1141 4097 1272 4181 liudolfi

235 4218 267 4284 in
294 4237 416 4304 regem.
1146 4210 1225 4300 Cap.
1252 4215 1272 4279 i.

177 4333 302 4380 donamur
321 4343 423 4383 ronrns
439 4339 462 4383 t.
1043 4322 1075 4376 18
