3002 4880
372 207 517 261 onnonron
538 206 576 252 or
597 207 696 254 oosrrs
717 208 885 256 rnrncrrmr.
1149 182 1195 254 13

82 342 146 412 dom
174 344 306 412 comites
340 347 375 412 et
407 343 462 413 alii
496 345 628 414 nobiles
662 345 797 414 Swevie
823 345 978 416 meliores
1004 363 1045 414 oo
1069 353 1196 437 poten·

82 445 178 533 tiores,
201 441 353 512 videntes
381 449 415 510 et
438 442 628 512 invidentes
653 461 768 530 regem
793 445 930 512 multum
955 445 1142 534 proiecisse
1162 449 1197 516 in

81 542 170 627 gloria
183 542 362 632 ethonore,
380 560 449 611 non
469 547 580 611 tamen
603 545 676 612 sine
696 561 809 612 eorum
825 544 947 613 auxilio
965 549 998 612 et
1019 544 1144 636 labore,
1163 551 1198 614 et

80 639 292 708 nichilominus
313 643 422 729 ipsum
436 641 573 710 cottidie
590 643 811 730 multipliciter
825 641 927 710 rebus
949 660 1145 741 excrescere
1161 647 1196 714 iu

81 738 229 828 secundis,
246 741 349 808 livore
360 746 565 832 torquentur,
586 743 664 829 quia
674 740 799 808 invidia
813 741 902 811 solet
917 740 1033 810 sedem
1049 760 1144 811 suam
1160 745 1196 812 in

80 839 300 906 summitatibus
319 840 483 908 collocare
509 845 543 909 et
564 841 741 910 consuevit
757 839 875 909 rodere
894 841 1061 932 meliores,
1087 841 1194 912 unde:

213 988 347 1057 Summo
366 990 452 1074 petit
475 989 567 1072 licor,
588 987 735 1074 portion!
758 989 922 1056 altissimo
946 989 1041 1059 omli.

81 1133 243 1205 Consrlium
277 1139 410 1226 ineunt,
446 1155 563 1226 paoem
597 1138 632 1204 in
662 1153 769 1222 regno
796 1135 984 1207 discrimine
1011 1137 1193 1231 turbantes,

76 1241 175 1304 contra
205 1253 319 1323 regem
351 1236 583 1305 vehementius
610 1236 849 1327 malignantur,
875 1236 971 1326 ideo,
999 1242 1036 1305 ut
1062 1239 1193 1328 estimo,

76 1335 142 1422 pria
164 1334 409 1403 descendentes
437 1354 511 1403 eum
537 1353 579 1404 eo
604 1336 638 1402 in
659 1333 872 1422 expeditione
888 1353 1008 1403 versos
1024 1333 1193 1406 Austriam

75 1449 136 1500 oum
164 1436 295 1520 magnis
329 1433 498 1503 laboribus
533 1439 568 1502 et
599 1435 758 1522 expensis
793 1432 940 1502 nondum
972 1436 1022 1502 eis
1049 1434 1091 1504 de
1119 1453 1192 1504 ser-

74 1532 141 1600 vitio
171 1532 362 1623 respondit,
397 1550 463 1600 neo
495 1530 673 1621 dampnum
700 1530 790 1619 quod
816 1539 1033 1625 exceperant,
1060 1532 1191 1625 retudit,

75 1631 147 1698 siout
174 1633 221 1701 eis
254 1637 331 1700 ante
367 1630 507 1700 lrdeliter
538 1632 771 1719 compromisit.
824 1628 875 1698 Ob
910 1649 951 1700 aa
982 1633 1133 1717 cogitant
1159 1638 1193 1701 et

73 1735 266 1822 pertractant,
294 1732 323 1798 si
350 1748 416 1817 quo
443 1729 543 1798 modo
565 1731 699 1821 possint
724 1748 799 1798 eum
823 1728 997 1821 infirmare,
1023 1731 1078 1799 vel
1093 1732 1192 1800 etiam

73 1827 100 1893 in
121 1831 208 1915 regni
238 1831 388 1916 negotiis
421 1828 592 1918 impedire.
643 1827 792 1896 Tandem
825 1826 912 1896 lacta
945 1831 1203 1917 conspiratione·

73 1925 144 1994 inter
167 1946 203 1996 se
229 1934 348 1997 contra
372 1945 497 2017 regem,
514 1932 702 2012 juramento
728 1929 826 1995 etiam
847 1929 998 2019 prestito,
1026 1927 1192 1998 consede-

72 2027 192 2094 ratlonis
216 2028 353 2095 vinoulo
381 2028 558 2094 sociantur.
583 2026 654 2095 Rex
674 2043 755 2095 vero
773 2028 980 2095 constantior
999 2044 1063 2095 nec
1081 2030 1190 2096 minus

72 2120 190 2216 hylaris,
218 2125 283 2194 sed
308 2125 491 2214 intrepidus
517 2131 554 2193 ut
586 2126 640 2194 leo
668 2126 723 2212 qui
750 2123 792 2194 ad
818 2124 940 2193 nullius
967 2126 1102 2214 pavebit
1127 2143 1191 2196 oc-

72 2238 195 2315 cursum,
222 2243 338 2294 eorum
364 2223 599 2292 dissensiones
627 2229 661 2291 et
688 2225 880 2309 gravamina
905 2226 999 2312 parvi
1023 2224 1189 2316 pendenS,

71 2325 225 2407 presertim
261 2325 319 2411 qui
351 2329 427 2391 ante
460 2315 954 2410 multis1superatisinimiois
982 2328 1015 2390 et
1040 2323 1189 2411 pluribus

71 2421 167 2504 preliis
198 2423 359 2509 mitigatis
390 2439 451 2510 pro
486 2421 608 2490 nichilo
642 2421 735 2488 duxit
768 2438 880 2490 eorum
912 2421 1069 2490 ellrenem
1094 2425 1188 2490 insa-

70 2519 143 2586 niam
173 2521 391 2612 perdomare,
426 2519 517 2609 quod
543 2526 578 2588 et
600 2525 722 2609 postea
747 2519 868 2590 lactum
894 2525 956 2588 est.
1006 2519 1089 2588 Nam
1116 2523 1189 2590 sine

72 2622 228 2704 sanguinis
257 2619 436 2705 effusione,
463 2618 661 2707 quibusdam
688 2636 731 2686 err
755 2620 803 2686 eis
837 2618 1028 2686 humilitatis
1055 2620 1128 2688 aliis
1153 2621 1188 2688 iu

69 2719 248 2810 exemplum,
273 2717 474 2808 perurgebat
500 2719 617 2786 omnes
643 2718 728 2786 ultro
755 2716 867 2806 preliis
895 2717 993 2786 linem
1017 2719 1187 2806 imponere

70 2818 97 2880 et
118 2817 335 2887 omnimodam
361 2818 585 2885 contentionis
610 2817 735 2885 rabiem
760 2819 945 2885 terminare.
978 2811 1042 2897 our
1067 2816 1188 2886 viden-

69 2915 110 2980 tes
141 2933 176 2984 se
210 2935 282 2986 non
315 2933 420 3005 posse
453 2915 615 3004 prolicere
641 2921 757 2984 contra
783 2933 857 2984 eum
884 2921 918 2984 et
943 2915 1031 2984 sicut
1055 2918 1186 3002 cogito-

69 3020 168 3081 rerant
199 3033 271 3084 non
305 3033 410 3103 posse
446 3032 520 3082 eum
555 3014 745 3103 destruere,
779 3018 902 3100 rogant
936 3032 976 3082 oo
1002 3033 1068 3102 que
1093 3017 1187 3103 pacis

69 3117 142 3202 sunt,
167 3117 200 3181 et
215 3115 330 3182 mitius
352 3118 493 3199 agentes
512 3113 554 3182 de
578 3114 820 3201 compositione
839 3118 979 3180 tractant
997 3114 1083 3182 inter
1101 3131 1139 3182 se
1155 3119 1188 3184 et

68 3223 177 3298 regem,
192 3231 259 3301 qua
270 3231 356 3300 pace
365 3212 452 3280 lacta
466 3217 500 3281 et
508 3212 633 3280 firmata
642 3213 820 3298 ingratiam
830 3212 1000 3300 pristinam
1011 3211 1188 3282 redierunt.
1206 3227 1272 3284 1287

128 3308 205 3378 Cum
241 3315 355 3380 autem
393 3309 465 3378 Rex
497 3311 731 3398 rempublicam
771 3312 881 3378 multis
916 3309 1084 3378 laboribus
1119 3329 1188 3384 non

68 3406 258 3478 mediocriter
293 3409 505 3500 ampliasset,
542 3411 762 3498 propaginem
795 3408 933 3478 filiorum
969 3426 1103 3480 suorum
1128 3427 1189 3499 per

68 3499 199 3576 diversas
226 3508 344 3578 mundi
369 3513 481 3596 partes
515 3508 619 3594 longe
646 3508 781 3595 lateque
809 3507 1001 3593 diligentius
1028 3507 1186 3600 dilatavit,

69 3607 199 3675 extendit
232 3610 323 3677 enim
358 3625 452 3675 suam
484 3609 703 3696 propaginem
736 3625 845 3694 usque
879 3605 923 3674 ad
954 3624 1054 3677 mare.
1105 3607 1188 3674 Nam

67 3715 149 3771 roam
180 3705 222 3774 de
259 3706 392 3774 filiabus
427 3707 497 3774 suis
530 3708 565 3774 in
606 3707 765 3774 maritima
798 3707 938 3791 regione
969 3707 1041 3791 regi
1075 3704 1187 3774 Cilicio

68 3795 93 3863 il
114 3807 288 3892 coniugem
315 3806 495 3896 copulavit,
521 3823 602 3873 vero
630 3805 769 3873 liliorum
797 3823 931 3874 suorum
958 3803 1095 3872 soboles
1113 3798 1187 3870 llu-

67 3900 177 3994 striam,
206 3905 421 3989 Bohemiam,
451 3903 684 3994 llarinthyam,
715 3904 918 3993 Bawariam,
947 3901 1127 3970 Saxoniam
1154 3908 1187 3971 et

67 3992 134 4064 alias
158 4005 253 4089 regni
279 4008 394 4092 partes
420 4003 454 4069 in
482 4019 544 4070 sua
568 4005 712 4071 retinent
736 4008 917 4090 potestate,
945 4005 978 4068 et
1002 4001 1036 4066 in
1060 4004 1187 4069 tontum

66 4107 210 4176 processu
238 4103 397 4192 temporis
423 4100 653 4192 proiecerunt,
689 4100 781 4188 quod
816 4101 916 4168 nimia
952 4097 1025 4166 lreti
1063 4106 1186 4188 potes-

93 4222 118 4289 1)
133 4225 176 4285 Bei
194 4227 288 4287 Oelcle
306 4230 341 4284 ist
359 4228 416 4284 bier
435 4228 480 4284 dos
498 4228 669 4298 uopasseode
688 4231 768 4284 nort:
786 4226 864 4283 annis
881 4223 1075 4290 eingesebaltet.
