3052 4878
413 263 557 310 canonica
579 264 616 308 bn
638 264 737 310 nosris
758 264 925 310 ratleicum.
1191 237 1236 305 65

102 399 201 468 multa
234 401 323 468 mala
354 401 389 468 in
416 406 502 471 terra
529 403 736 471 cumulantur
763 407 798 470 et
822 403 1028 472 novissimus
1053 401 1160 472 lactus
1186 411 1324 472 estlear

101 500 193 588 peior
210 500 335 587 priore.

173 596 326 666 Castrum
352 599 440 666 enim
456 599 613 692 Purgaw,
641 598 731 687 quod
748 606 802 667 est
821 601 1067 669 marchionatus
1092 599 1237 694 Swevie,

100 693 273 765 lustrales
301 697 463 766 habentes
489 701 522 766 in
550 719 611 767 sua
631 704 800 787 potestate
824 705 980 787 tanquam
999 700 1124 769 lontale
1140 703 1238 789 prin-

101 797 221 884 cipium
248 796 424 864 multorum
450 798 610 866 malorum
637 792 869 866 seminarium¹
895 797 966 866 luit.
997 796 1122 867 Omnes
1150 802 1237 868 enim

101 894 269 988 predones
297 902 330 963 et
356 895 497 965 malefici
523 897 687 966 habentes
713 897 758 964 ibi
785 902 891 964 tutum
916 897 1097 990 retugium,
1125 905 1237 986 partes

102 993 235 1062 Swevie
263 1000 296 1062 et
320 995 471 1063 Bawarie
498 995 540 1062 ab
567 995 695 1064 eisdem
721 998 754 1063 in
782 997 891 1085 spolio
914 1001 947 1063 et
972 999 1063 1083 ignis
1091 1016 1237 1066 concre-

99 1095 246 1161 matione
272 1096 374 1162 multa
398 1095 609 1164 incommoda
635 1095 853 1184 pertulerunt.
879 1094 975 1163 Unde
1002 1114 1060 1164 rex
1087 1097 1129 1164 de
1155 1115 1237 1184 pre-

100 1189 168 1260 lato
204 1198 313 1261 castro
348 1192 554 1281 quotidianis
588 1194 732 1282 querelis
766 1195 991 1285 inquietatuS,
1019 1213 1088 1263 non
1114 1195 1237 1264 surdus

99 1289 230 1360 auditor
257 1291 299 1360 ad
326 1292 489 1360 clamores
516 1311 714 1383 pauperum,
741 1299 836 1381 parat
860 1291 941 1360 illud
968 1293 1145 1363 obsidione
1173 1313 1238 1364 oc·-

99 1406 243 1484 cupare,
270 1397 322 1482 ut,
350 1409 391 1459 co
418 1392 588 1461 humiliato
615 1393 668 1460 vel
695 1391 886 1483 destructo,
920 1392 983 1460 alie
1009 1393 1111 1461 urbes
1138 1396 1238 1463 etiam

98 1505 216 1577 pacem
242 1490 414 1557 turbantes
451 1496 614 1581 paveant,
643 1498 677 1559 et
703 1493 837 1559 timeant
864 1493 913 1557 eis
941 1490 1011 1558 lieri
1039 1493 1157 1560 similia
1183 1494 1237 1561 vel

98 1591 235 1680 maiora,
264 1591 293 1657 si
319 1607 340 1658 a
365 1591 480 1678 rapina
507 1594 540 1658 et
566 1590 675 1678 spolio
702 1608 772 1658 non
798 1591 955 1658 desinant
981 1591 1165 1676 malignari.

177 1686 286 1770 Quare
301 1706 361 1756 rex
376 1689 542 1777 recipiens
562 1707 600 1756 se
617 1691 650 1756 in
665 1691 789 1777 campis
804 1687 892 1777 apud
903 1688 1082 1757 Werdeam
1101 1695 1134 1758 et
1149 1707 1237 1758 con-

98 1793 241 1876 gregato
268 1805 390 1873 magno
419 1790 565 1855 exercitu
591 1795 802 1878 armatorum,
829 1792 938 1855 motus
962 1787 1098 1857 deloco
1118 1787 1238 1857 direxit
1260 1772 1321 1812 nov.

96 1891 163 1957 iter
180 1906 275 1956 suum
295 1903 415 1954 versus
432 1886 585 1977 PurgaW,
604 1893 638 1955 et
653 1905 725 1955 eam
738 1885 910 1976 prevalida
927 1886 1103 1956 obsidione
1125 1889 1236 1958 cinxit.
1259 1901 1317 1940 ¹³²0·

85 1988 180 2056 llluc
202 1987 289 2054 enim
306 1982 544 2071 Augustcnses
562 1993 725 2054 venerant
744 1988 778 2052 in
801 1985 1011 2055 mrdtitudine
1028 1988 1159 2054 virtutis
1175 2005 1236 2056 sue

98 2093 132 2155 et
160 2086 225 2153 alie
243 2085 355 2174 plures
380 2086 531 2152 civitates
559 2103 632 2153 oum
651 2085 813 2153 machinis
836 2087 917 2175 suis,
939 2085 982 2153 ad
1000 2085 1236 2154 vindicandum

99 2204 137 2254 se
165 2184 207 2252 de
235 2184 358 2251 multis
381 2184 475 2251 malis
510 2201 575 2270 que
603 2182 645 2252 de
678 2191 788 2253 castro
818 2189 1018 2273 acceperant
1044 2191 1237 2256 memorato.

97 2285 140 2353 Et
166 2301 282 2352 omnes
309 2282 499 2352 archementi
528 2281 696 2351 desiderio
732 2283 912 2371 cupiebant
942 2283 1057 2352 arbem
1093 2285 1235 2352 celerius

98 2386 304 2473 impugnare,
332 2398 374 2449 ne
402 2381 560 2450 dilatione
587 2383 831 2451 interveniente
857 2381 1009 2451 tortiores
1033 2382 1158 2473 herent,
1181 2383 1236 2452 vel

99 2486 196 2551 etiam
232 2500 270 2550 se
302 2481 420 2550 melius
455 2483 689 2571 premunirent.
741 2480 811 2549 Sed
836 2500 895 2550 rex
921 2481 1063 2569 quadam
1089 2474 1237 2569 pietate²

99 2588 207 2650 motus
243 2580 410 2670 prohibuit
441 2599 519 2670 eos,
554 2581 673 2648 volens
699 2597 837 2673 parcere
872 2580 1017 2669 populo,
1046 2580 1164 2647 timens
1190 2597 1234 2648 ne

99 2679 241 2769 dampno
270 2685 409 2768 accepto
435 2679 477 2748 de
505 2685 613 2747 castro
640 2678 882 2747 lamentabilem
910 2683 1055 2764 stragem
1083 2687 1236 2746 cerneret

98 2781 133 2846 in
156 2779 270 2869 plebe,
299 2784 333 2846 ct
357 2785 477 2866 postea
509 2779 684 2846 multorum
718 2778 939 2867 orphanorum
972 2795 1091 2866 preces
1119 2783 1151 2845 et
1177 2780 1235 2845 vi-

101 2877 233 2946 duarum
247 2879 385 2947 maritos
404 2876 690 2947 inconsolabiliter
709 2879 845 2964 incipiat
865 2876 1051 2965 deplorare.
1078 2875 1146 2944 Sed
1158 2875 1237 2945 licet

100 2979 205 3064 pietas
233 2975 276 3045 ad
302 2978 404 3044 multa
422 2978 541 3067 valeat,
571 2981 682 3044 tamen
707 2976 912 3044 hiemalium
939 2978 1063 3065 nocuit,
1090 2978 1168 3063 quia
1195 2995 1238 3046 ex

102 3073 257 3144 dilatione
291 3075 382 3143 urbis
417 3066 717 3164 impugnationis³,
751 3077 838 3143 sieut
871 3074 1011 3144 habetur
1043 3074 1143 3166 inira,
1177 3093 1238 3144 rex

100 3175 232 3242 multum
251 3192 288 3242 se
307 3175 425 3243 dieitur
446 3175 650 3260 neglexisse.
676 3171 864 3262 Antequam
882 3175 969 3241 enim
987 3174 1066 3242 urbs
1091 3174 1237 3242 obsessa
1309 3199 1312 3230 1

101 3269 214 3364 luerat,
241 3291 359 3342 omnes
377 3276 411 3341 in
434 3280 544 3341 castro
569 3278 681 3342 tantos
704 3281 811 3342 metus
831 3275 1075 3342 constrinxerat
1094 3279 1127 3341 et
1141 3273 1236 3360 gravi

103 3371 310 3442 solicitudine
337 3373 581 3464 premebantur,
610 3372 700 3460 quod
719 3372 785 3441 levi
810 3379 902 3441 motu
923 3373 1038 3440 urbem
1060 3375 1236 3459 resignas-

104 3477 199 3563 sent,¹
222 3474 250 3540 si
277 3473 371 3540 salva
404 3489 488 3562 paee
514 3491 573 3540 rex
599 3489 660 3540 eos
693 3473 892 3558 ingratiam
919 3474 1115 3560 recepisset.
1167 3471 1236 3539 Sed

102 3585 176 3636 cum
193 3571 342 3639 viderent
364 3589 402 3638 se
429 3570 486 3639 dia
512 3571 552 3639 ab
570 3570 724 3638 hostibus
749 3570 955 3662 infatigatus,
984 3573 1048 3639 cito
1075 3575 1237 3658 oeperunt

103 3673 235 3754 evagari
260 3670 302 3738 de
330 3669 411 3738 urbe
439 3675 472 3738 et
493 3672 526 3737 in
543 3670 661 3737 hostes
689 3676 806 3738 contra
832 3687 870 3737 sc
895 3673 1072 3739 venientes
1099 3670 1235 3754 gravis-

103 3767 186 3834 sime
210 3767 373 3859 desevire,
400 3771 446 3837 ita
471 3774 508 3836 ut
535 3775 650 3837 contra
677 3786 715 3836 so
742 3769 954 3837 venientibus
982 3778 1016 3837 et
1041 3767 1235 3836 recedenti-.

103 3862 170 3930 bus
195 3870 381 3956 acciperent
406 3869 611 3956 quingentos
640 3886 758 3959 equos,
787 3870 936 3957 exeeptis
963 3868 1015 3935 his
1043 3884 1128 3954 quos
1155 3866 1235 3952 gla÷¹

102 3960 172 4028 diis
195 3973 225 4033 et
248 3967 375 4036 lanceis
401 3973 620 4055 peremerunt.
648 3965 747 4047 Quod
770 3986 844 4036 cum
861 3964 1099 4054 Augustenses
1124 3970 1158 4032 et
1179 3965 1234 4032 alii

101 4060 328 4148 prudentiores
356 4072 390 4133 et
414 4066 570 4136 meliores
603 4065 688 4134 16116
714 4084 784 4135 non
809 4073 967 4156 possent,
994 4070 1235 4154 persuaserunt

141 4204 176 4269 1)
191 4211 319 4263 seminatm
332 4212 378 4264 mit
392 4215 479 4264 cinem
493 4210 764 4277 abhiirzungszeidren
780 4208 844 4263 iiber
859 4210 909 4263 den
925 4208 1020 4264 beiden
1038 4209 1135 4262 letzten
1150 4207 1235 4261 buch-

102 4271 198 4326 staben
207 4275 247 4330 hat
260 4277 299 4331 die
313 4275 465 4346 hs.;0elele
477 4281 537 4333 liest
548 4282 708 4334 seminatum.
745 4280 776 4347 2)
789 4280 858 4346 pieta
872 4277 911 4331 hs.
948 4279 979 4345 3)
991 4277 1235 4347 impugnacionehs.

143 4370 262 4416 nolentata
280 4377 381 4420 FONTES
406 4375 429 4419 1·
1021 4365 1036 4416 ⁵
