3028 4878
412 192 553 238 renarras
573 192 779 240 mosomensis.
818 196 842 259 5,
860 192 884 245 9.
1165 166 1232 234 tlt

98 329 267 398 nobilibus
282 330 316 398 in
333 327 497 416 Augusta.
529 332 570 400 Et
596 331 646 400 sic
672 334 812 402 veniens
841 333 882 402 ad
910 332 1041 401 tratrem
1068 353 1132 422 que
1152 353 1239 422 ges·
1260 345 1327 401 1333

100 435 191 496 33131
208 429 378 498 intimavit.
413 430 602 518 Placuitque
620 431 787 500 nobilibus
805 431 940 501 bustric
957 438 991 500 ct
1009 431 1119 524 Stiria,
1148 434 1241 522 quod

99 528 190 596 nulla
208 527 311 596 ardua
335 529 407 596 sine
428 527 537 596 tratris
565 531 774 601 amminiculo
801 536 1039 619 contrectaret,
1068 535 1145 620 quia
1161 534 1242 603 licet

100 644 240 715 corpore
266 626 406 694 habilior
431 626 628 719 haberetur,
655 630 711 697 ille
738 637 847 699 tamen
874 632 1054 700 vivacitate
1082 647 1242 702 sensuum

100 727 309 811 sagaciorem
322 743 359 794 se
375 724 417 793 ad
436 728 545 794 omnia
562 727 810 798 demonstravit.
832 730 912 797 Post
928 729 992 798 hee
1004 727 1082 799 Otto
1092 737 1242 800 struatu-

100 843 168 892 ram
203 841 264 892 sue
290 823 482 892 fundatioris
510 831 543 892 et
569 827 677 894 locum
712 830 880 918 sepulture
917 829 1071 914 coniugis
1097 831 1242 900 invisere

100 923 216 992 voluit.
254 921 405 1010 Visoque
439 925 564 992 tumulo
591 925 788 995 exclamavit
814 933 847 996 et
872 929 1077 994 immaturam
1102 935 1243 997 mortem

101 1040 161 1090 sue
188 1021 404 1090 dilectissime
430 1023 633 1092 conthoralis
652 1023 882 1094 dolentissima
900 1025 1097 1114 deploravit.
1123 1028 1164 1094 111
1182 1046 1243 1096 31-

101 1120 220 1190 dinans
235 1120 282 1187 ibi
296 1120 432 1189 diversa
443 1139 503 1210 pro
520 1122 667 1191 remedio
685 1127 799 1193 uxoris
817 1131 850 1192 et
866 1124 1050 1211 indigentia
1069 1131 1242 1216 structure,

101 1219 280 1288 Wieanam
298 1219 442 1310 rediens,
470 1222 522 1288 vie
539 1219 736 1290 comitibus1
759 1223 920 1294 exhibens
947 1225 981 1291 in
1005 1225 1160 1294 exteriori
1178 1242 1245 1313 ap-

102 1320 255 1406 parentia
273 1320 416 1386 animum
432 1319 530 1388 valde
551 1327 701 1412 mestum,
729 1324 821 1392 iuxta
847 1322 936 1410 quod
965 1319 1114 1392 Oratius:
1140 1324 1245 1414 „Tri-

102 1419 167 1486 stia
193 1424 333 1486 mestum
360 1418 485 1486 vultum
511 1419 613 1488 verba
640 1418 795 1490 decent.“
828 1421 870 1490 Et
890 1418 1093 1491 hnshelmus
1119 1425 1180 1491 nit:

202 1516 289 1608 „Hie
316 1515 408 1585 dolet
435 1517 578 1608 exilium,
606 1524 745 1590 mortem
772 1520 864 1588 dolet
891 1520 973 1588 alter
998 1521 1105 1613 amici,

259 1614 346 1692 Huic
372 1633 449 1684 cara
475 1616 591 1688 orbato
620 1620 764 1705 coniuge
791 1618 870 1688 llere
897 1615 1012 1688 libet.“

103 1795 155 1862 lle
186 1796 339 1881 13313333
362 1800 396 1863 31
417 1813 572 1881 repressa
601 1797 760 1868 lobannis
788 1801 878 1888 repis
906 1797 1061 1866 Bobemie
1086 1798 1244 1865 131311-

206 1891 367 1978 dordiom,
392 1893 435 1962 ibt
460 1898 571 1982 pestis,
597 1902 630 1966 et
650 1899 797 1966 amicitia
822 1901 891 1966 3133
917 1916 990 1966 carm
1015 1896 1150 1966 11331133
1174 1896 1244 1964 Α3·

199 1994 290 2060 strio.
1100 1997 1182 2080 Cap.
1208 2014 1244 2062 3.

139 2112 142 2117 ’
165 2103 266 2178 Anno
284 2108 408 2178 domini
425 2109 639 2178 mcccxxxi.
654 2109 822 2178 Iohannes
842 2128 900 2178 rex
915 2111 1138 2180 Bohomorum
1153 2111 1245 2180 venit
1260 2121 1325 2177 1331

98 2207 262 2297 Brixiam,
291 2209 470 2295 statimque
496 2209 607 2276 omnia
633 2213 761 2296 castra,
790 2227 855 2296 que
876 2209 1093 2279 Veronenses
1121 2216 1245 2277 tenue-

99 2312 184 2394 rant,
213 2305 414 2375 obtulerunt.
447 2304 510 2387 Qui
536 2325 613 2375 mox
638 2309 671 2374 in
691 2309 900 2375 eminentiori
927 2307 1004 2376 loco
1033 2309 1142 2376 turrim
1170 2307 1244 2376 ior-

100 2406 263 2474 tissimam
290 2405 333 2474 ad
360 2406 503 2473 civitatis
530 2404 710 2494 presidium
737 2405 917 2496 ordinans,
945 2424 1026 2476 3333
1053 2407 1245 2474 1133111-

97 2505 178 2572 lites
205 2504 394 2574 collocavit
426 2503 626 2592 Superque
654 2503 871 2572 Veronenses
899 2506 979 2572 moti
1006 2504 1049 2574 ad
1071 2503 1245 2572 Ludeuiei

99 2604 251 2671 notitiam
277 2605 312 2671 in
337 2600 568 2671 Alamanniam
595 2602 813 2671 deduxerunt.
845 2601 908 2683 Qui
934 2604 1025 2672 misit
1052 2603 1245 2672 11111133-

99 2701 197 2770 bilem
233 2702 275 2770 de
302 2701 445 2790 Neyllen
479 2701 521 2769 ad
556 2703 646 2788 regis
673 2703 835 2770 intentum
863 2703 979 2770 iterum
1005 2700 1245 2788 indagandum.

100 2799 164 2881 Qui
182 2801 326 2889 pallians
346 2800 436 2888 quod
455 2807 565 2869 mente
584 2800 752 2869 eonditum
771 2801 920 2891 gerebat,
948 2800 1066 2869 dicens
1092 2807 1128 2868 31
1149 2806 1244 2868 ante:

99 2898 201 2966 aicbtt
223 2904 341 2967 contra
365 2901 534 2985 imperium
558 2918 595 2966 se
621 2905 791 2979 acturum·
816 2901 879 2968 scd
908 2901 949 2968 de
975 2897 1121 2966 omnibus
1148 2898 1246 2966 obtu-

101 3001 141 3066 tis
167 3000 319 3083 uqatsttts
344 3003 377 3064 31
400 2999 588 3083 contraeatis
614 3017 650 3066 33
672 3017 739 3084 pro
766 3000 1015 3066 conservatione
1037 2998 1117 3080 11131
1141 3002 1247 3084 impe-

100 3085 149 3164 113
180 3099 374 3182 parituram.
412 3097 653 3183 Pergamenses
682 3096 926 3166 Cremonenses
954 3098 1150 3185 Papienses,
1180 3116 1247 3164 au-

101 3195 232 3266 dientes
259 3195 349 3283 quod
375 3196 536 3284 pacificus
563 3195 660 3262 luerit
685 3197 860 3280 ingressus
888 3213 969 3264 suus
999 3197 1033 3262 et
1060 3195 1103 3262 ad
1128 3213 1245 3284 pacem

100 3294 434 3381 reformationemque
458 3295 599 3364 intentio
627 3312 688 3362 sua
709 3301 909 3382 versarctur,
936 3295 970 3361 in
988 3292 1193 3362 deditionem
1214 3296 1245 3362 ei

100 3411 136 3462 se
164 3394 353 3462 voluntarie
381 3393 586 3462 obtulerunt.
621 3391 715 3473 Quos
748 3394 857 3459 statim
884 3393 1108 3482 reintegravit,
1136 3395 1247 3462 omni-

100 3491 163 3560 bus
198 3493 349 3581 expulsis
383 3493 437 3560 vel
470 3494 615 3562 exterius
650 3490 876 3560 habitantibus
912 3489 955 3558 ad
989 3509 1052 3560 sua
1078 3490 1247 3560 domicilia

101 3593 287 3682 revocatis,
313 3592 461 3681 partibus
495 3590 710 3659 amicabiliter
744 3588 966 3659 concordatis
1002 3588 1133 3657 Deinde
1160 3591 1245 3658 Par-

101 3708 237 3760 menses
262 3689 473 3777 Regimenses
501 3696 535 3760 et
559 3690 770 3758 Mutinenses
797 3696 831 3756 et
860 3688 988 3756 Lucani
1015 3706 1053 3755 se
1081 3687 1247 3756 dederunt

101 3790 162 3858 sub
191 3791 293 3858 certis
321 3789 567 3858 conditionibus
594 3794 694 3876 atque
721 3790 837 3876 pactis.
882 3785 951 3856 Sed
977 3787 1087 3856 nullos
1114 3787 1158 3854 ibi
1186 3805 1245 3854 re-

101 3887 204 3958 duxit
239 3887 363 3977 813333
380 3888 512 3976 placido
531 3886 630 3958 modo
643 3894 676 3956 31
689 3889 763 3956 3113
775 3887 915 3974 strepitu
930 3887 964 3954 11
981 3885 1076 3954 brevi
1089 3904 1245 3970 magnum

102 3985 283 4056 dominium
309 3989 474 4076 aquisivit.
508 3986 576 4056 Sed
597 3992 633 4054 ut
651 3987 800 4076 ampliori
825 3987 976 4073 potentia
1002 3986 1099 4072 potiri
1124 3992 1245 4072 posset

103 4088 182 4155 exiit
206 4088 242 4156 in
266 4087 457 4177 branciam,
491 4091 526 4154 ut
553 4087 734 4154 exercitum
773 4083 931 4153 conflaret
967 4089 1000 4151 et
1034 4083 1244 4171 apprehensa

138 4207 167 4270 1)
187 4221 245 4260 roan
255 4206 359 4260 mbohte
367 4202 492 4259 hiernach
504 4202 660 4257 vermuthen
673 4204 733 4257 dass
753 4205 800 4256 der
818 4199 950 4254 1311113331
966 4199 1040 4254 dabat
1060 4212 1184 4267 genesen
1199 4203 1245 4254 sei.
