<?xml version="1.0" encoding="UTF-8"?>
<!DOCTYPE html PUBLIC "-//W3C//DTD XHTML 1.0 Transitional//EN"
    "http://www.w3.org/TR/xhtml1/DTD/xhtml1-transitional.dtd">
<html xmlns="http://www.w3.org/1999/xhtml" xml:lang="en" lang="en">
 <head>
  <title>
</title>
<meta http-equiv="Content-Type" content="text/html;charset=utf-8" />
  <meta name='ocr-system' content='tesseract 3.04.00' />
  <meta name='ocr-capabilities' content='ocr_page ocr_carea ocr_par ocr_line ocrx_word'/>
</head>
<body>
  <div class='ocr_page' id='page_1' title='image "./fontesrerumgerm02hubegoog_0273.png"; bbox 0 0 3096 4882; ppageno 0'>
   <div class='ocr_carea' id='block_1_1' title="bbox 319 651 1357 850">
    <p class='ocr_par' dir='ltr' id='par_1_1' title="bbox 319 651 1357 850">
     <span class='ocr_line' id='line_1_1' title="bbox 319 651 1357 737; baseline -0.001 -14"><span class='ocrx_word' id='word_1_1' title='bbox 319 653 425 726; x_wconf 85' lang='lat' dir='ltr'>VITA</span> <span class='ocrx_word' id='word_1_2' title='bbox 457 652 618 725; x_wconf 84' lang='lat' dir='ltr'>KAROLI</span> <span class='ocrx_word' id='word_1_3' title='bbox 652 651 814 737; x_wconf 89' lang='lat' dir='ltr'>QUARTl</span> <span class='ocrx_word' id='word_1_4' title='bbox 846 652 1137 725; x_wconf 82' lang='lat' dir='ltr'>IMPERATORIS</span> <span class='ocrx_word' id='word_1_5' title='bbox 1170 653 1226 725; x_wconf 90' lang='lat' dir='ltr'>AB</span> <span class='ocrx_word' id='word_1_6' title='bbox 1260 652 1357 725; x_wconf 87' lang='lat' dir='ltr'>lPSO</span> 
     </span>
     <span class='ocr_line' id='line_1_2' title="bbox 433 774 1246 850; baseline -0.002 -1"><span class='ocrx_word' id='word_1_7' title='bbox 433 774 608 849; x_wconf 83' lang='lat' dir='ltr'><strong>KAROLO</strong></span> <span class='ocrx_word' id='word_1_8' title='bbox 636 776 914 850; x_wconf 78' lang='lat' dir='ltr'><strong>CONSCRIPTA.</strong></span> <span class='ocrx_word' id='word_1_9' title='bbox 967 777 1246 849; x_wconf 79' lang='lat' dir='ltr'>late-leue.</span> 
     </span>
    </p>
   </div>
   <div class='ocr_carea' id='block_1_2' title="bbox 736 979 937 990">
    <p class='ocr_par' dir='ltr' id='par_1_2' title="bbox 736 979 937 990">
     <span class='ocr_line' id='line_1_3' title="bbox 736 979 937 990; baseline 0 0"><span class='ocrx_word' id='word_1_10' title='bbox 736 979 937 990; x_wconf 69' lang='lat' dir='ltr'>-u-a-——u-</span> 
     </span>
    </p>
   </div>
   <div class='ocr_carea' id='block_1_3' title="bbox 269 1105 1409 1415">
    <p class='ocr_par' dir='ltr' id='par_1_3' title="bbox 269 1105 1409 1415">
     <span class='ocr_line' id='line_1_4' title="bbox 342 1105 1405 1217; baseline -0.005 -18"><span class='ocrx_word' id='word_1_11' title='bbox 342 1105 514 1199; x_wconf 79' lang='lat' dir='ltr'><strong>Secundis</strong></span> <span class='ocrx_word' id='word_1_12' title='bbox 531 1121 745 1196; x_wconf 83' lang='lat' dir='ltr'>sedentibus¹</span> <span class='ocrx_word' id='word_1_13' title='bbox 764 1128 798 1194; x_wconf 93' lang='lat' dir='ltr'>in</span> <span class='ocrx_word' id='word_1_14' title='bbox 815 1126 941 1196; x_wconf 78' lang='lat' dir='ltr'>thronis</span> <span class='ocrx_word' id='word_1_15' title='bbox 959 1129 1041 1196; x_wconf 92' lang='lat' dir='ltr'>meis</span> <span class='ocrx_word' id='word_1_16' title='bbox 1056 1126 1152 1217; x_wconf 79' lang='lat' dir='ltr'>bime,</span> <span class='ocrx_word' id='word_1_17' title='bbox 1180 1126 1277 1196; x_wconf 89' lang='lat' dir='ltr'>binas</span> <span class='ocrx_word' id='word_1_18' title='bbox 1292 1126 1405 1196; x_wconf 94' lang='lat' dir='ltr'>mundi</span> 
     </span>
     <span class='ocr_line' id='line_1_5' title="bbox 269 1224 1406 1314; baseline -0.004 -16"><span class='ocrx_word' id='word_1_19' title='bbox 269 1232 356 1298; x_wconf 88' lang='lat' dir='ltr'>vitas</span> <span class='ocrx_word' id='word_1_20' title='bbox 383 1244 568 1314; x_wconf 79' lang='lat' dir='ltr'>agnoscere</span> <span class='ocrx_word' id='word_1_21' title='bbox 595 1233 629 1295; x_wconf 88' lang='lat' dir='ltr'>et</span> <span class='ocrx_word' id='word_1_22' title='bbox 654 1226 824 1294; x_wconf 92' lang='lat' dir='ltr'>meliorem</span> <span class='ocrx_word' id='word_1_23' title='bbox 856 1225 991 1312; x_wconf 80' lang='lat' dir='ltr'>eligere.</span> <span class='ocrx_word' id='word_1_24' title='bbox 1045 1224 1126 1295; x_wconf 88' lang='lat' dir='ltr'>Cum</span> <span class='ocrx_word' id='word_1_25' title='bbox 1152 1226 1261 1295; x_wconf 84' lang='lat' dir='ltr'><strong>binam</strong></span> <span class='ocrx_word' id='word_1_26' title='bbox 1288 1225 1406 1296; x_wconf 89' lang='lat' dir='ltr'>laciem</span> 
     </span>
     <span class='ocr_line' id='line_1_6' title="bbox 269 1324 1409 1415; baseline -0.002 -19"><span class='ocrx_word' id='word_1_27' title='bbox 269 1331 304 1396; x_wconf 91' lang='lat' dir='ltr'>in</span> <span class='ocrx_word' id='word_1_28' title='bbox 330 1328 497 1413; x_wconf 81' lang='lat' dir='ltr'>enigmate</span> <span class='ocrx_word' id='word_1_29' title='bbox 524 1327 732 1415; x_wconf 66' lang='lat' dir='ltr'>respicimus</span> <span class='ocrx_word' id='word_1_30' title='bbox 760 1327 950 1394; x_wconf 82' lang='lat' dir='ltr'>memoriam</span> <span class='ocrx_word' id='word_1_31' title='bbox 978 1324 1020 1394; x_wconf 91' lang='lat' dir='ltr'>de</span> <span class='ocrx_word' id='word_1_32' title='bbox 1048 1325 1208 1395; x_wconf 90' lang='lat' dir='ltr'>ambabus</span> <span class='ocrx_word' id='word_1_33' title='bbox 1237 1327 1315 1394; x_wconf 88' lang='lat' dir='ltr'>vitis</span> <span class='ocrx_word' id='word_1_34' title='bbox 1343 1326 1409 1394; x_wconf 87' lang='lat' dir='ltr'>ha-</span> 
     </span>
    </p>
   </div>
   <div class='ocr_carea' id='block_1_4' title="bbox 269 1423 1531 1616">
    <p class='ocr_par' dir='ltr' id='par_1_4' title="bbox 269 1423 1531 1616">
     <span class='ocr_line' id='line_1_7' title="bbox 269 1423 1410 1514; baseline -0.002 -17"><span class='ocrx_word' id='word_1_35' title='bbox 269 1428 398 1496; x_wconf 88' lang='lat' dir='ltr'>bemus.</span> <span class='ocrx_word' id='word_1_36' title='bbox 437 1423 522 1506; x_wconf 92' lang='lat' dir='ltr'>Quia</span> <span class='ocrx_word' id='word_1_37' title='bbox 548 1427 632 1494; x_wconf 91' lang='lat' dir='ltr'>sicut</span> <span class='ocrx_word' id='word_1_38' title='bbox 658 1423 762 1493; x_wconf 88' lang='lat' dir='ltr'>iacies</span> <span class='ocrx_word' id='word_1_39' title='bbox 790 1442 855 1513; x_wconf 79' lang='lat' dir='ltr'>quae</span> <span class='ocrx_word' id='word_1_40' title='bbox 881 1424 1011 1494; x_wconf 87' lang='lat' dir='ltr'>videtur</span> <span class='ocrx_word' id='word_1_41' title='bbox 1036 1427 1072 1493; x_wconf 93' lang='lat' dir='ltr'>in</span> <span class='ocrx_word' id='word_1_42' title='bbox 1094 1425 1234 1514; x_wconf 90' lang='lat' dir='ltr'>speculo</span> <span class='ocrx_word' id='word_1_43' title='bbox 1260 1443 1349 1494; x_wconf 88' lang='lat' dir='ltr'>vana</span> <span class='ocrx_word' id='word_1_44' title='bbox 1376 1430 1410 1492; x_wconf 90' lang='lat' dir='ltr'>at</span> 
     </span>
     <span class='ocr_line' id='line_1_8' title="bbox 270 1521 1531 1616; baseline -0.004 -21"><span class='ocrx_word' id='word_1_45' title='bbox 270 1525 370 1595; x_wconf 90' lang='lat' dir='ltr'>nichil</span> <span class='ocrx_word' id='word_1_46' title='bbox 397 1531 459 1616; x_wconf 85' lang='lat' dir='ltr'>est,</span> <span class='ocrx_word' id='word_1_47' title='bbox 485 1527 531 1592; x_wconf 88' lang='lat' dir='ltr'>ita</span> <span class='ocrx_word' id='word_1_48' title='bbox 558 1531 591 1593; x_wconf 88' lang='lat' dir='ltr'>et</span> <span class='ocrx_word' id='word_1_49' title='bbox 616 1531 828 1614; x_wconf 90' lang='lat' dir='ltr'>peccatorum</span> <span class='ocrx_word' id='word_1_50' title='bbox 855 1526 921 1592; x_wconf 89' lang='lat' dir='ltr'>vita</span> <span class='ocrx_word' id='word_1_51' title='bbox 947 1524 1046 1593; x_wconf 91' lang='lat' dir='ltr'>nichil</span> <span class='ocrx_word' id='word_1_52' title='bbox 1073 1531 1135 1594; x_wconf 91' lang='lat' dir='ltr'>est.</span> <span class='ocrx_word' id='word_1_53' title='bbox 1177 1523 1273 1593; x_wconf 87' lang='lat' dir='ltr'>Unde</span> <span class='ocrx_word' id='word_1_54' title='bbox 1295 1521 1410 1612; x_wconf 83' lang='lat' dir='ltr'>Aqui-</span> <span class='ocrx_word' id='word_1_55' title='bbox 1530 1521 1531 1558; x_wconf 74' lang='lat'><em>³</em></span> 
     </span>
    </p>
   </div>
   <div class='ocr_carea' id='block_1_5' title="bbox 269 1617 1411 1913">
    <p class='ocr_par' dir='ltr' id='par_1_5' title="bbox 269 1617 1411 1913">
     <span class='ocr_line' id='line_1_9' title="bbox 269 1617 1411 1711; baseline -0.004 -16"><span class='ocrx_word' id='word_1_56' title='bbox 269 1617 369 1696; x_wconf 82' lang='lat' dir='ltr'>laris²</span> <span class='ocrx_word' id='word_1_57' title='bbox 399 1626 433 1693; x_wconf 91' lang='lat' dir='ltr'>in</span> <span class='ocrx_word' id='word_1_58' title='bbox 468 1624 646 1711; x_wconf 85' lang='lat' dir='ltr'>evangelio</span> <span class='ocrx_word' id='word_1_59' title='bbox 680 1625 741 1692; x_wconf 90' lang='lat' dir='ltr'>ait:</span> <span class='ocrx_word' id='word_1_60' title='bbox 777 1623 820 1690; x_wconf 84' lang='lat' dir='ltr'>El</span> <span class='ocrx_word' id='word_1_61' title='bbox 848 1625 918 1691; x_wconf 83' lang='lat' dir='ltr'>siue</span> <span class='ocrx_word' id='word_1_62' title='bbox 950 1625 1024 1710; x_wconf 79' lang='lat' dir='ltr'>ipso</span> <span class='ocrx_word' id='word_1_63' title='bbox 1056 1623 1184 1708; x_wconf 83' lang='lat' dir='ltr'>foetum</span> <span class='ocrx_word' id='word_1_64' title='bbox 1219 1627 1271 1690; x_wconf 84' lang='lat' dir='ltr'>cal</span> <span class='ocrx_word' id='word_1_65' title='bbox 1299 1622 1411 1691; x_wconf 75' lang='lat' dir='ltr'>medii.</span> 
     </span>
     <span class='ocr_line' id='line_1_10' title="bbox 269 1721 1409 1811; baseline -0.004 -17"><span class='ocrx_word' id='word_1_66' title='bbox 269 1723 445 1807; x_wconf 84' lang='lat' dir='ltr'>Quomodo</span> <span class='ocrx_word' id='word_1_67' title='bbox 480 1729 590 1792; x_wconf 91' lang='lat' dir='ltr'>autern</span> <span class='ocrx_word' id='word_1_68' title='bbox 625 1722 746 1790; x_wconf 87' lang='lat' dir='ltr'>laetum</span> <span class='ocrx_word' id='word_1_69' title='bbox 783 1726 836 1790; x_wconf 93' lang='lat' dir='ltr'>est</span> <span class='ocrx_word' id='word_1_70' title='bbox 867 1721 967 1790; x_wconf 81' lang='lat' dir='ltr'>nichil</span> <span class='ocrx_word' id='word_1_71' title='bbox 999 1725 1187 1811; x_wconf 91' lang='lat' dir='ltr'>peccatoris</span> <span class='ocrx_word' id='word_1_72' title='bbox 1218 1740 1303 1811; x_wconf 92' lang='lat' dir='ltr'>opus</span> <span class='ocrx_word' id='word_1_73' title='bbox 1332 1739 1409 1790; x_wconf 89' lang='lat' dir='ltr'>aum</span> 
     </span>
     <span class='ocr_line' id='line_1_11' title="bbox 269 1812 1411 1913; baseline -0.002 -21"><span class='ocrx_word' id='word_1_74' title='bbox 269 1826 342 1913; x_wconf 93' lang='lat' dir='ltr'>ipse</span> <span class='ocrx_word' id='word_1_75' title='bbox 368 1822 401 1890; x_wconf 92' lang='lat' dir='ltr'>id</span> <span class='ocrx_word' id='word_1_76' title='bbox 428 1821 567 1890; x_wconf 83' lang='lat' dir='ltr'>lecerit?</span> <span class='ocrx_word' id='word_1_77' title='bbox 614 1822 789 1890; x_wconf 89' lang='lat' dir='ltr'>Peccatum</span> <span class='ocrx_word' id='word_1_78' title='bbox 815 1812 973 1908; x_wconf 82' lang='lat' dir='ltr'>quidem³</span> <span class='ocrx_word' id='word_1_79' title='bbox 999 1819 1093 1912; x_wconf 85' lang='lat' dir='ltr'>lecit,</span> <span class='ocrx_word' id='word_1_80' title='bbox 1121 1821 1182 1892; x_wconf 92' lang='lat' dir='ltr'>sed</span> <span class='ocrx_word' id='word_1_81' title='bbox 1215 1839 1283 1889; x_wconf 92' lang='lat' dir='ltr'>non</span> <span class='ocrx_word' id='word_1_82' title='bbox 1311 1839 1411 1910; x_wconf 90' lang='lat' dir='ltr'>opus.</span> 
     </span>
    </p>
   </div>
   <div class='ocr_carea' id='block_1_6' title="bbox 269 1919 1532 2110">
    <p class='ocr_par' dir='ltr' id='par_1_6' title="bbox 269 1919 1532 2110">
     <span class='ocr_line' id='line_1_12' title="bbox 269 1919 1412 2012; baseline -0.006 -21"><span class='ocrx_word' id='word_1_83' title='bbox 269 1920 362 2012; x_wconf 90' lang='lat' dir='ltr'>Opus</span> <span class='ocrx_word' id='word_1_84' title='bbox 390 1919 622 1989; x_wconf 74' lang='lat' dir='ltr'>denominatur</span> <span class='ocrx_word' id='word_1_85' title='bbox 649 1920 690 1988; x_wconf 90' lang='lat' dir='ltr'>ab</span> <span class='ocrx_word' id='word_1_86' title='bbox 718 1922 906 2010; x_wconf 87' lang='lat' dir='ltr'>optacione,</span> <span class='ocrx_word' id='word_1_87' title='bbox 934 1924 967 1988; x_wconf 90' lang='lat' dir='ltr'>el</span> <span class='ocrx_word' id='word_1_88' title='bbox 988 1928 1148 2010; x_wconf 88' lang='lat' dir='ltr'>peccator</span> <span class='ocrx_word' id='word_1_89' title='bbox 1167 1937 1298 2008; x_wconf 90' lang='lat' dir='ltr'>semper</span> <span class='ocrx_word' id='word_1_90' title='bbox 1314 1925 1412 2010; x_wconf 85' lang='lat' dir='ltr'>optat</span> 
     </span>
     <span class='ocr_line' id='line_1_13' title="bbox 269 2011 1532 2110; baseline -0.006 -20"><span class='ocrx_word' id='word_1_91' title='bbox 269 2021 424 2110; x_wconf 86' lang='lat' dir='ltr'>delicias,</span> <span class='ocrx_word' id='word_1_92' title='bbox 452 2025 487 2087; x_wconf 88' lang='lat' dir='ltr'>et</span> <span class='ocrx_word' id='word_1_93' title='bbox 517 2021 709 2106; x_wconf 79' lang='lat' dir='ltr'>inquinatur</span> <span class='ocrx_word' id='word_1_94' title='bbox 736 2037 796 2107; x_wconf 92' lang='lat' dir='ltr'>per</span> <span class='ocrx_word' id='word_1_95' title='bbox 822 2036 891 2088; x_wconf 91' lang='lat' dir='ltr'>eas.</span> <span class='ocrx_word' id='word_1_96' title='bbox 941 2019 1126 2088; x_wconf 84' lang='lat' dir='ltr'>Fraudatur</span> <span class='ocrx_word' id='word_1_97' title='bbox 1151 2011 1254 2089; x_wconf 76' lang='lat' dir='ltr'>vero⁴</span> <span class='ocrx_word' id='word_1_98' title='bbox 1278 2020 1313 2086; x_wconf 94' lang='lat' dir='ltr'>in</span> <span class='ocrx_word' id='word_1_99' title='bbox 1340 2019 1411 2088; x_wconf 91' lang='lat' dir='ltr'>de-</span> <span class='ocrx_word' id='word_1_100' title='bbox 1462 2025 1465 2030; x_wconf 84' lang='lat'>&#39;</span> <span class='ocrx_word' id='word_1_101' title='bbox 1531 2025 1532 2046; x_wconf 73' lang='lat'><em>²</em></span> 
     </span>
    </p>
   </div>
   <div class='ocr_carea' id='block_1_7' title="bbox 270 2117 1413 2404">
    <p class='ocr_par' dir='ltr' id='par_1_7' title="bbox 270 2117 1413 2404">
     <span class='ocr_line' id='line_1_14' title="bbox 270 2117 1410 2209; baseline -0.001 -21"><span class='ocrx_word' id='word_1_102' title='bbox 270 2119 394 2189; x_wconf 90' lang='lat' dir='ltr'>siderio</span> <span class='ocrx_word' id='word_1_103' title='bbox 422 2136 502 2209; x_wconf 83' lang='lat' dir='ltr'>suo,</span> <span class='ocrx_word' id='word_1_104' title='bbox 530 2120 608 2206; x_wconf 85' lang='lat' dir='ltr'>quia</span> <span class='ocrx_word' id='word_1_105' title='bbox 634 2118 857 2206; x_wconf 76' lang='lat' dir='ltr'>corruptibilia</span> <span class='ocrx_word' id='word_1_106' title='bbox 891 2117 1152 2207; x_wconf 85' lang='lat' dir='ltr'>desideratque</span> <span class='ocrx_word' id='word_1_107' title='bbox 1179 2119 1222 2188; x_wconf 92' lang='lat' dir='ltr'>ad</span> <span class='ocrx_word' id='word_1_108' title='bbox 1248 2117 1410 2187; x_wconf 90' lang='lat' dir='ltr'>nichilum</span> 
     </span>
     <span class='ocr_line' id='line_1_15' title="bbox 270 2216 1413 2307; baseline -0.001 -19"><span class='ocrx_word' id='word_1_109' title='bbox 270 2219 477 2305; x_wconf 83' lang='lat' dir='ltr'>rediguntur.</span> <span class='ocrx_word' id='word_1_110' title='bbox 519 2216 560 2284; x_wconf 88' lang='lat' dir='ltr'>Et</span> <span class='ocrx_word' id='word_1_111' title='bbox 585 2219 636 2285; x_wconf 90' lang='lat' dir='ltr'>sio</span> <span class='ocrx_word' id='word_1_112' title='bbox 662 2217 824 2304; x_wconf 84' lang='lat' dir='ltr'>sepelitur</span> <span class='ocrx_word' id='word_1_113' title='bbox 841 2218 919 2285; x_wconf 86' lang='lat' dir='ltr'>vila</span> <span class='ocrx_word' id='word_1_114' title='bbox 934 2235 995 2286; x_wconf 90' lang='lat' dir='ltr'>sua</span> <span class='ocrx_word' id='word_1_115' title='bbox 1020 2237 1093 2287; x_wconf 89' lang='lat' dir='ltr'>cum</span> <span class='ocrx_word' id='word_1_116' title='bbox 1119 2221 1194 2307; x_wconf 96' lang='lat' dir='ltr'>ipso</span> <span class='ocrx_word' id='word_1_117' title='bbox 1203 2241 1212 2306; x_wconf 79' lang='lat'>3</span> <span class='ocrx_word' id='word_1_118' title='bbox 1240 2219 1318 2306; x_wconf 87' lang='lat' dir='ltr'>quia</span> <span class='ocrx_word' id='word_1_119' title='bbox 1334 2235 1413 2287; x_wconf 91' lang='lat' dir='ltr'>oum</span> 
     </span>
     <span class='ocr_line' id='line_1_16' title="bbox 272 2314 1412 2404; baseline -0.002 -16"><span class='ocrx_word' id='word_1_120' title='bbox 272 2317 418 2388; x_wconf 87' lang='lat' dir='ltr'>carnalia</span> <span class='ocrx_word' id='word_1_121' title='bbox 452 2321 722 2404; x_wconf 84' lang='lat' dir='ltr'>corrumpuntur,</span> <span class='ocrx_word' id='word_1_122' title='bbox 759 2314 926 2385; x_wconf 86' lang='lat' dir='ltr'>desideria</span> <span class='ocrx_word' id='word_1_123' title='bbox 957 2335 1017 2386; x_wconf 92' lang='lat' dir='ltr'>sua</span> <span class='ocrx_word' id='word_1_124' title='bbox 1053 2318 1221 2386; x_wconf 82' lang='lat' dir='ltr'>liniuntur.</span> <span class='ocrx_word' id='word_1_125' title='bbox 1268 2315 1320 2384; x_wconf 87' lang='lat' dir='ltr'>De</span> <span class='ocrx_word' id='word_1_126' title='bbox 1347 2335 1412 2386; x_wconf 88' lang='lat' dir='ltr'>se-</span> 
     </span>
    </p>
   </div>
   <div class='ocr_carea' id='block_1_8' title="bbox 270 2410 1533 2600">
    <p class='ocr_par' dir='ltr' id='par_1_8' title="bbox 270 2410 1533 2606">
     <span class='ocr_line' id='line_1_17' title="bbox 272 2410 1533 2502; baseline -0.004 -15"><span class='ocrx_word' id='word_1_127' title='bbox 272 2416 381 2487; x_wconf 90' lang='lat' dir='ltr'>cunda</span> <span class='ocrx_word' id='word_1_128' title='bbox 407 2423 516 2484; x_wconf 89' lang='lat' dir='ltr'>autern</span> <span class='ocrx_word' id='word_1_129' title='bbox 543 2417 611 2484; x_wconf 87' lang='lat' dir='ltr'>vita</span> <span class='ocrx_word' id='word_1_130' title='bbox 637 2417 682 2483; x_wconf 88' lang='lat' dir='ltr'>ait</span> <span class='ocrx_word' id='word_1_131' title='bbox 707 2410 891 2500; x_wconf 80' lang='lat' dir='ltr'>Aquilaria:</span> <span class='ocrx_word' id='word_1_132' title='bbox 920 2414 1018 2502; x_wconf 82' lang='lat' dir='ltr'>Quod</span> <span class='ocrx_word' id='word_1_133' title='bbox 1039 2417 1166 2498; x_wconf 76' lang='lat' dir='ltr'>[ocimu</span> <span class='ocrx_word' id='word_1_134' title='bbox 1192 2420 1244 2484; x_wconf 83' lang='lat' dir='ltr'>eal</span> <span class='ocrx_word' id='word_1_135' title='bbox 1266 2416 1302 2482; x_wconf 83' lang='lat' dir='ltr'>a&#39;o</span> <span class='ocrx_word' id='word_1_136' title='bbox 1326 2417 1414 2502; x_wconf 80' lang='lat' dir='ltr'>ipso,</span> <span class='ocrx_word' id='word_1_137' title='bbox 1532 2453 1533 2502; x_wconf 57' lang='lat' dir='ltr'>r</span> 
     </span>
     <span class='ocr_line' id='line_1_18' title="bbox 270 2510 1413 2600; baseline -0.003 -15"><span class='ocrx_word' id='word_1_138' title='bbox 270 2520 339 2586; x_wconf 80' lang='lat' dir='ltr'>olto</span> <span class='ocrx_word' id='word_1_139' title='bbox 363 2519 445 2600; x_wconf 80' lang='lat' dir='ltr'>croi,</span> <span class='ocrx_word' id='word_1_140' title='bbox 472 2520 505 2583; x_wconf 84' lang='lat' dir='ltr'>ct</span> <span class='ocrx_word' id='word_1_141' title='bbox 527 2516 595 2582; x_wconf 81' lang='lat' dir='ltr'>uilo</span> <span class='ocrx_word' id='word_1_142' title='bbox 621 2518 696 2582; x_wconf 80' lang='lat' dir='ltr'>crat</span> <span class='ocrx_word' id='word_1_143' title='bbox 719 2513 778 2580; x_wconf 78' lang='lat' dir='ltr'>luc</span> <span class='ocrx_word' id='word_1_144' title='bbox 801 2511 973 2580; x_wconf 69' lang='lat' dir='ltr'>domuum.</span> <span class='ocrx_word' id='word_1_145' title='bbox 1015 2510 1191 2593; x_wconf 83' lang='lat' dir='ltr'>Quomodo</span> <span class='ocrx_word' id='word_1_146' title='bbox 1215 2520 1325 2581; x_wconf 88' lang='lat' dir='ltr'>aulem</span> <span class='ocrx_word' id='word_1_147' title='bbox 1352 2513 1413 2583; x_wconf 85' lang='lat' dir='ltr'>la·</span> 
     </span>
    </p>
   </div>
   <div class='ocr_carea' id='block_1_9' title="bbox 270 2611 1419 3992">
    <p class='ocr_par' dir='ltr' id='par_1_9' title="bbox 270 2611 1419 3992">
     <span class='ocr_line' id='line_1_19' title="bbox 272 2611 1413 2702; baseline -0.003 -17"><span class='ocrx_word' id='word_1_148' title='bbox 272 2619 396 2686; x_wconf 89' lang='lat' dir='ltr'>ciamus</span> <span class='ocrx_word' id='word_1_149' title='bbox 429 2617 529 2682; x_wconf 86' lang='lat' dir='ltr'>vitam</span> <span class='ocrx_word' id='word_1_150' title='bbox 562 2617 597 2682; x_wconf 94' lang='lat' dir='ltr'>in</span> <span class='ocrx_word' id='word_1_151' title='bbox 623 2632 685 2702; x_wconf 90' lang='lat' dir='ltr'>eo,</span> <span class='ocrx_word' id='word_1_152' title='bbox 710 2617 748 2679; x_wconf 91' lang='lat' dir='ltr'>ut</span> <span class='ocrx_word' id='word_1_153' title='bbox 771 2614 838 2680; x_wconf 89' lang='lat' dir='ltr'>vita</span> <span class='ocrx_word' id='word_1_154' title='bbox 866 2614 909 2680; x_wconf 91' lang='lat' dir='ltr'>sit</span> <span class='ocrx_word' id='word_1_155' title='bbox 933 2613 991 2680; x_wconf 86' lang='lat' dir='ltr'>lux</span> <span class='ocrx_word' id='word_1_156' title='bbox 1024 2614 1166 2681; x_wconf 84' lang='lat' dir='ltr'>nostra?</span> <span class='ocrx_word' id='word_1_157' title='bbox 1210 2611 1318 2680; x_wconf 87' lang='lat' dir='ltr'>Docet</span> <span class='ocrx_word' id='word_1_158' title='bbox 1344 2631 1413 2683; x_wconf 90' lang='lat' dir='ltr'>nos</span> 
     </span>
     <span class='ocr_line' id='line_1_20' title="bbox 272 2709 1413 2802; baseline -0.005 -17"><span class='ocrx_word' id='word_1_159' title='bbox 272 2716 425 2785; x_wconf 88' lang='lat' dir='ltr'>Salvator</span> <span class='ocrx_word' id='word_1_160' title='bbox 452 2714 585 2782; x_wconf 89' lang='lat' dir='ltr'>dicens:</span> <span class='ocrx_word' id='word_1_161' title='bbox 614 2714 677 2802; x_wconf 81' lang='lat' dir='ltr'>Qui</span> <span class='ocrx_word' id='word_1_162' title='bbox 693 2712 873 2779; x_wconf 78' lang='lat' dir='ltr'>munducat</span> <span class='ocrx_word' id='word_1_163' title='bbox 887 2728 1022 2778; x_wconf 83' lang='lat' dir='ltr'>curnem</span> <span class='ocrx_word' id='word_1_164' title='bbox 1044 2729 1150 2780; x_wconf 82' lang='lat' dir='ltr'>meum</span> <span class='ocrx_word' id='word_1_165' title='bbox 1173 2716 1206 2778; x_wconf 84' lang='lat' dir='ltr'>ct</span> <span class='ocrx_word' id='word_1_166' title='bbox 1227 2709 1305 2778; x_wconf 79' lang='lat' dir='ltr'>didit</span> <span class='ocrx_word' id='word_1_167' title='bbox 1325 2729 1413 2779; x_wconf 78' lang='lat' dir='ltr'>aare·</span> 
     </span>
     <span class='ocr_line' id='line_1_21' title="bbox 273 2808 1412 2902; baseline -0.003 -19"><span class='ocrx_word' id='word_1_168' title='bbox 273 2817 401 2902; x_wconf 78' lang='lat' dir='ltr'>peluem</span> <span class='ocrx_word' id='word_1_169' title='bbox 426 2831 538 2895; x_wconf 76' lang='lat' dir='ltr'>marm,</span> <span class='ocrx_word' id='word_1_170' title='bbox 563 2815 598 2879; x_wconf 83' lang='lat' dir='ltr'>iu</span> <span class='ocrx_word' id='word_1_171' title='bbox 622 2829 672 2879; x_wconf 86' lang='lat' dir='ltr'>mc</span> <span class='ocrx_word' id='word_1_172' title='bbox 697 2815 808 2878; x_wconf 81' lang='lat' dir='ltr'>monet</span> <span class='ocrx_word' id='word_1_173' title='bbox 832 2816 864 2878; x_wconf 83' lang='lat' dir='ltr'>ct</span> <span class='ocrx_word' id='word_1_174' title='bbox 888 2829 950 2898; x_wconf 80' lang='lat' dir='ltr'>cpo</span> <span class='ocrx_word' id='word_1_175' title='bbox 974 2812 1009 2877; x_wconf 80' lang='lat' dir='ltr'>iu</span> <span class='ocrx_word' id='word_1_176' title='bbox 1033 2828 1081 2878; x_wconf 89' lang='lat' dir='ltr'>co.</span> <span class='ocrx_word' id='word_1_177' title='bbox 1129 2808 1193 2892; x_wconf 89' lang='lat' dir='ltr'>Qui</span> <span class='ocrx_word' id='word_1_178' title='bbox 1218 2812 1335 2878; x_wconf 86' lang='lat' dir='ltr'>vivunt</span> <span class='ocrx_word' id='word_1_179' title='bbox 1364 2811 1412 2880; x_wconf 90' lang='lat' dir='ltr'>de</span> 
     </span>
     <span class='ocr_line' id='line_1_22' title="bbox 272 2907 1414 3000; baseline -0.002 -18"><span class='ocrx_word' id='word_1_180' title='bbox 272 2915 329 2982; x_wconf 91' lang='lat' dir='ltr'>tali</span> <span class='ocrx_word' id='word_1_181' title='bbox 356 2914 430 2982; x_wconf 85' lang='lat' dir='ltr'>elbo</span> <span class='ocrx_word' id='word_1_182' title='bbox 458 2909 619 2999; x_wconf 87' lang='lat' dir='ltr'>spirituali</span> <span class='ocrx_word' id='word_1_183' title='bbox 645 2916 780 2977; x_wconf 89' lang='lat' dir='ltr'>uranent</span> <span class='ocrx_word' id='word_1_184' title='bbox 806 2911 840 2977; x_wconf 92' lang='lat' dir='ltr'>in</span> <span class='ocrx_word' id='word_1_185' title='bbox 867 2916 1027 2978; x_wconf 90' lang='lat' dir='ltr'>eternum.</span> <span class='ocrx_word' id='word_1_186' title='bbox 1066 2907 1242 2990; x_wconf 84' lang='lat' dir='ltr'>Quomodo</span> <span class='ocrx_word' id='word_1_187' title='bbox 1266 2909 1308 2978; x_wconf 90' lang='lat' dir='ltr'>de</span> <span class='ocrx_word' id='word_1_188' title='bbox 1331 2911 1414 3000; x_wconf 93' lang='lat' dir='ltr'>ipso</span> 
     </span>
     <span class='ocr_line' id='line_1_23' title="bbox 270 3008 1415 3102; baseline -0.001 -23"><span class='ocrx_word' id='word_1_189' title='bbox 270 3014 386 3081; x_wconf 86' lang='lat' dir='ltr'>vivant</span> <span class='ocrx_word' id='word_1_190' title='bbox 419 3009 642 3079; x_wconf 89' lang='lat' dir='ltr'>advertamus.</span> <span class='ocrx_word' id='word_1_191' title='bbox 689 3008 809 3076; x_wconf 92' lang='lat' dir='ltr'>Nonne</span> <span class='ocrx_word' id='word_1_192' title='bbox 836 3010 864 3077; x_wconf 93' lang='lat' dir='ltr'>si</span> <span class='ocrx_word' id='word_1_193' title='bbox 895 3009 1069 3102; x_wconf 81' lang='lat' dir='ltr'>carnaliter</span> <span class='ocrx_word' id='word_1_194' title='bbox 1102 3010 1193 3079; x_wconf 89' lang='lat' dir='ltr'>varia</span> <span class='ocrx_word' id='word_1_195' title='bbox 1225 3010 1349 3078; x_wconf 88' lang='lat' dir='ltr'>cibaria</span> <span class='ocrx_word' id='word_1_196' title='bbox 1377 3015 1415 3079; x_wconf 85' lang='lat' dir='ltr'>et</span> 
     </span>
     <span class='ocr_line' id='line_1_24' title="bbox 272 3107 1414 3198; baseline 0.001 -21"><span class='ocrx_word' id='word_1_197' title='bbox 272 3108 494 3198; x_wconf 89' lang='lat' dir='ltr'>cormptibilia</span> <span class='ocrx_word' id='word_1_198' title='bbox 521 3107 736 3198; x_wconf 88' lang='lat' dir='ltr'>comedimus,</span> <span class='ocrx_word' id='word_1_199' title='bbox 765 3110 945 3196; x_wconf 89' lang='lat' dir='ltr'>appetitum</span> <span class='ocrx_word' id='word_1_200' title='bbox 972 3107 1015 3177; x_wconf 92' lang='lat' dir='ltr'>ad</span> <span class='ocrx_word' id='word_1_201' title='bbox 1036 3126 1077 3176; x_wconf 91' lang='lat' dir='ltr'>ea</span> <span class='ocrx_word' id='word_1_202' title='bbox 1094 3126 1158 3177; x_wconf 89' lang='lat' dir='ltr'>nos</span> <span class='ocrx_word' id='word_1_203' title='bbox 1185 3115 1317 3198; x_wconf 90' lang='lat' dir='ltr'>oportet</span> <span class='ocrx_word' id='word_1_204' title='bbox 1342 3109 1414 3178; x_wconf 84' lang='lat' dir='ltr'>ha-</span> 
     </span>
     <span class='ocr_line' id='line_1_25' title="bbox 272 3207 1416 3299; baseline 0.001 -22"><span class='ocrx_word' id='word_1_205' title='bbox 272 3209 361 3299; x_wconf 87' lang='lat' dir='ltr'>bere,</span> <span class='ocrx_word' id='word_1_206' title='bbox 390 3215 423 3278; x_wconf 92' lang='lat' dir='ltr'>et</span> <span class='ocrx_word' id='word_1_207' title='bbox 447 3210 603 3277; x_wconf 89' lang='lat' dir='ltr'>interiora</span> <span class='ocrx_word' id='word_1_208' title='bbox 629 3214 744 3276; x_wconf 91' lang='lat' dir='ltr'>nostra</span> <span class='ocrx_word' id='word_1_209' title='bbox 770 3207 923 3296; x_wconf 87' lang='lat' dir='ltr'>amplecti</span> <span class='ocrx_word' id='word_1_210' title='bbox 949 3207 1190 3298; x_wconf 89' lang='lat' dir='ltr'>desideranter,</span> <span class='ocrx_word' id='word_1_211' title='bbox 1216 3216 1250 3276; x_wconf 91' lang='lat' dir='ltr'>et</span> <span class='ocrx_word' id='word_1_212' title='bbox 1270 3226 1311 3277; x_wconf 89' lang='lat' dir='ltr'>ea</span> <span class='ocrx_word' id='word_1_213' title='bbox 1328 3211 1416 3278; x_wconf 90' lang='lat' dir='ltr'>mit-</span> 
     </span>
     <span class='ocr_line' id='line_1_26' title="bbox 275 3308 1413 3396; baseline 0.001 -20"><span class='ocrx_word' id='word_1_214' title='bbox 275 3315 344 3377; x_wconf 90' lang='lat' dir='ltr'>tere</span> <span class='ocrx_word' id='word_1_215' title='bbox 369 3326 429 3396; x_wconf 90' lang='lat' dir='ltr'>per</span> <span class='ocrx_word' id='word_1_216' title='bbox 456 3324 582 3394; x_wconf 86' lang='lat' dir='ltr'>organa</span> <span class='ocrx_word' id='word_1_217' title='bbox 609 3308 758 3396; x_wconf 88' lang='lat' dir='ltr'>corporis</span> <span class='ocrx_word' id='word_1_218' title='bbox 784 3309 911 3396; x_wconf 81' lang='lat' dir='ltr'>nostri,</span> <span class='ocrx_word' id='word_1_219' title='bbox 938 3314 974 3375; x_wconf 94' lang='lat' dir='ltr'>ut</span> <span class='ocrx_word' id='word_1_220' title='bbox 1000 3313 1236 3376; x_wconf 87' lang='lat' dir='ltr'>convertantur</span> <span class='ocrx_word' id='word_1_221' title='bbox 1261 3309 1295 3376; x_wconf 91' lang='lat' dir='ltr'>in</span> <span class='ocrx_word' id='word_1_222' title='bbox 1322 3327 1413 3377; x_wconf 90' lang='lat' dir='ltr'>sarr-</span> 
     </span>
     <span class='ocr_line' id='line_1_27' title="bbox 274 3397 1414 3498; baseline 0.001 -22"><span class='ocrx_word' id='word_1_223' title='bbox 274 3411 418 3498; x_wconf 75' lang='lat' dir='ltr'>guinem</span> <span class='ocrx_word' id='word_1_224' title='bbox 444 3399 502 3476; x_wconf 86' lang='lat' dir='ltr'>ul⁵</span> <span class='ocrx_word' id='word_1_225' title='bbox 523 3408 658 3496; x_wconf 88' lang='lat' dir='ltr'>spiritus</span> <span class='ocrx_word' id='word_1_226' title='bbox 680 3397 790 3495; x_wconf 86' lang='lat' dir='ltr'>quiin</span> <span class='ocrx_word' id='word_1_227' title='bbox 807 3409 971 3493; x_wconf 86' lang='lat' dir='ltr'>sanguine</span> <span class='ocrx_word' id='word_1_228' title='bbox 988 3413 1101 3476; x_wconf 88' lang='lat' dir='ltr'>manet</span> <span class='ocrx_word' id='word_1_229' title='bbox 1116 3425 1190 3474; x_wconf 91' lang='lat' dir='ltr'>cum</span> <span class='ocrx_word' id='word_1_230' title='bbox 1207 3408 1275 3475; x_wconf 88' lang='lat' dir='ltr'>vita</span> <span class='ocrx_word' id='word_1_231' title='bbox 1292 3415 1414 3477; x_wconf 90' lang='lat' dir='ltr'>nostra</span> 
     </span>
     <span class='ocr_line' id='line_1_28' title="bbox 273 3502 1414 3598; baseline 0.001 -24"><span class='ocrx_word' id='word_1_232' title='bbox 273 3507 353 3575; x_wconf 92' lang='lat' dir='ltr'>inibi</span> <span class='ocrx_word' id='word_1_233' title='bbox 379 3506 490 3595; x_wconf 88' lang='lat' dir='ltr'>possit</span> <span class='ocrx_word' id='word_1_234' title='bbox 514 3507 673 3574; x_wconf 81' lang='lat' dir='ltr'>manere?</span> <span class='ocrx_word' id='word_1_235' title='bbox 716 3502 789 3573; x_wconf 85' lang='lat' dir='ltr'>Sed</span> <span class='ocrx_word' id='word_1_236' title='bbox 812 3508 889 3592; x_wconf 87' lang='lat' dir='ltr'>quia</span> <span class='ocrx_word' id='word_1_237' title='bbox 913 3507 1059 3575; x_wconf 90' lang='lat' dir='ltr'>carnalia</span> <span class='ocrx_word' id='word_1_238' title='bbox 1076 3505 1300 3595; x_wconf 90' lang='lat' dir='ltr'>corruptibilia</span> <span class='ocrx_word' id='word_1_239' title='bbox 1320 3514 1414 3598; x_wconf 84' lang='lat' dir='ltr'>sunt,</span> 
     </span>
     <span class='ocr_line' id='line_1_29' title="bbox 273 3603 1413 3698; baseline -0.001 -23"><span class='ocrx_word' id='word_1_240' title='bbox 273 3606 373 3676; x_wconf 87' lang='lat' dir='ltr'>homo</span> <span class='ocrx_word' id='word_1_241' title='bbox 396 3607 541 3675; x_wconf 90' lang='lat' dir='ltr'>moritur.</span> <span class='ocrx_word' id='word_1_242' title='bbox 582 3603 645 3686; x_wconf 94' lang='lat' dir='ltr'>Qui</span> <span class='ocrx_word' id='word_1_243' title='bbox 663 3610 772 3673; x_wconf 92' lang='lat' dir='ltr'>autem</span> <span class='ocrx_word' id='word_1_244' title='bbox 794 3605 939 3673; x_wconf 89' lang='lat' dir='ltr'>comedit</span> <span class='ocrx_word' id='word_1_245' title='bbox 957 3606 1065 3673; x_wconf 90' lang='lat' dir='ltr'>eibum</span> <span class='ocrx_word' id='word_1_246' title='bbox 1088 3606 1177 3674; x_wconf 92' lang='lat' dir='ltr'>illurn</span> <span class='ocrx_word' id='word_1_247' title='bbox 1193 3606 1413 3698; x_wconf 88' lang='lat' dir='ltr'>spiritualem,</span> 
     </span>
     <span class='ocr_line' id='line_1_30' title="bbox 275 3704 1415 3793; baseline 0.001 -19"><span class='ocrx_word' id='word_1_248' title='bbox 275 3705 318 3774; x_wconf 86' lang='lat' dir='ltr'>de</span> <span class='ocrx_word' id='word_1_249' title='bbox 344 3723 411 3793; x_wconf 87' lang='lat' dir='ltr'>quo</span> <span class='ocrx_word' id='word_1_250' title='bbox 437 3706 545 3772; x_wconf 93' lang='lat' dir='ltr'>anima</span> <span class='ocrx_word' id='word_1_251' title='bbox 570 3705 672 3773; x_wconf 91' lang='lat' dir='ltr'>vivit:</span> <span class='ocrx_word' id='word_1_252' title='bbox 698 3721 811 3772; x_wconf 91' lang='lat' dir='ltr'>nonne</span> <span class='ocrx_word' id='word_1_253' title='bbox 838 3711 970 3793; x_wconf 88' lang='lat' dir='ltr'>oportet</span> <span class='ocrx_word' id='word_1_254' title='bbox 996 3705 1087 3792; x_wconf 87' lang='lat' dir='ltr'>quod</span> <span class='ocrx_word' id='word_1_255' title='bbox 1113 3704 1212 3773; x_wconf 88' lang='lat' dir='ltr'>homo</span> <span class='ocrx_word' id='word_1_256' title='bbox 1238 3706 1273 3772; x_wconf 93' lang='lat' dir='ltr'>in</span> <span class='ocrx_word' id='word_1_257' title='bbox 1299 3708 1415 3775; x_wconf 92' lang='lat' dir='ltr'>anima</span> 
     </span>
     <span class='ocr_line' id='line_1_31' title="bbox 276 3801 1419 3894; baseline 0.001 -21"><span class='ocrx_word' id='word_1_258' title='bbox 276 3823 338 3874; x_wconf 89' lang='lat' dir='ltr'>sua</span> <span class='ocrx_word' id='word_1_259' title='bbox 371 3804 461 3872; x_wconf 89' lang='lat' dir='ltr'>illum</span> <span class='ocrx_word' id='word_1_260' title='bbox 494 3809 630 3893; x_wconf 86' lang='lat' dir='ltr'>appetat</span> <span class='ocrx_word' id='word_1_261' title='bbox 656 3808 689 3870; x_wconf 86' lang='lat' dir='ltr'>ct</span> <span class='ocrx_word' id='word_1_262' title='bbox 720 3803 952 3871; x_wconf 87' lang='lat' dir='ltr'>desideranter</span> <span class='ocrx_word' id='word_1_263' title='bbox 985 3805 1139 3894; x_wconf 86' lang='lat' dir='ltr'>recipiat,</span> <span class='ocrx_word' id='word_1_264' title='bbox 1167 3821 1207 3871; x_wconf 91' lang='lat' dir='ltr'>ao</span> <span class='ocrx_word' id='word_1_265' title='bbox 1225 3801 1419 3890; x_wconf 82' lang='lat' dir='ltr'>diligenter</span> 
     </span>
     <span class='ocr_line' id='line_1_32' title="bbox 274 3901 1414 3992; baseline 0.001 -21"><span class='ocrx_word' id='word_1_266' title='bbox 274 3906 309 3971; x_wconf 93' lang='lat' dir='ltr'>in</span> <span class='ocrx_word' id='word_1_267' title='bbox 335 3906 469 3972; x_wconf 90' lang='lat' dir='ltr'>caritate</span> <span class='ocrx_word' id='word_1_268' title='bbox 496 3903 720 3992; x_wconf 83' lang='lat' dir='ltr'>amplectatur,</span> <span class='ocrx_word' id='word_1_269' title='bbox 747 3909 784 3970; x_wconf 88' lang='lat' dir='ltr'>ut</span> <span class='ocrx_word' id='word_1_270' title='bbox 808 3902 897 3970; x_wconf 91' lang='lat' dir='ltr'>illius</span> <span class='ocrx_word' id='word_1_271' title='bbox 924 3903 989 3970; x_wconf 93' lang='lat' dir='ltr'>oibi</span> <span class='ocrx_word' id='word_1_272' title='bbox 1009 3901 1138 3973; x_wconf 90' lang='lat' dir='ltr'>lervore</span> <span class='ocrx_word' id='word_1_273' title='bbox 1162 3903 1307 3972; x_wconf 89' lang='lat' dir='ltr'>scintille</span> <span class='ocrx_word' id='word_1_274' title='bbox 1328 3903 1414 3973; x_wconf 89' lang='lat' dir='ltr'>dul-</span> 
     </span>
    </p>
   </div>
   <div class='ocr_carea' id='block_1_10' title="bbox 272 4077 1419 4285">
    <p class='ocr_par' dir='ltr' id='par_1_10' title="bbox 272 4077 1419 4285">
     <span class='ocr_line' id='line_1_33' title="bbox 308 4077 1419 4160; baseline 0.002 -28"><span class='ocrx_word' id='word_1_275' title='bbox 308 4079 339 4146; x_wconf 83' lang='lat' dir='ltr'>l]</span> <span class='ocrx_word' id='word_1_276' title='bbox 359 4077 490 4133; x_wconf 81' lang='lat' dir='ltr'>secuturis</span> <span class='ocrx_word' id='word_1_277' title='bbox 507 4081 534 4133; x_wconf 91' lang='lat' dir='ltr'>in</span> <span class='ocrx_word' id='word_1_278' title='bbox 552 4079 649 4134; x_wconf 86' lang='lat' dir='ltr'>thronis</span> <span class='ocrx_word' id='word_1_279' title='bbox 670 4081 735 4160; x_wconf 79' lang='lat' dir='ltr'>meis</span> <span class='ocrx_word' id='word_1_280' title='bbox 759 4077 803 4132; x_wconf 88' lang='lat' dir='ltr'>hat</span> <span class='ocrx_word' id='word_1_281' title='bbox 826 4078 868 4132; x_wconf 90' lang='lat' dir='ltr'>die</span> <span class='ocrx_word' id='word_1_282' title='bbox 891 4077 1000 4133; x_wconf 88' lang='lat' dir='ltr'>Wiener</span> <span class='ocrx_word' id='word_1_283' title='bbox 1016 4077 1143 4160; x_wconf 48' lang='lat' dir='ltr'>hs390l5</span> <span class='ocrx_word' id='word_1_284' title='bbox 1162 4081 1251 4147; x_wconf 82' lang='lat' dir='ltr'>(sonet</span> <span class='ocrx_word' id='word_1_285' title='bbox 1268 4077 1326 4132; x_wconf 85' lang='lat' dir='ltr'>list.</span> <span class='ocrx_word' id='word_1_286' title='bbox 1364 4079 1419 4134; x_wconf 86' lang='lat' dir='ltr'>rol.</span> 
     </span>
     <span class='ocr_line' id='line_1_34' title="bbox 272 4145 1418 4285; baseline 0.002 -18"><span class='ocrx_word' id='word_1_287' title='bbox 272 4145 347 4268; x_wconf 76' lang='lat' dir='ltr'>lili</span> <span class='ocrx_word' id='word_1_288' title='bbox 362 4147 415 4269; x_wconf 71' lang='lat' dir='ltr'>„ti</span> <span class='ocrx_word' id='word_1_289' title='bbox 432 4145 1184 4285; x_wconf 59' lang='lat' dir='ltr'>illuditis³itit¹triltillil‘itllilit¹¹⁵·</span> <span class='ocrx_word' id='word_1_290' title='bbox 1200 4146 1258 4202; x_wconf 80' lang='lat'><strong>⁵⁵⁶·</strong></span> <span class='ocrx_word' id='word_1_291' title='bbox 1281 4147 1313 4211; x_wconf 70' lang='lat'>¹⁰</span> <span class='ocrx_word' id='word_1_292' title='bbox 1349 4161 1418 4201; x_wconf 74' lang='lat'>¹³¹¹·</span> 
     </span>
    </p>
   </div>
   <div class='ocr_carea' id='block_1_11' title="bbox 0 0 1559 4882">
    <p class='ocr_par' dir='ltr' id='par_1_11' title="bbox 0 0 1559 4882">
     <span class='ocr_line' id='line_1_35' title="bbox 0 0 1559 4882; baseline 0 0"><span class='ocrx_word' id='word_1_293' title='bbox 0 0 1559 4882; x_wconf 95' lang='lat' dir='ltr'> </span> 
     </span>
    </p>
   </div>
  </div>
 </body>
</html>
