3096 4882
511 189 614 234 nururr
635 189 770 235 runwres
791 191 844 236 aas
866 192 979 236 111111.
1240 161 1311 230 209

172 325 333 416 Swardis,
354 328 481 396 vicario
502 335 618 397 nostro
642 330 675 395 in
697 329 870 421 Pergamo,
893 348 933 398 aa
951 331 1025 398 aliis
1042 331 1167 398 nostris
1189 336 1223 399 et
1241 333 1309 399 irn-

169 429 252 516 perii
276 425 442 518 fidelibus,
466 426 773 516 quocienscumque
794 447 854 517 per
877 429 970 518 ipsos
994 430 1174 515 requisitus
1194 429 1307 522 lucriS,

166 532 265 613 prout
274 524 316 592 de
330 533 361 594 te
371 528 603 617 presumimus,
616 526 757 596 irdaiiter
772 531 894 596 asistas
911 530 976 596 tuis
994 528 1144 596 consiliis
1162 533 1308 598 010111-

166 624 220 692 liis
249 627 433 716 oportunis,
460 626 495 693 in
511 644 578 714 quo
598 633 714 694 nostre
738 627 926 696 celsitudini
947 628 1191 716 specialissime
1211 647 1307 699 com-

167 723 331 811 placebis.
372 724 494 792 Datum
520 726 639 816 Spyre,
665 727 698 794 vi
726 726 781 794 die
808 727 935 796 mensis
960 728 1052 818 iunii,
1080 729 1176 814 regni
1200 731 1305 797 nostri

168 841 259 892 anno
286 823 525 915 sextodecimo,
553 826 679 914 imperii
704 843 786 894 1010
813 829 929 896 101010.

363 923 471 992 Nobili
497 926 568 993 viro
595 925 721 1014 Loysio
749 926 791 994 de
819 927 989 1016 Gunzaga,
1017 927 1140 994 vicario
1161 927 1305 994 civitatis

365 1021 515 1114 iliantue,
541 1031 656 1093 nostro
684 1030 718 1092 et
742 1026 869 1114 imperii
897 1025 986 1094 fideli
1012 1025 1143 1094 diiecto.

223 1196 270 1256 15.
293 1194 420 1270 Ludwig
449 1195 615 1257 rb'miscber
646 1197 751 1257 kaiser
784 1195 920 1257 schreibt
948 1195 1016 1256 dem
1044 1195 1137 1270 Aloys
1167 1196 1304 1272 Gonzaga

290 1277 475 1338 reicbsvicar
489 1280 520 1339 iu
535 1279 655 1339 Mantua
674 1277 735 1338 und
759 1278 853 1339 (luido
868 1277 978 1340 dassen
997 1276 1092 1356 soba,
1122 1280 1179 1339 wie
1202 1295 1235 1340 er
1250 1281 1304 1340 mit

291 1359 349 1421 den
367 1359 520 1434 berzogen
539 1375 598 1420 von
621 1360 779 1422 Oestreicb
803 1377 880 1434 ganz
900 1359 1087 1434 ausgesiibnt
1107 1360 1232 1428 salubri
1248 1363 1304 1422 wie

287 1458 321 1504 ar
343 1442 515 1519 tiberbaupt
540 1442 598 1504 alle
626 1443 848 1504 benenilicnen
878 1442 1081 1504 verbali-nisse
1108 1445 1139 1503 in
1157 1443 1304 1505 Deutscb·

288 1523 360 1586 land
375 1524 519 1600 baseitigt
535 1524 630 1603 habe,
653 1525 725 1586 dass
745 1525 807 1585 ibm
833 1541 895 1586 uun
915 1524 1016 1585 nichts
1034 1524 1123 1599 ilbrig
1142 1525 1241 1587 bieibe
1257 1525 1304 1586 ais

286 1623 355 1668 zum
377 1607 502 1668 scbutza
523 1609 624 1668 saluar
646 1608 803 1682 annanger
830 1609 860 1668 in
887 1606 994 1667 italien
1015 1609 1070 1667 mit
1091 1607 1304 1668 beeresmacbt

287 1689 364 1751 iiber
386 1689 434 1750 dia
460 1689 557 1767 Alpem
577 1707 614 1750 zu
637 1690 745 1766 geben.
789 1689 954 1768 Constanz,
980 1691 1059 1750 1330
1077 1693 1189 1764 august
1213 1691 1261 1750 27.

236 1817 440 1886 Ludewious
472 1817 527 1886 dei
554 1819 668 1904 gracia
696 1814 916 1886 Romanorum
942 1818 1140 1906 imperuim,
1168 1836 1301 1907 semper

162 1923 340 2002 augustus.
386 1917 562 1986 Nobilibus
599 1917 677 1983 viris
710 1915 840 2004 Loysio
863 1916 868 2004 Ι
892 1915 934 1984 de
968 1916 1146 2007 Ganzago,
1174 1919 1300 1987 vicario

160 2017 306 2086 civitatis
338 2016 494 2108 biantue,
530 2034 569 2085 ao
595 2015 750 2084 Gnidoni
777 2018 848 2084 eius
876 2014 965 2105 iriio,
998 2017 1068 2108 suis
1104 2022 1137 2084 01
1170 2017 1300 2106 imperii

160 2113 317 2184 iidelibus
344 2115 485 2206 dilectis,
509 2115 514 2206 Ι
537 2117 685 2202 graciam
712 2132 805 2182 suam
831 2119 864 2183 at
889 2132 988 2182 omne
1014 2114 1146 2183 bonum.
1181 2115 1300 2185 Nove-

161 2215 204 2281 rit
237 2222 352 2284 vestra
386 2215 529 2284 fidelitas
538 2269 548 2306 ,
576 2213 666 2302 quod
701 2232 775 2282 cum
806 2214 980 2282 avunculis
1006 2216 1131 2283 nostris
1158 2213 1299 2284 ducibus

160 2309 297 2384 Austrie
327 2312 332 2405 1
363 2321 535 2383 eteorum
562 2313 938 2383 lautoribusuniversis
967 2331 1081 2382 sumus
1109 2332 1299 2403 01110011-

161 2415 290 2483 ratione
333 2415 470 2482 iliustris
505 2413 664 2482 lobannis
699 2414 790 2499 regis
824 2412 1002 2503 Boiremie,
1038 2415 1158 2481 sororii
1194 2417 1300 2483 nostri

159 2510 345 2604 karissimi,
373 2520 407 2582 et
432 2515 570 2582 abarum
602 2514 781 2582 amicorum
813 2518 1002 2581 nostrorum
1037 2529 1098 2599 per
1130 2515 1239 2581 omnia
1265 2515 1299 2581 in

157 2619 355 2700 perpetuum
381 2613 598 2681 amicabiliter
624 2611 826 2702 concordati,
854 2618 887 2678 01
905 2612 989 2678 alias
1011 2613 1156 2697 negocia
1184 2619 1299 2681 nostra

159 2715 197 2778 et
220 2712 349 2801 imperii
376 2715 425 2780 sic
451 2711 698 2801 disposuimus,
733 2709 823 2798 quod
857 2729 918 2798 per
952 2716 1053 2778 totam
1088 2710 1297 2780 Alamaniam

157 2811 282 2880 nullius
308 2812 575 2900 scrupulositatis
602 2812 739 2879 materia
756 2815 869 2898 restat,
896 2827 1006 2898 neque
1033 2811 1149 2878 venire
1176 2814 1300 2900 poterit

158 2911 195 2975 in
220 2909 375 2980 luturum.
422 2911 471 2979 ita
497 2912 608 2980 onmia
643 2916 722 2978 sunt
753 2909 903 2978 ordinata
938 2911 972 2976 in
999 2909 1062 2977 hiis
1089 2910 1238 2997 partibus
1265 2919 1299 2980 et

158 3013 272 3078 cuncti
296 3012 465 3098 principes
492 3017 606 3079 nostre
632 3009 792 3078 indicioni
819 3008 962 3077 subsunt
986 3014 1170 3096 nostroque
1197 3028 1297 3079 man·

157 3107 238 3177 alato
273 3116 363 3178 stant
388 3117 539 3198 prompte
566 3127 606 3176 aa
633 3111 737 3177 eciam
764 3107 907 3176 fideliter
934 3107 1096 3177 obediunt
1122 3115 1155 3176 01
1180 3111 1296 3178 inten-

156 3206 252 3297 dunt,
278 3211 324 3276 ita
351 3208 442 3296 quod
468 3226 556 3277 nuno
581 3226 648 3276 non
675 3214 779 3276 restat
804 3207 904 3297 aliud,
932 3208 997 3276 nisi
1016 3206 1107 3296 quod
1127 3226 1188 3297 pro
1209 3228 1296 3278 con·-

154 3306 326 3376 soiatione
343 3315 532 3376 nostrorum
552 3307 697 3375 fidelium
714 3309 748 3375 in
765 3306 912 3394 partibus
937 3307 1030 3376 italia
1057 3308 1143 3375 ultra
1163 3318 1295 3378 montes

154 3409 383 3496 coassumptis
417 3408 516 3476 nobis
544 3409 622 3476 viris
650 3412 683 3474 et
707 3406 832 3475 viribus
864 3408 1049 3495 principum
1077 3413 1110 3475 et
1134 3407 1295 3478 baronum

152 3503 331 3574 Alamanie
359 3506 601 3575 antedictorum
621 3505 695 3575 Deo
723 3505 824 3574 dante
851 3524 914 3574 nos
941 3505 1081 3575 feliciter
1107 3506 1295 3575 transiera-

153 3623 240 3674 mus,
280 3604 378 3686 Quod
394 3606 491 3674 vobis
508 3624 568 3694 pro
586 3605 723 3694 speciali
740 3603 864 3691 gaudio
881 3623 941 3694 per
959 3604 1183 3673 Hermannum
1200 3605 1293 3674 iato-

152 3724 233 3792 ram,
262 3705 455 3774 familiarem
474 3711 633 3793 nostrum,
654 3705 866 3792 presencium
893 3704 1120 3795 exhibitorem,
1148 3722 1292 3793 presen-

153 3805 243 3873 tibus
261 3805 460 3873 intimamus.
502 3803 674 3891 Rogantes
698 3823 761 3872 100
785 3803 973 3894 exaliectu,
1003 3809 1168 3891 quatenus
1195 3803 1291 3872 vobis

152 3904 298 3974 eundem
321 3906 356 3971 in
380 3921 633 3992 recompensam
662 3903 785 3972 laboris
816 3905 869 3972 sui
898 3902 1063 3990 aliquibus
1089 3903 1291 3992 specialibus

151 4003 445 4073 consolationibus
464 4003 616 4072 babeatis
636 4020 747 4071 amore
767 4004 872 4072 nostri
888 4003 1079 4090 specialiter
1094 4003 1291 4071 recommis-

151 4121 235 4171 sum.
261 4103 383 4171 Datum
398 4103 608 4192 Constancie,
626 4103 707 4170 seria
723 4101 870 4171 secunda
892 4107 971 4190 post
996 4099 1082 4167 diem
1094 4101 1189 4169 beati
1204 4102 1291 4170 Bar-

151 4203 323 4292 tboiomei,
342 4204 438 4288 regni
456 4204 562 4271 nostri
577 4220 664 4270 anno
680 4200 920 4290 sextodecimo,
934 4201 1061 4296 imperii
1077 4218 1158 4269 1010
1175 4202 1289 4270 101010.

184 4326 318 4366 10111111
338 4327 440 4367 neurus
461 4323 484 4368 t.
1059 4311 1092 4363 11
