3052 4878
135 753 285 825 NOTAE
302 750 562 822 lllsronlcnn
579 754 635 822 EX
649 752 806 823 CODICE
819 753 1023 824 COENOBII
1040 752 1274 824 SERVORUM

211 881 249 952 B.
262 880 308 950 M.
319 878 358 948 V.
368 877 425 947 DE
440 875 497 946 LA
512 876 653 948 SCALA
668 877 883 950 VERONAE.
937 878 1199 949 toto-1327.

609 1082 808 1092 ———-

212 1225 292 1321 Die
309 1251 476 1321 dominico
490 1253 559 1320 xxii
576 1252 775 1341 septembris
794 1271 953 1322 mcccxxv
974 1251 1088 1320 indict.
1106 1252 1162 1320 viii
1181 1250 1272 1317 Pau·
1292 1261 1357 1315 1325

133 1349 189 1418 lus
215 1350 257 1418 dc
283 1351 392 1420 Dente
419 1371 492 1420 cum
519 1351 716 1438 quibusdam
742 1353 855 1422 amicis
878 1354 949 1420 suis
972 1353 1105 1422 intravit
1127 1349 1271 1418 Paduam
1290 1345 1354 1452 ἓξὲξ

135 1456 170 1516 et
207 1450 287 1518 lecit
316 1451 474 1518 insultum
504 1458 621 1520 contra
653 1453 730 1520 illos
760 1451 806 1519 ne
834 1450 1000 1540 Carraria,
1028 1457 1062 1519 et
1088 1450 1273 1518 numeravit

133 1551 258 1620 domin.
284 1549 466 1639 Nicolaum,
493 1550 688 1641 Mamilium,
722 1549 905 1620 Obizonem
932 1550 975 1617 ad
1001 1555 1148 1637 mortem,
1176 1547 1273 1615 lilar-

136 1651 293 1738 silietum,
322 1654 355 1715 et
380 1650 464 1718 alios
493 1649 535 1718 de
562 1650 651 1719 dicta
677 1649 794 1740 domo,
820 1656 854 1718 et
877 1649 965 1744 ¹logit
991 1649 1032 1718 de
1059 1647 1172 1716 Padua
1198 1664 1272 1714 oum

136 1751 209 1818 suis
236 1746 280 1816 ad
306 1748 389 1816 Tres
417 1749 531 1818 Villas.
571 1749 633 1818 Die
654 1750 732 1818 lune
752 1750 907 1835 sequenti
926 1747 1140 1836 llarsilietus,
1160 1745 1271 1814 Uber·
1306 1747 1339 1800 23

136 1851 228 1916 tinus
256 1845 299 1914 de
325 1844 475 1916 Carraria
501 1854 535 1916 et
561 1849 718 1917 Tartarus
753 1848 795 1916 de
820 1847 1033 1916 Lendenaria
1059 1865 1132 1914 oum
1159 1844 1273 1916 lauto-

134 1948 228 2017 ribus
253 1947 324 2014 suis
347 1946 572 2015 ascenderunt
597 1948 753 2036 palatium
780 1965 863 2015 oom.
881 1947 993 2016 Padue
1021 1952 1055 2014 et
1081 1944 1275 2014 occiderunt

133 2051 338 2136 potestatem
366 2048 421 2132 qui
449 2052 519 2114 erat
545 2045 586 2114 de
614 2045 821 2115 Beehadellis
848 2046 890 2113 de
914 2048 1078 2136 Bononia,
1107 2052 1141 2112 et
1158 2062 1273 2114 omnes

136 2147 259 2214 milites
286 2150 320 2212 et
345 2145 473 2214 iudices
501 2144 697 2214 domicellos
724 2145 912 2214 barroarios
935 2153 969 2213 et
989 2163 1106 2214 ornnes
1134 2143 1274 2212 lamilia·

136 2263 193 2314 res
220 2245 311 2333 eius,
338 2251 373 2312 et
397 2245 500 2314 libros
527 2263 610 2314 com.
638 2262 755 2314 omnes
791 2243 985 2332 diripientes
1019 2251 1054 2312 et
1086 2245 1275 2312 lacerantes

134 2343 292 2413 incendio
327 2343 542 2414 tradiderunt.
593 2345 635 2414 Et
667 2343 822 2414 dominus
856 2343 1016 2412 Nicolaus
1050 2343 1093 2410 de
1125 2342 1276 2412 Carraria

135 2443 300 2513 remansit
314 2461 390 2512 curn
411 2445 481 2512 suis
503 2445 538 2512 in
563 2444 698 2533 palatie,
722 2449 756 2512 et
775 2443 973 2512 Theotonici
990 2442 1124 2512 luerunt
1145 2443 1277 2530 expulsi

136 2543 180 2612 de
206 2541 331 2610 Padua.

211 2641 340 2710 Eodem
355 2641 410 2709 die
422 2639 512 2729 apud
528 2642 662 2710 Porcnri
678 2649 712 2710 et
726 2640 999 2710 lllcntemolarum
1009 2639 1142 2708 Pistorii
1154 2638 1274 2706 Tuscie

135 2741 260 2810 lactum
286 2740 347 2809 luit
372 2742 606 2826 gravissimum
632 2742 770 2829 prelium
796 2743 881 2808 inter
899 2737 1104 2808 Castricium
1130 2745 1164 2804 et
1180 2734 1275 2806 nzo-

137 2859 215 2910 nem
242 2839 480 2908 vicecomitem
508 2846 541 2908 et
566 2848 692 2927 partem
719 2841 941 2929 Imperatoris
968 2840 1174 2926 Pisanorum,
1201 2837 1275 2904 Lu-

135 2958 297 3008 canorum
324 2945 359 3006 et
384 2939 633 3008 Pistoriensium
660 2957 702 3008 ex
727 2959 794 3008 una
819 2945 927 3027 parte,
963 2946 996 3007 ct
1021 2941 1106 3007 inter
1131 2937 1274 3005 Floren-

137 3042 247 3128 linco,
273 3039 528 3128 Bononienses‚
561 3039 759 3129 Perusinos,
787 3038 960 3108 senenses
987 3044 1020 3106 et
1046 3039 1131 3106 alios
1160 3054 1273 3106 eorum

135 3139 263 3206 amicos
301 3155 344 3206 en
375 3137 481 3206 altera
512 3137 555 3206 de
590 3145 683 3227 parte
721 3137 848 3207 Guelin.
892 3138 930 3206 lo
964 3153 1033 3224 quo
1064 3136 1170 3225 prelio
1196 3153 1274 3224 pars

136 3236 330 3304 Guellorum
348 3236 513 3327 occubuit,
540 3243 574 3306 et
597 3243 793 3306 corruerunt
810 3236 852 3304 le
867 3237 1066 3305 Florentinis
1093 3241 1127 3302 et
1153 3235 1275 3302 ceteris

136 3335 262 3406 Guelirs
289 3335 363 3423 plus
391 3353 489 3422 quam
514 3355 583 3404 xxx
599 3337 703 3405 millia
728 3337 913 3423 hominunm
940 3342 974 3404 et
995 3341 1112 3423 eaptus
1132 3333 1193 3403 luit
1208 3333 1275 3402 do-

135 3437 245 3504 minus
271 3433 476 3503 Raimundus
494 3433 536 3502 de
553 3435 711 3504 Garduno
738 3453 811 3502 cum
838 3433 904 3506 lilio
931 3441 966 3504 et
990 3443 1114 3523 nepote
1142 3441 1176 3504 et
1202 3434 1274 3502 aliis

135 3533 248 3602 multis
276 3533 444 3602 nobilibus
473 3540 506 3602 et
532 3536 657 3603 carceri
682 3537 871 3622 mancipati.

212 3633 276 3701 Die
298 3635 432 3700 veneris
449 3653 493 3701 xv
512 3634 702 3702 novembris
721 3635 955 3702 Bononienses
971 3634 1077 3721 prelio
1095 3631 1176 3698 victi
1195 3629 1274 3696 lue·
1294 3652 1356 3693 nov.

136 3738 213 3800 runt
248 3731 338 3820 apud
363 3780 549 3801 ......
556 3727 567 3768 ¹
593 3752 613 3801 a
640 3733 774 3802 domino
800 3733 979 3802 Passerino
1014 3732 1138 3800 vicario
1164 3730 1274 3816 impe·
1310 3707 1341 3760 ¹⁵

135 3831 208 3900 riali
233 3833 268 3900 in
295 3830 434 3900 Mantua
460 3838 494 3900 et
518 3830 657 3921 Mutina,
685 3852 705 3900 a
731 3830 866 3901 domino
883 3829 1059 3919 Raynaldo
1081 3828 1275 3896 marchione

134 3930 272 4000 Estensi
300 3927 466 3998 etAzone
494 3932 566 3998 eius
583 3937 717 4020 nepote,
746 3932 812 4000 filio
839 3931 964 4000 domini
991 3929 1124 3996 Galeaei
1152 3927 1193 3996 de
1210 3926 1275 3994 Vi-

136 4029 358 4098 eeocmitibus
394 4028 435 4098 de
462 4029 666 4100 Mediolano.
716 4031 753 4098 ln
781 4048 847 4117 quo
874 4029 981 4116 prelio
1006 4027 1048 4096 de
1074 4027 1275 4095 Bononien-

135 4129 232 4198 sibus
260 4129 364 4197 0eoisi
392 4134 426 4196 et
452 4131 540 4219 capti
567 4135 646 4198 sunt
671 4129 756 4198 ultra
784 4151 804 4197 x
829 4129 929 4197 millia
950 4129 1105 4217 virorum,
1133 4141 1220 4215 pons
1249 4144 1275 4194 s.

173 4263 206 4330 1)
224 4263 267 4318 bei
285 4263 437 4332 Zappolinc.
