3052 4878
429 202 591 250 0000οι000
611 203 648 248 or
669 203 794 250 auersus
815 205 968 252 0000000.
1197 176 1261 246 itt

132 345 349 434 procurante,
377 337 498 411 luisset
520 341 738 435 denegatum,
766 344 919 414 omnibus
946 344 1054 412 itineri
1081 361 1143 413 suo
1170 343 1269 412 adla-

133 443 287 512 centibus
310 441 505 531 devastatis,
533 441 576 510 ad
592 440 759 511 Austriam
779 445 852 513 sine
869 447 958 512 omni
975 442 1188 512 intestatione
1211 461 1268 511 rc-

124 543 219 610 vversi
244 540 546 629 Ratisponensibus
572 542 673 610 multa
699 542 842 632 dampna
866 550 899 611 ct
913 543 1061 631 pericula
1078 542 1268 632 intulerunt,

131 641 290 712 vestiaria
300 658 413 709 eorum
431 657 496 727 que
506 640 635 707 Vienna
654 641 823 710 habebant
832 641 1064 710 miserabiliter
1080 640 1268 730 spoliando.

202 738 331 809 Eodem
350 745 498 826 tempore
528 739 644 808 claruit
667 741 701 807 10
718 739 902 829 Ratispona
921 739 1022 808 irater
1037 738 1207 809 Arnoldus
1225 738 1267 808 de

133 838 251 907 ordine
278 837 534 928 Prodicatomm,
560 840 611 905 vir
636 838 783 908 literatus
811 846 844 908 et
867 841 1066 930 nominatus,
1094 841 1188 909 cuius
1215 839 1267 907 si-

131 939 217 1006 milis
244 939 278 1004 10
302 933 515 1004 Astronomia
540 939 663 1007 nostris
690 939 895 1029 temporibus
913 946 946 1007 et
961 939 1110 1026 partibus
1129 956 1198 1007 non
1216 943 1268 1006 est

132 1039 239 1124 visus,
267 1038 322 1124 qui
348 1035 450 1104 multa
474 1035 617 1124 predixit
642 1036 759 1129 lutura,
788 1056 851 1126 quc
877 1043 913 1106 ut
929 1037 1070 1105 uidimus
1089 1037 1266 1126 perquin-

131 1137 293 1224 quaginta
325 1152 433 1203 annos
459 1140 538 1223 post
564 1137 636 1203 eius
663 1137 789 1205 obitum
816 1139 898 1205 satis
925 1136 1070 1225 impleta.
1119 1136 1183 1203 llic
1207 1137 1265 1202 in-

131 1241 321 1322 terrogatus
343 1233 385 1302 de
407 1234 465 1300 lite
490 1235 673 1323 principum
695 1234 829 1304 Austric
848 1242 881 1304 et
897 1236 1050 1325 Babarie,
1077 1233 1266 1324 respondit:

129 1333 221 1402 Licet
246 1351 356 1401 omnes
381 1333 534 1401 doctores
559 1338 592 1401 et
615 1335 777 1421 astrologi
798 1339 836 1402 at
853 1352 1006 1420 magnam
1023 1335 1137 1402 1110001
1153 1335 1267 1402 dacem

131 1433 261 1500 Aestate
273 1432 458 1518 prevalere,
479 1449 540 1518 epo
561 1437 669 1500 autem
694 1435 768 1501 dico
792 1433 987 1501 Austrenaea
1004 1452 1027 1500 a
1044 1432 1189 1500 Badarts
1208 1451 1266 1500 00-

124 1533 260 1618 perani,
287 1535 347 1598 aat
367 1531 463 1614 falsa
488 1535 540 1598 est
562 1535 595 1599 et
618 1533 681 1598 erit
704 1533 807 1599 001010
831 1550 906 1600 mea
931 1533 1068 1599 scientia
1092 1536 1126 1600 et
1147 1533 1266 1600 100010.

132 1631 230 1718 Quod
253 1631 302 1696 rei
327 1631 434 1696 eattae
460 1628 692 1716 comprobabit.

203 1726 303 1796 Anno
320 1729 453 1796 Domini
472 1730 672 1798 m.ecc.xx.ii.
689 1729 753 1798 boo
773 1734 826 1798 est
840 1736 958 1798 octavo
974 1747 1063 1798 anno
1078 1748 1098 1797 a
1115 1746 1181 1816 quo
1198 1726 1349 1796 (1001000

128 1827 270 1896 Babarie
288 1827 468 1896 Ludwious
496 1834 530 1896 et
555 1828 622 1896 dux
643 1824 777 1897 Austrie
798 1828 984 1897 Fridericus
1011 1829 1110 1896 electi
1136 1827 1266 1895 lucrant

129 1927 164 1994 in
191 1944 305 2013 regem
330 1925 568 2016 Romanorum,
594 1929 687 1995 venit
717 1930 790 2015 ipse
816 1927 1007 1996 Friderious
1038 1927 1105 1996 dux
1130 1924 1265 1994 Austrio

131 2032 165 2093 et
191 2024 292 2093 irater
318 2027 390 2093 eius
416 2025 579 2094 Henrious
605 2043 678 2093 oum
702 2028 852 2094 exercitu
872 2028 1022 2118 copioso,
1050 2027 1266 2112 congregatis

127 2124 276 2211 ngaris
300 2131 333 2192 01
350 2127 503 2214 paganis,
530 2127 564 2192 10
589 2125 774 2216 Babariam,
801 2126 920 2194 volens
948 2145 1021 2194 eam
1044 2143 1117 2194 oum
1142 2130 1264 2213 poten-

129 2224 176 2292 tia
201 2224 415 2313 pertransire.
466 2222 526 2292 Cui
555 2223 709 2292 dominus
735 2224 916 2292 Ludwious
943 2225 1071 2294 habens
1097 2225 1132 2292 10
1158 2224 1266 2292 comi-

128 2328 201 2391 tatu
227 2339 289 2390 suo
316 2321 483 2390 dominum
509 2321 691 2391 lobannem
714 2341 829 2410 regom
850 2324 1010 2397 Bohemie
1032 2330 1065 2392 01
1081 2323 1265 2412 patruelem

130 2440 228 2490 suum
254 2421 445 2490 Heinricum
472 2421 591 2490 ducem
617 2421 780 2490 inferioris
807 2422 947 2490 Babaric
966 2423 1103 2491 viriliter
1123 2422 1266 2490 occurrit

129 2523 218 2589 inter
242 2519 403 2588 Mttldortl
427 2525 459 2588 et
486 2517 619 2607 Oeting
664 2521 706 2590 Et
731 2521 887 2589 ibidem
878 2540 911 2588 m
938 2538 1065 2610 campo,
1092 2521 1149 2608 qui
1175 2519 1266 2587 dioi-
1283 2542 1378 2583 0000.γ

128 2626 183 2689 tur
209 2618 270 2688 aul
291 2618 350 2686 der
374 2619 616 2705 Velienwisen,
643 2637 716 2687 cum
742 2621 826 2708 ipsis
843 2617 1053 2687 Australibus
1078 2618 1154 2687 lorti
1176 2597 1336 2686 bello28

129 2720 203 2788 site
229 2737 345 2806 pugna
370 2721 456 2786 inter
482 2735 541 2787 eos
568 2737 711 2787 amane
742 2736 851 2808 usque
878 2717 920 2785 ad
946 2718 1115 2786 meridiem
1141 2717 1264 2807 habito,

129 2816 174 2886 de
201 2819 250 2886 eis
277 2817 520 2903 gloriosissime
547 2817 768 2907 triumphavit.
810 2817 925 2885 Multis
953 2819 1040 2885 enim
1056 2815 1266 2886 Australibus

126 2915 312 2984 intersectis
348 2923 381 2984 et
412 2918 552 3007 occisis,
587 2923 620 2984 et
645 2919 786 2984 maxime
813 2915 855 2984 de
881 2917 1025 3002 Ungaris
1054 2923 1087 2984 et
1110 2917 1266 3006 paganis,

103 3017 204 3104 *ipse
231 3015 384 3084 dominus
411 3015 597 3084 Fridcricus
635 3014 702 3083 dux
726 3012 860 3084 Austrie
888 3023 921 3083 01
947 3016 1046 3084 irater
1072 3017 1143 3084 eius
1169 3014 1267 3083 llen-

127 3116 220 3182 ricus
248 3133 321 3182 cum
347 3114 422 3182 aliis
451 3113 492 3182 de
520 3116 668 3182 exercitu
695 3133 756 3183 suo
783 3114 987 3204 potentibus,
1016 3120 1050 3182 01
1073 3115 1267 3182 nominatim

127 3215 260 3281 circiter
281 3214 369 3281 mille
392 3215 559 3303 trecentis,
578 3219 632 3281 est
651 3215 835 3301 captivatus
859 3219 891 3280 et
911 3215 945 3281 in
963 3219 1106 3281 castrum
1125 3214 1267 3280 10000-

126 3313 197 3380 nitz
215 3311 390 3380 deductus.
432 3312 508 3380 Non
528 3313 636 3381 solum
654 3330 726 3379 eum
742 3330 864 3398 magna
880 3311 1063 3402 diligentia,
1091 3312 1267 3380 sedetiam

128 3428 206 3479 cum
239 3412 354 3480 maiori
391 3412 578 3479 reverentia
605 3417 657 3479 cst
681 3410 820 3502 ibidem,
847 3418 946 3499 prout
970 3414 1101 3499 utrique
1127 3411 1267 3500 principi

128 3511 364 3598 conveniebat,
392 3515 593 3578 reservatus.
634 3509 763 3578 Nobilis
786 3515 895 3577 autem
912 3513 1069 3599 princeps
1085 3509 1266 3578 Ludwious

127 3627 204 3677 cum
227 3607 417 3677 Australem
435 3607 638 3696 aliquamdiu
662 3612 695 3677 in
715 3611 903 3697 captivitate
931 3612 1106 3699 tenuisset,
1134 3607 1267 3676 taudem

125 3725 204 3776 eum
223 3711 295 3776 sine
315 3709 405 3777 omni
429 3710 654 3797 pecuniarum,
681 3714 876 3798 castrorum,
904 3710 1082 3796 civitatum,
1109 3707 1266 3774 munitio·

126 3825 208 3875 num
236 3825 276 3874 ac
300 3813 461 3874 terrarum
489 3809 683 3896 exactione,
711 3824 803 3875 more
829 3807 974 3875 liberalis
1000 3806 1167 3895 principis,
1193 3805 1266 3893 pri-

124 3907 217 3974 stine
245 3904 391 3979 reddidit
415 3905 570 3996 libertati,
597 3904 720 3972 nullam
747 3923 847 3995 super
866 3907 962 3991 regni
978 3905 1266 3972 abrenuntiatione

125 4011 163 4074 01
184 4022 285 4093 super
301 4005 468 4093 promisse
495 4005 572 4073 lrdei
591 4010 624 4071 et
643 4005 786 4072 amicitie
814 4005 1062 4073 confirmatione
1088 4002 1186 4070 aliam
1208 4021 1267 4070 re-

126 4104 268 4191 quirens
304 4103 509 4194 cautionem,
545 4104 609 4171 nisi
645 4103 734 4189 quod
767 4105 800 4171 in
832 4105 965 4188 signum
992 4107 1026 4170 et
1051 4101 1150 4170 robur
1176 4108 1267 4170 tanto

123 4205 218 4271 inter
250 4218 312 4271 eos
347 4208 517 4272 contracte
552 4203 693 4270 amicitie
728 4202 889 4271 deberent
915 4201 1012 4270 simul
1036 4201 1071 4270 in
1096 4219 1164 4271 uno
1189 4201 1266 4272 loeo
