3028 4878
267 210 340 280 t32
594 238 736 285 romanas
757 236 962 284 vrororuensrs.
998 235 1023 304 6,
1042 238 1065 288 r.

185 385 252 440 ¹338
268 379 346 448 bum
373 375 454 446 illud
480 375 721 444 maledictionis
744 394 805 444 sue
826 376 940 465 prime,
968 377 1116 446 seilioet:
1142 375 1315 464 „Sanguis
1336 375 1403 442 eius

269 497 368 566 super
392 494 467 565 nos,
496 480 529 542 et
555 491 656 564 super
682 475 768 543 lrlios
795 473 967 564 nostroS,“
992 493 1093 563 super
1116 493 1153 542 se
1176 476 1293 541 iterum
1321 491 1405 542 novo

268 579 411 646 retentio
436 580 623 642 texuerunt.
662 572 733 654 Quo
761 572 948 642 maledictio
983 575 1092 642 multis
1120 581 1153 641 et
1177 572 1404 640 innumerabi-

267 676 353 744 libus
380 680 565 760 atempore
593 673 708 740 mortis
735 672 855 739 Christi
882 674 978 759 quasi
1000 673 1043 741 ad
1068 678 1228 761 perpetue
1257 673 1305 738 rei
1331 689 1403 738 me-

268 776 402 843 moriam
431 789 531 860 super
558 788 618 838 eos
646 771 870 858 multiplieiter
895 772 1017 857 legitur
1040 772 1216 860 cumulata,
1245 788 1330 856 quas
1348 768 1405 836 lo·
1497 829 1498 850 3

268 874 393 963 sephus
422 878 455 939 et
489 871 542 939 alii
577 869 690 958 plures
717 869 973 938 innumerabiles
1001 877 1035 938 et
1060 868 1313 957 inexplicabiles
1341 867 1402 936 de·
1497 859 1498 880 ³

268 975 481 1062 seripserunt,
508 972 600 1037 iuxta
619 969 801 1058 Virgilium,
830 969 885 1056 qui
912 968 1010 1039 dioit:

366 1069 466 1160 „Non
492 1069 571 1134 mihi
594 1069 623 1135 si
639 1068 753 1154 lingue
771 1073 920 1156 eentum,
952 1069 981 1134 si
1002 1083 1142 1153 eorpora
1162 1071 1305 1155 eentum,

392 1169 512 1236 Ferrea
527 1184 592 1235 vox
610 1185 725 1234 omnes
748 1167 909 1234 scelerum
932 1164 1138 1253 deprendere
1159 1181 1292 1253 oausas,

394 1264 513 1333 Omnia
532 1283 691 1353 penarum
709 1281 900 1353 perourrere
917 1267 1051 1332 nomina
1069 1259 1241 1351 possem.“

271 1364 339 1435 Sed
365 1365 479 1432 infelix
505 1364 561 1432 ille
587 1365 743 1455 populus,
771 1365 822 1432 sui
849 1363 960 1433 delieti
986 1363 1160 1452 oonsoius,
1189 1357 1299 1430 Ovidii
1324 1375 1407 1428 ver-

270 1483 327 1534 sus
355 1464 466 1533 dioere
493 1469 623 1551 petest:

367 1562 507 1655 „Multa
521 1563 622 1629 miser
643 1562 753 1649 timeo,
781 1561 859 1647 quia
880 1559 944 1629 leoi
968 1560 1069 1628 multa
1090 1565 1257 1650 proterve,

431 1661 668 1749 Exemplisque
694 1667 792 1748 metu
811 1666 938 1728 terreor
964 1660 1038 1748 ipse
1066 1655 1186 1726 meis.“

267 1762 309 1830 Et
334 1763 429 1830 item:

366 1861 455 1950 „Tot
479 1858 564 1926 mala
586 1877 659 1926 sum
680 1873 816 1947 passuS,
845 1856 936 1943 quod
952 1857 986 1923 in
1001 1856 1114 1924 ethere
1134 1853 1245 1924 sidera
1261 1852 1384 1940 lucent,

434 1958 606 2043 Parvaque
624 1963 706 2044 quot
725 1963 809 2023 terre
827 1973 968 2043 corpora
983 1955 1092 2043 pulvis
1108 1948 1242 2022 babet.“
1497 1991 1498 2076 p

344 2055 471 2125 Eodem
498 2058 594 2124 etiam
622 2073 711 2124 anno
739 2054 820 2122 obrit
846 2053 999 2123 dominus
1025 2054 1199 2121 Heinrieus
1226 2051 1406 2138 episeopus
1497 2077 1498 2104 r

269 2155 495 2244 Laventinus,
524 2154 743 2222 oanoellarius
770 2153 892 2220 domini
917 2151 1045 2221 Alberti
1072 2152 1166 2220 dueis
1192 2148 1348 2236 nustria,
1374 2148 1407 2213 in

268 2253 505 2322 Neunlriroben
531 2253 619 2341 apud
645 2253 772 2322 Novam
800 2249 982 2319 Civitatem.
1016 2252 1057 2319 Et
1073 2257 1150 2339 post
1168 2249 1407 2337 expirationem
1497 2277 1498 2300 r

271 2371 364 2420 suam
400 2355 508 2421 statim
544 2370 662 2420 omnes
698 2352 794 2420 amiel
821 2355 855 2418 et
888 2350 1002 2418 lamuli
1029 2352 1081 2418 sui
1108 2350 1342 2418 discesserunt
1367 2343 1405 2410 ab

271 2470 323 2541 eo,
352 2459 386 2520 et
411 2458 611 2538 aeceperunt
638 2453 750 2518 omnia
774 2449 864 2518 bona
890 2466 962 2540 sua,
991 2467 1097 2537 equos
1122 2455 1155 2516 et
1182 2445 1407 2533 olenodia„e't
1442 2441 1444 2446 '
1497 2485 1498 2542 p

272 2552 354 2618 alias
386 2569 440 2618 res
477 2569 561 2636 quas
594 2568 708 2618 seeum
739 2548 918 2638 habuerat,
955 2559 988 2616 et
1014 2567 1086 2616 eum
1114 2548 1221 2616 solum
1247 2550 1407 2612 mortuum

269 2650 314 2717 ibi
341 2642 565 2731 dimiserunt1,
594 2655 626 2716 et
652 2655 778 2716 tantum
805 2664 873 2713 non
899 2646 1014 2716 babuit
1041 2646 1129 2734 quod
1157 2663 1231 2713 eum
1259 2642 1405 2733 sepelis-

271 2754 347 2816 sent
382 2749 467 2816 oirea
501 2754 650 2816 sanetum
677 2745 843 2814 Andream
869 2747 903 2811 in
928 2745 1110 2833 Laverrtal,
1139 2744 1196 2813 ubi
1222 2741 1407 2832 aoeeptavit

272 2847 414 2936 sepeliri.
448 2846 520 2914 Hoe
544 2845 665 2914 dietum
691 2846 752 2913 luit
778 2845 906 2912 eivibus
926 2845 1020 2913 Nove
1047 2843 1206 2912 Civitatis.
1237 2842 1408 2910 Venerunt
1497 2855 1498 2870 *

270 2947 304 3012 in
331 2944 577 3033 Neunlrirehen‚
605 2952 638 3011 et
661 2951 858 3030 aeceperunt
883 2961 1003 3032 eorpus
1024 2944 1106 3032 eius,
1135 2949 1168 3009 et
1186 2941 1351 3008 duxerunt
1367 2934 1406 3004 ad

272 3045 449 3132 multatam,
478 3049 510 3110 et
536 3043 772 3110 honorabiliter
800 3060 873 3109 oum
892 3045 1033 3129 peounia
1054 3045 1173 3109 oivium
1191 3043 1224 3107 in
1252 3036 1408 3127 paroobia

271 3143 482 3231 sepelierunt,
509 3142 564 3209 ubi
591 3159 681 3209 nuno
708 3146 759 3209 est
786 3141 947 3227 sepultus.
982 3143 1076 3208 Tune
1101 3140 1168 3209 dux
1189 3137 1348 3206 Albertus
1376 3139 1408 3202 et

272 3240 339 3308 dux
357 3237 435 3308 Otto
451 3242 560 3307 omnia
574 3240 663 3308 bona
681 3238 830 3308 eiusdem
848 3241 998 3328 episeopi
1016 3258 1082 3326 que
1098 3238 1242 3307 babebat
1262 3237 1406 3304 Wienne

271 3341 357 3406 inter
383 3357 420 3406 se
447 3339 641 3427 diviserunt,
669 3341 756 3408 siout
783 3339 938 3425 seriptum
967 3357 1025 3427 per
1045 3339 1258 3428 prophetam:
1287 3335 1406 3426 „Divi-

270 3443 385 3506 serunl
410 3438 473 3505 sibi
499 3440 700 3508 vestimenta
724 3456 799 3507 mea
825 3434 912 3508 1111ί

270 3618 321 3686 De
335 3637 441 3686 ceusu
464 3621 552 3705 repis
568 3618 685 3704 Anptie
701 3623 819 3686 eontra
835 3637 945 3704 repam
963 3618 1102 3684 Francia
1115 3616 1274 3684 ventilato
1295 3629 1403 3682 eorum

368 3720 575 3804 imperatore,
593 3715 1119 3802 1111111111ιό111111111111111
1246 3717 1324 3799 Cup.
1341 3710 1401 3777 otti.

189 3859 260 3898 sarr.
343 3830 441 3902 Anno
465 3833 587 3902 domini
611 3836 869 3902 mooomxmviii.
890 3833 1077 3901 Edwardus
1096 3850 1156 3898 rex
1172 3828 1296 3916 Anglie
1317 3827 1401 3895 venit

270 3931 312 3998 nd
340 3933 570 4019 imperatorem
599 3931 816 3999 Ludewioum
844 3934 877 4001 in
909 3935 1166 4017 civitatemque
1200 3925 1399 3998 Conlluentiu

270 4029 408 4119 dieitur,
436 4030 570 4098 ditionis
598 4037 630 4098 et
657 4033 807 4098 territorii
829 4032 1064 4099 *Treverensis
1108 4031 1150 4098 Et
1176 4028 1315 4096 sedente
1339 4027 1398 4092 im·

189 4134 193 4140 '
270 4135 422 4214 peratore
448 4147 507 4217 pro
536 4128 704 4218 tribunali,
731 4136 845 4197 eontra
871 4149 984 4218 regem
1011 4129 1168 4216 brenulo,
1196 4123 1398 4215 presentibus

306 4246 335 4310 1]
354 4244 453 4300 Pezens
472 4250 579 4314 original
598 4250 669 4305 batte
687 4253 818 4305 miserunt.
