<?xml version="1.0" encoding="UTF-8"?>
<!DOCTYPE html PUBLIC "-//W3C//DTD XHTML 1.0 Transitional//EN"
    "http://www.w3.org/TR/xhtml1/DTD/xhtml1-transitional.dtd">
<html xmlns="http://www.w3.org/1999/xhtml" xml:lang="en" lang="en">
 <head>
  <title>
</title>
<meta http-equiv="Content-Type" content="text/html;charset=utf-8" />
  <meta name='ocr-system' content='tesseract 3.04.00' />
  <meta name='ocr-capabilities' content='ocr_page ocr_carea ocr_par ocr_line ocrx_word'/>
</head>
<body>
  <div class='ocr_page' id='page_1' title='image "./fontesrerumgerm02hubegoog_0177.png"; bbox 0 0 3052 4878; ppageno 0'>
   <div class='ocr_carea' id='block_1_1' title="bbox 271 150 1090 225">
    <p class='ocr_par' dir='ltr' id='par_1_1' title="bbox 271 150 1090 225">
     <span class='ocr_line' id='line_1_1' title="bbox 271 150 1090 225; baseline 0.001 -6"><span class='ocrx_word' id='word_1_1' title='bbox 271 150 341 220; x_wconf 79' lang='lat'><strong>132</strong></span> <span class='ocrx_word' id='word_1_2' title='bbox 587 177 702 225; x_wconf 78' lang='lat' dir='ltr'><strong>urcounr</strong></span> <span class='ocrx_word' id='word_1_3' title='bbox 724 178 770 224; x_wconf 85' lang='lat' dir='ltr'><strong>rr.</strong></span> <span class='ocrx_word' id='word_1_4' title='bbox 793 175 932 223; x_wconf 86' lang='lat' dir='ltr'><strong>rornour.</strong></span> <span class='ocrx_word' id='word_1_5' title='bbox 956 174 1090 222; x_wconf 73' lang='lat' dir='ltr'><strong>nurnero.</strong></span> 
     </span>
    </p>
   </div>
   <div class='ocr_carea' id='block_1_2' title="bbox 172 310 1507 3767">
    <p class='ocr_par' dir='ltr' id='par_1_2' title="bbox 190 310 1507 801">
     <span class='ocr_line' id='line_1_2' title="bbox 190 310 1507 407; baseline -0.002 -26"><span class='ocrx_word' id='word_1_6' title='bbox 190 316 376 407; x_wconf 74' lang='lat' dir='ltr'><strong>noroberet,</strong></span> <span class='ocrx_word' id='word_1_7' title='bbox 404 334 445 384; x_wconf 88' lang='lat' dir='ltr'><strong>ex</strong></span> <span class='ocrx_word' id='word_1_8' title='bbox 472 333 538 402; x_wconf 84' lang='lat' dir='ltr'><strong>quo</strong></span> <span class='ocrx_word' id='word_1_9' title='bbox 565 316 704 401; x_wconf 78' lang='lat' dir='ltr'>gratiam</span> <span class='ocrx_word' id='word_1_10' title='bbox 733 314 885 384; x_wconf 93' lang='lat' dir='ltr'><strong>dominus</strong></span> <span class='ocrx_word' id='word_1_11' title='bbox 911 318 1089 404; x_wconf 90' lang='lat' dir='ltr'><strong>imperator</strong></span> <span class='ocrx_word' id='word_1_12' title='bbox 1115 314 1163 382; x_wconf 92' lang='lat' dir='ltr'><strong>eis</strong></span> <span class='ocrx_word' id='word_1_13' title='bbox 1190 311 1323 381; x_wconf 89' lang='lat' dir='ltr'><strong>volebat</strong></span> <span class='ocrx_word' id='word_1_14' title='bbox 1347 310 1397 380; x_wconf 88' lang='lat' dir='ltr'><strong>la·</strong></span> <span class='ocrx_word' id='word_1_15' title='bbox 1506 313 1507 392; x_wconf 64' lang='lat' dir='ltr'><strong>i</strong></span> 
     </span>
     <span class='ocr_line' id='line_1_3' title="bbox 271 411 1398 506; baseline -0.005 -22"><span class='ocrx_word' id='word_1_16' title='bbox 271 433 359 506; x_wconf 89' lang='lat' dir='ltr'><strong>cere,</strong></span> <span class='ocrx_word' id='word_1_17' title='bbox 387 420 420 483; x_wconf 91' lang='lat' dir='ltr'><strong>et</strong></span> <span class='ocrx_word' id='word_1_18' title='bbox 436 415 501 484; x_wconf 88' lang='lat' dir='ltr'><strong>boc</strong></span> <span class='ocrx_word' id='word_1_19' title='bbox 518 414 651 503; x_wconf 90' lang='lat' dir='ltr'><strong>publice</strong></span> <span class='ocrx_word' id='word_1_20' title='bbox 670 414 796 504; x_wconf 92' lang='lat' dir='ltr'><strong>populo</strong></span> <span class='ocrx_word' id='word_1_21' title='bbox 823 414 1000 504; x_wconf 87' lang='lat' dir='ltr'><strong>dicoretur,</strong></span> <span class='ocrx_word' id='word_1_22' title='bbox 1028 411 1119 501; x_wconf 86' lang='lat' dir='ltr'><strong>quod</strong></span> <span class='ocrx_word' id='word_1_23' title='bbox 1146 429 1263 481; x_wconf 89' lang='lat' dir='ltr'><strong>omnes</strong></span> <span class='ocrx_word' id='word_1_24' title='bbox 1288 429 1398 500; x_wconf 91' lang='lat' dir='ltr'><strong>pacem</strong></span> 
     </span>
     <span class='ocr_line' id='line_1_4' title="bbox 270 507 1396 604; baseline -0.005 -21"><span class='ocrx_word' id='word_1_25' title='bbox 270 514 491 604; x_wconf 78' lang='lat' dir='ltr'><strong>impedientes</strong></span> <span class='ocrx_word' id='word_1_26' title='bbox 517 519 635 582; x_wconf 85' lang='lat' dir='ltr'><strong>esseut</strong></span> <span class='ocrx_word' id='word_1_27' title='bbox 660 512 702 580; x_wconf 89' lang='lat' dir='ltr'><strong>ad</strong></span> <span class='ocrx_word' id='word_1_28' title='bbox 729 513 905 582; x_wconf 92' lang='lat' dir='ltr'><strong>clamorem</strong></span> <span class='ocrx_word' id='word_1_29' title='bbox 930 513 1044 602; x_wconf 89' lang='lat' dir='ltr'><strong>populi</strong></span> <span class='ocrx_word' id='word_1_30' title='bbox 1071 513 1105 579; x_wconf 96' lang='lat' dir='ltr'><strong>in</strong></span> <span class='ocrx_word' id='word_1_31' title='bbox 1130 511 1290 600; x_wconf 83' lang='lat' dir='ltr'><strong>pericudo.</strong></span> <span class='ocrx_word' id='word_1_32' title='bbox 1332 507 1396 578; x_wconf 90' lang='lat' dir='ltr'><strong>Re·</strong></span> 
     </span>
     <span class='ocr_line' id='line_1_5' title="bbox 271 609 1398 701; baseline -0.005 -19"><span class='ocrx_word' id='word_1_33' title='bbox 271 620 392 700; x_wconf 89' lang='lat' dir='ltr'><strong>geutes</strong></span> <span class='ocrx_word' id='word_1_34' title='bbox 416 613 595 681; x_wconf 90' lang='lat' dir='ltr'><strong>noluerunt</strong></span> <span class='ocrx_word' id='word_1_35' title='bbox 621 612 711 699; x_wconf 90' lang='lat' dir='ltr'><strong>quod</strong></span> <span class='ocrx_word' id='word_1_36' title='bbox 734 618 848 700; x_wconf 89' lang='lat' dir='ltr'><strong>aperte</strong></span> <span class='ocrx_word' id='word_1_37' title='bbox 870 629 935 698; x_wconf 95' lang='lat' dir='ltr'><strong>ego</strong></span> <span class='ocrx_word' id='word_1_38' title='bbox 955 613 1045 701; x_wconf 91' lang='lat' dir='ltr'><strong>irem,</strong></span> <span class='ocrx_word' id='word_1_39' title='bbox 1073 611 1229 678; x_wconf 90' lang='lat' dir='ltr'><strong>timentes</strong></span> <span class='ocrx_word' id='word_1_40' title='bbox 1246 609 1398 699; x_wconf 89' lang='lat' dir='ltr'><strong>prodicta,</strong></span> 
     </span>
     <span class='ocr_line' id='line_1_6' title="bbox 272 710 1120 801; baseline -0.002 -21"><span class='ocrx_word' id='word_1_41' title='bbox 272 718 305 780; x_wconf 89' lang='lat' dir='ltr'><strong>et</strong></span> <span class='ocrx_word' id='word_1_42' title='bbox 329 710 507 801; x_wconf 89' lang='lat' dir='ltr'><strong>imperator</strong></span> <span class='ocrx_word' id='word_1_43' title='bbox 532 711 638 779; x_wconf 93' lang='lat' dir='ltr'><strong>uoluit</strong></span> <span class='ocrx_word' id='word_1_44' title='bbox 663 710 753 798; x_wconf 86' lang='lat' dir='ltr'><strong>quod</strong></span> <span class='ocrx_word' id='word_1_45' title='bbox 781 729 847 798; x_wconf 84' lang='lat' dir='ltr'><strong>ego</strong></span> <span class='ocrx_word' id='word_1_46' title='bbox 873 713 953 778; x_wconf 92' lang='lat' dir='ltr'><strong>irem</strong></span> <span class='ocrx_word' id='word_1_47' title='bbox 980 711 1120 779; x_wconf 78' lang='lat' dir='ltr'><strong>occulte.</strong></span> 
     </span>
    </p>

    <p class='ocr_par' dir='ltr' id='par_1_3' title="bbox 270 806 1505 1691">
     <span class='ocr_line' id='line_1_7' title="bbox 345 806 1400 899; baseline -0.006 -21"><span class='ocrx_word' id='word_1_48' title='bbox 345 810 406 879; x_wconf 92' lang='lat' dir='ltr'><strong>His</strong></span> <span class='ocrx_word' id='word_1_49' title='bbox 427 810 545 878; x_wconf 91' lang='lat' dir='ltr'><strong>diebus</strong></span> <span class='ocrx_word' id='word_1_50' title='bbox 567 827 671 898; x_wconf 80' lang='lat' dir='ltr'><strong>prope</strong></span> <span class='ocrx_word' id='word_1_51' title='bbox 690 810 839 878; x_wconf 85' lang='lat' dir='ltr'><strong>Mentem</strong></span> <span class='ocrx_word' id='word_1_52' title='bbox 860 809 1066 899; x_wconf 89' lang='lat' dir='ltr'><strong>lmperialem</strong></span> <span class='ocrx_word' id='word_1_53' title='bbox 1083 806 1126 876; x_wconf 93' lang='lat' dir='ltr'><strong>ad</strong></span> <span class='ocrx_word' id='word_1_54' title='bbox 1149 826 1252 875; x_wconf 93' lang='lat' dir='ltr'><strong>unum</strong></span> <span class='ocrx_word' id='word_1_55' title='bbox 1268 806 1400 892; x_wconf 89' lang='lat' dir='ltr'><strong>miliare,</strong></span> 
     </span>
     <span class='ocr_line' id='line_1_8' title="bbox 271 907 1401 995; baseline -0.007 -17"><span class='ocrx_word' id='word_1_56' title='bbox 271 909 314 978; x_wconf 93' lang='lat' dir='ltr'><strong>ad</strong></span> <span class='ocrx_word' id='word_1_57' title='bbox 340 908 407 978; x_wconf 93' lang='lat' dir='ltr'><strong>duo</strong></span> <span class='ocrx_word' id='word_1_58' title='bbox 433 909 487 978; x_wconf 92' lang='lat' dir='ltr'><strong>vel</strong></span> <span class='ocrx_word' id='word_1_59' title='bbox 514 907 557 977; x_wconf 88' lang='lat' dir='ltr'><strong>ad</strong></span> <span class='ocrx_word' id='word_1_60' title='bbox 583 910 645 976; x_wconf 93' lang='lat' dir='ltr'><strong>tria</strong></span> <span class='ocrx_word' id='word_1_61' title='bbox 670 909 703 976; x_wconf 93' lang='lat' dir='ltr'><strong>iu</strong></span> <span class='ocrx_word' id='word_1_62' title='bbox 737 909 841 978; x_wconf 92' lang='lat' dir='ltr'><strong>tribus</strong></span> <span class='ocrx_word' id='word_1_63' title='bbox 877 909 996 976; x_wconf 89' lang='lat' dir='ltr'><strong>castris</strong></span> <span class='ocrx_word' id='word_1_64' title='bbox 1031 909 1136 975; x_wconf 91' lang='lat' dir='ltr'><strong>maior</strong></span> <span class='ocrx_word' id='word_1_65' title='bbox 1168 925 1246 995; x_wconf 91' lang='lat' dir='ltr'><strong>pars</strong></span> <span class='ocrx_word' id='word_1_66' title='bbox 1273 907 1401 994; x_wconf 90' lang='lat' dir='ltr'><strong>stipen-</strong></span> 
     </span>
     <span class='ocr_line' id='line_1_9' title="bbox 271 1005 1401 1097; baseline -0.005 -21"><span class='ocrx_word' id='word_1_67' title='bbox 271 1009 447 1077; x_wconf 89' lang='lat' dir='ltr'><strong>diariomm</strong></span> <span class='ocrx_word' id='word_1_68' title='bbox 475 1009 596 1075; x_wconf 86' lang='lat' dir='ltr'><strong>&#39;luscio</strong></span> <span class='ocrx_word' id='word_1_69' title='bbox 624 1013 703 1097; x_wconf 90' lang='lat' dir='ltr'><strong>erat,</strong></span> <span class='ocrx_word' id='word_1_70' title='bbox 731 1013 764 1076; x_wconf 89' lang='lat' dir='ltr'><strong>et</strong></span> <span class='ocrx_word' id='word_1_71' title='bbox 788 1013 923 1096; x_wconf 87' lang='lat' dir='ltr'><strong>propter</strong></span> <span class='ocrx_word' id='word_1_72' title='bbox 955 1007 1175 1076; x_wconf 82' lang='lat' dir='ltr'><strong>offensionem</strong></span> <span class='ocrx_word' id='word_1_73' title='bbox 1201 1005 1314 1091; x_wconf 88' lang='lat' dir='ltr'><strong>gentis</strong></span> <span class='ocrx_word' id='word_1_74' title='bbox 1340 1005 1401 1070; x_wconf 92' lang='lat' dir='ltr'><strong>im-</strong></span> 
     </span>
     <span class='ocr_line' id='line_1_10' title="bbox 270 1103 1400 1197; baseline -0.007 -21"><span class='ocrx_word' id='word_1_75' title='bbox 270 1111 446 1197; x_wconf 90' lang='lat' dir='ltr'><strong>peratoris,</strong></span> <span class='ocrx_word' id='word_1_76' title='bbox 474 1123 539 1193; x_wconf 91' lang='lat' dir='ltr'><strong>que</strong></span> <span class='ocrx_word' id='word_1_77' title='bbox 565 1107 720 1174; x_wconf 82' lang='lat' dir='ltr'><strong>victualia</strong></span> <span class='ocrx_word' id='word_1_78' title='bbox 746 1106 787 1175; x_wconf 90' lang='lat' dir='ltr'><strong>de</strong></span> <span class='ocrx_word' id='word_1_79' title='bbox 816 1105 965 1174; x_wconf 89' lang='lat' dir='ltr'><strong>Cassulis</strong></span> <span class='ocrx_word' id='word_1_80' title='bbox 991 1106 1162 1175; x_wconf 88' lang='lat' dir='ltr'><strong>venientia</strong></span> <span class='ocrx_word' id='word_1_81' title='bbox 1185 1103 1400 1191; x_wconf 84' lang='lat' dir='ltr'><strong>conducebat,</strong></span> 
     </span>
     <span class='ocr_line' id='line_1_11' title="bbox 270 1202 1402 1293; baseline -0.004 -19"><span class='ocrx_word' id='word_1_82' title='bbox 270 1207 317 1274; x_wconf 91' lang='lat' dir='ltr'><strong>illi</strong></span> <span class='ocrx_word' id='word_1_83' title='bbox 344 1207 400 1292; x_wconf 84' lang='lat' dir='ltr'><strong>qui</strong></span> <span class='ocrx_word' id='word_1_84' title='bbox 428 1211 521 1274; x_wconf 89' lang='lat' dir='ltr'><strong>erant</strong></span> <span class='ocrx_word' id='word_1_85' title='bbox 546 1206 580 1272; x_wconf 91' lang='lat' dir='ltr'><strong>iu</strong></span> <span class='ocrx_word' id='word_1_86' title='bbox 607 1212 717 1274; x_wconf 88' lang='lat' dir='ltr'><strong>castro</strong></span> <span class='ocrx_word' id='word_1_87' title='bbox 745 1204 846 1273; x_wconf 84' lang='lat' dir='ltr'><strong>Collis</strong></span> <span class='ocrx_word' id='word_1_88' title='bbox 872 1223 977 1293; x_wconf 91' lang='lat' dir='ltr'><strong>prope</strong></span> <span class='ocrx_word' id='word_1_89' title='bbox 1004 1209 1155 1272; x_wconf 90' lang='lat' dir='ltr'><strong>sanctum</strong></span> <span class='ocrx_word' id='word_1_90' title='bbox 1180 1202 1402 1270; x_wconf 90' lang='lat' dir='ltr'><strong>Geminianum</strong></span> 
     </span>
     <span class='ocr_line' id='line_1_12' title="bbox 270 1301 1402 1392; baseline -0.003 -22"><span class='ocrx_word' id='word_1_91' title='bbox 270 1306 398 1373; x_wconf 91' lang='lat' dir='ltr'><strong>inuno</strong></span> <span class='ocrx_word' id='word_1_92' title='bbox 426 1321 542 1392; x_wconf 95' lang='lat' dir='ltr'><strong>campo</strong></span> <span class='ocrx_word' id='word_1_93' title='bbox 570 1304 659 1372; x_wconf 92' lang='lat' dir='ltr'><strong>molli</strong></span> <span class='ocrx_word' id='word_1_94' title='bbox 691 1305 820 1392; x_wconf 90' lang='lat' dir='ltr'><strong>aliquos</strong></span> <span class='ocrx_word' id='word_1_95' title='bbox 847 1303 1085 1372; x_wconf 83' lang='lat' dir='ltr'><strong>interfecerunt</strong></span> <span class='ocrx_word' id='word_1_96' title='bbox 1111 1308 1145 1371; x_wconf 92' lang='lat' dir='ltr'><strong>et</strong></span> <span class='ocrx_word' id='word_1_97' title='bbox 1180 1301 1311 1388; x_wconf 88' lang='lat' dir='ltr'><strong>aliquos</strong></span> <span class='ocrx_word' id='word_1_98' title='bbox 1345 1317 1402 1368; x_wconf 90' lang='lat' dir='ltr'><strong>ac-</strong></span> 
     </span>
     <span class='ocr_line' id='line_1_13' title="bbox 271 1401 1480 1491; baseline -0.005 -21"><span class='ocrx_word' id='word_1_99' title='bbox 271 1408 446 1491; x_wconf 73' lang='lat' dir='ltr'><strong>ceperunt,</strong></span> <span class='ocrx_word' id='word_1_100' title='bbox 473 1403 559 1470; x_wconf 90' lang='lat' dir='ltr'><strong>inter</strong></span> <span class='ocrx_word' id='word_1_101' title='bbox 585 1421 669 1490; x_wconf 83' lang='lat' dir='ltr'><strong>quos</strong></span> <span class='ocrx_word' id='word_1_102' title='bbox 695 1401 756 1473; x_wconf 85' lang='lat' dir='ltr'><strong>luit</strong></span> <span class='ocrx_word' id='word_1_103' title='bbox 778 1421 865 1470; x_wconf 91' lang='lat' dir='ltr'><strong>unus</strong></span> <span class='ocrx_word' id='word_1_104' title='bbox 883 1403 1094 1490; x_wconf 90' lang='lat' dir='ltr'><strong>imperatoris</strong></span> <span class='ocrx_word' id='word_1_105' title='bbox 1121 1403 1402 1489; x_wconf 83' lang='lat' dir='ltr'><strong>consanguineus,</strong></span> <span class='ocrx_word' id='word_1_106' title='bbox 1477 1457 1480 1464; x_wconf 93' lang='lat'><em>.</em></span> 
     </span>
     <span class='ocr_line' id='line_1_14' title="bbox 271 1498 1505 1590; baseline -0.003 -22"><span class='ocrx_word' id='word_1_107' title='bbox 271 1501 426 1571; x_wconf 91' lang='lat' dir='ltr'><strong>dominus</strong></span> <span class='ocrx_word' id='word_1_108' title='bbox 451 1498 560 1590; x_wconf 85' lang='lat' dir='ltr'><strong>Aymo</strong></span> <span class='ocrx_word' id='word_1_109' title='bbox 588 1501 630 1569; x_wconf 90' lang='lat' dir='ltr'><strong>de</strong></span> <span class='ocrx_word' id='word_1_110' title='bbox 655 1499 856 1571; x_wconf 85' lang='lat' dir='ltr'><strong>Albomonte</strong></span> <span class='ocrx_word' id='word_1_111' title='bbox 887 1509 1013 1590; x_wconf 90' lang='lat' dir='ltr'><strong>captus.</strong></span> <span class='ocrx_word' id='word_1_112' title='bbox 1057 1500 1128 1569; x_wconf 89' lang='lat' dir='ltr'><strong>Hac</strong></span> <span class='ocrx_word' id='word_1_113' title='bbox 1152 1501 1226 1568; x_wconf 91' lang='lat' dir='ltr'><strong>vice</strong></span> <span class='ocrx_word' id='word_1_114' title='bbox 1253 1503 1402 1587; x_wconf 87' lang='lat' dir='ltr'><strong>excepta,</strong></span> <span class='ocrx_word' id='word_1_115' title='bbox 1504 1575 1505 1580; x_wconf 7' lang='grc' dir='ltr'>η</span> 
     </span>
     <span class='ocr_line' id='line_1_15' title="bbox 270 1599 1404 1691; baseline -0.004 -23"><span class='ocrx_word' id='word_1_116' title='bbox 270 1619 334 1668; x_wconf 91' lang='lat' dir='ltr'><strong>nec</strong></span> <span class='ocrx_word' id='word_1_117' title='bbox 357 1601 424 1670; x_wconf 93' lang='lat' dir='ltr'><strong>vidi</strong></span> <span class='ocrx_word' id='word_1_118' title='bbox 441 1618 505 1668; x_wconf 88' lang='lat' dir='ltr'><strong>neo</strong></span> <span class='ocrx_word' id='word_1_119' title='bbox 523 1600 645 1691; x_wconf 87' lang='lat' dir='ltr'><strong>audivi,</strong></span> <span class='ocrx_word' id='word_1_120' title='bbox 674 1603 754 1688; x_wconf 83' lang='lat' dir='ltr'><strong>quin</strong></span> <span class='ocrx_word' id='word_1_121' title='bbox 778 1601 901 1688; x_wconf 86' lang='lat' dir='ltr'><strong>ubique</strong></span> <span class='ocrx_word' id='word_1_122' title='bbox 924 1599 1104 1689; x_wconf 89' lang='lat' dir='ltr'><strong>perderent</strong></span> <span class='ocrx_word' id='word_1_123' title='bbox 1120 1600 1331 1687; x_wconf 91' lang='lat' dir='ltr'><strong>imperatoris</strong></span> <span class='ocrx_word' id='word_1_124' title='bbox 1349 1615 1404 1665; x_wconf 90' lang='lat' dir='ltr'><strong>re-</strong></span> 
     </span>
    </p>

    <p class='ocr_par' dir='ltr' id='par_1_4' title="bbox 181 1697 1405 2087">
     <span class='ocr_line' id='line_1_16' title="bbox 181 1697 1404 1789; baseline -0.005 -21"><span class='ocrx_word' id='word_1_125' title='bbox 181 1750 182 1754; x_wconf 16' lang='grc' dir='ltr'>η</span> <span class='ocrx_word' id='word_1_126' title='bbox 270 1699 388 1769; x_wconf 90' lang='lat' dir='ltr'><strong>belles.</strong></span> <span class='ocrx_word' id='word_1_127' title='bbox 435 1699 546 1789; x_wconf 87' lang='lat' dir='ltr'><strong>Ipsum</strong></span> <span class='ocrx_word' id='word_1_128' title='bbox 572 1718 667 1768; x_wconf 92' lang='lat' dir='ltr'><strong>suum</strong></span> <span class='ocrx_word' id='word_1_129' title='bbox 698 1701 983 1785; x_wconf 89' lang='lat' dir='ltr'><strong>consanguineum</strong></span> <span class='ocrx_word' id='word_1_130' title='bbox 1013 1717 1087 1766; x_wconf 91' lang='lat' dir='ltr'><strong>cum</strong></span> <span class='ocrx_word' id='word_1_131' title='bbox 1117 1697 1270 1766; x_wconf 92' lang='lat' dir='ltr'><strong>omuibus</strong></span> <span class='ocrx_word' id='word_1_132' title='bbox 1302 1697 1404 1786; x_wconf 89' lang='lat' dir='ltr'><strong>captis</strong></span> 
     </span>
     <span class='ocr_line' id='line_1_17' title="bbox 269 1795 1402 1890; baseline -0.005 -24"><span class='ocrx_word' id='word_1_133' title='bbox 269 1817 331 1888; x_wconf 92' lang='lat' dir='ltr'><strong>pro</strong></span> <span class='ocrx_word' id='word_1_134' title='bbox 358 1798 461 1866; x_wconf 92' lang='lat' dir='ltr'><strong>tribus</strong></span> <span class='ocrx_word' id='word_1_135' title='bbox 495 1798 624 1866; x_wconf 93' lang='lat' dir='ltr'><strong>milibus</strong></span> <span class='ocrx_word' id='word_1_136' title='bbox 659 1799 858 1867; x_wconf 84' lang='lat' dir='ltr'><strong>florenorum</strong></span> <span class='ocrx_word' id='word_1_137' title='bbox 885 1797 1025 1866; x_wconf 84' lang='lat' dir='ltr'><strong>redemit</strong></span> <span class='ocrx_word' id='word_1_138' title='bbox 1048 1799 1237 1890; x_wconf 88' lang='lat' dir='ltr'><strong>imperator.</strong></span> <span class='ocrx_word' id='word_1_139' title='bbox 1282 1795 1402 1865; x_wconf 81' lang='lat' dir='ltr'><strong>Mortui</strong></span> 
     </span>
     <span class='ocr_line' id='line_1_18' title="bbox 270 1894 1405 1987; baseline -0.004 -23"><span class='ocrx_word' id='word_1_140' title='bbox 270 1897 404 1964; x_wconf 84' lang='lat' dir='ltr'><strong>luerunt</strong></span> <span class='ocrx_word' id='word_1_141' title='bbox 429 1897 514 1963; x_wconf 90' lang='lat' dir='ltr'><strong>inter</strong></span> <span class='ocrx_word' id='word_1_142' title='bbox 541 1914 657 1966; x_wconf 90' lang='lat' dir='ltr'><strong>omnes</strong></span> <span class='ocrx_word' id='word_1_143' title='bbox 685 1900 772 1966; x_wconf 91' lang='lat' dir='ltr'><strong>circa</strong></span> <span class='ocrx_word' id='word_1_144' title='bbox 798 1898 941 1987; x_wconf 92' lang='lat' dir='ltr'><strong>triginta,</strong></span> <span class='ocrx_word' id='word_1_145' title='bbox 968 1896 1078 1964; x_wconf 89' lang='lat' dir='ltr'><strong>nullus</strong></span> <span class='ocrx_word' id='word_1_146' title='bbox 1096 1903 1206 1964; x_wconf 91' lang='lat' dir='ltr'><strong>tamen</strong></span> <span class='ocrx_word' id='word_1_147' title='bbox 1225 1896 1332 1965; x_wconf 91' lang='lat' dir='ltr'><strong>miles.</strong></span> <span class='ocrx_word' id='word_1_148' title='bbox 1366 1894 1405 1962; x_wconf 88' lang='lat' dir='ltr'><strong>Et</strong></span> 
     </span>
     <span class='ocr_line' id='line_1_19' title="bbox 273 1993 1405 2087; baseline -0.002 -25"><span class='ocrx_word' id='word_1_149' title='bbox 273 1997 349 2083; x_wconf 88' lang='lat' dir='ltr'><strong>quia</strong></span> <span class='ocrx_word' id='word_1_150' title='bbox 383 1993 640 2081; x_wconf 89' lang='lat' dir='ltr'><strong>quadragesima</strong></span> <span class='ocrx_word' id='word_1_151' title='bbox 665 2002 753 2087; x_wconf 91' lang='lat' dir='ltr'><strong>erat,</strong></span> <span class='ocrx_word' id='word_1_152' title='bbox 781 2001 815 2064; x_wconf 92' lang='lat' dir='ltr'><strong>et</strong></span> <span class='ocrx_word' id='word_1_153' title='bbox 838 1997 951 2083; x_wconf 91' lang='lat' dir='ltr'><strong>pisces</strong></span> <span class='ocrx_word' id='word_1_154' title='bbox 978 2013 1046 2063; x_wconf 93' lang='lat' dir='ltr'><strong>non</strong></span> <span class='ocrx_word' id='word_1_155' title='bbox 1071 1994 1347 2085; x_wconf 88' lang='lat' dir='ltr'><strong>inveniebantur,</strong></span> <span class='ocrx_word' id='word_1_156' title='bbox 1374 1997 1405 2061; x_wconf 89' lang='lat' dir='ltr'><strong>et</strong></span> 
     </span>
    </p>

    <p class='ocr_par' dir='ltr' id='par_1_5' title="bbox 172 2092 1409 2876">
     <span class='ocr_line' id='line_1_20' title="bbox 172 2092 1405 2184; baseline -0.002 -22"><span class='ocrx_word' id='word_1_157' title='bbox 172 2135 174 2140; x_wconf 30' lang='grc' dir='ltr'><em>ι</em></span> <span class='ocrx_word' id='word_1_158' title='bbox 271 2096 335 2162; x_wconf 93' lang='lat' dir='ltr'><strong>iam</strong></span> <span class='ocrx_word' id='word_1_159' title='bbox 360 2097 496 2181; x_wconf 91' lang='lat' dir='ltr'><strong>propter</strong></span> <span class='ocrx_word' id='word_1_160' title='bbox 521 2112 645 2162; x_wconf 92' lang='lat' dir='ltr'><strong>moram</strong></span> <span class='ocrx_word' id='word_1_161' title='bbox 670 2095 805 2181; x_wconf 92' lang='lat' dir='ltr'><strong>longam</strong></span> <span class='ocrx_word' id='word_1_162' title='bbox 826 2095 983 2162; x_wconf 92' lang='lat' dir='ltr'><strong>victualia</strong></span> <span class='ocrx_word' id='word_1_163' title='bbox 998 2094 1096 2184; x_wconf 94' lang='lat' dir='ltr'><strong>male,</strong></span> <span class='ocrx_word' id='word_1_164' title='bbox 1122 2095 1200 2180; x_wconf 91' lang='lat' dir='ltr'><strong>quia</strong></span> <span class='ocrx_word' id='word_1_165' title='bbox 1215 2094 1263 2160; x_wconf 90' lang='lat' dir='ltr'><strong>illi</strong></span> <span class='ocrx_word' id='word_1_166' title='bbox 1278 2093 1322 2162; x_wconf 94' lang='lat' dir='ltr'><strong>de</strong></span> <span class='ocrx_word' id='word_1_167' title='bbox 1341 2092 1405 2160; x_wconf 93' lang='lat' dir='ltr'><strong>illis</strong></span> 
     </span>
     <span class='ocr_line' id='line_1_21' title="bbox 272 2190 1407 2283; baseline -0.001 -23"><span class='ocrx_word' id='word_1_168' title='bbox 272 2193 375 2274; x_wconf 89' lang='lat' dir='ltr'><strong>tribus</strong></span> <span class='ocrx_word' id='word_1_169' title='bbox 403 2193 536 2282; x_wconf 90' lang='lat' dir='ltr'><strong>castris,</strong></span> <span class='ocrx_word' id='word_1_170' title='bbox 565 2194 621 2280; x_wconf 89' lang='lat' dir='ltr'><strong>qui</strong></span> <span class='ocrx_word' id='word_1_171' title='bbox 647 2192 731 2262; x_wconf 86' lang='lat' dir='ltr'><strong>sorte</strong></span> <span class='ocrx_word' id='word_1_172' title='bbox 758 2198 852 2262; x_wconf 90' lang='lat' dir='ltr'><strong>erant</strong></span> <span class='ocrx_word' id='word_1_173' title='bbox 877 2193 991 2282; x_wconf 91' lang='lat' dir='ltr'><strong>plures</strong></span> <span class='ocrx_word' id='word_1_174' title='bbox 1018 2211 1114 2280; x_wconf 85' lang='lat' dir='ltr'><strong>quam</strong></span> <span class='ocrx_word' id='word_1_175' title='bbox 1142 2211 1222 2283; x_wconf 93' lang='lat' dir='ltr'><strong>nos,</strong></span> <span class='ocrx_word' id='word_1_176' title='bbox 1250 2190 1407 2261; x_wconf 89' lang='lat' dir='ltr'><strong>destrue-</strong></span> 
     </span>
     <span class='ocr_line' id='line_1_22' title="bbox 271 2291 1408 2382; baseline -0.004 -22"><span class='ocrx_word' id='word_1_177' title='bbox 271 2292 353 2360; x_wconf 89' lang='lat' dir='ltr'><strong>bant</strong></span> <span class='ocrx_word' id='word_1_178' title='bbox 385 2291 460 2358; x_wconf 90' lang='lat' dir='ltr'><strong>illos</strong></span> <span class='ocrx_word' id='word_1_179' title='bbox 496 2292 552 2378; x_wconf 89' lang='lat' dir='ltr'><strong>qui</strong></span> <span class='ocrx_word' id='word_1_180' title='bbox 581 2293 770 2381; x_wconf 91' lang='lat' dir='ltr'><strong>imperatori</strong></span> <span class='ocrx_word' id='word_1_181' title='bbox 801 2291 1022 2381; x_wconf 86' lang='lat' dir='ltr'><strong>obediebant,</strong></span> <span class='ocrx_word' id='word_1_182' title='bbox 1051 2295 1084 2360; x_wconf 91' lang='lat' dir='ltr'><strong>et</strong></span> <span class='ocrx_word' id='word_1_183' title='bbox 1109 2309 1172 2359; x_wconf 92' lang='lat' dir='ltr'><strong>nos</strong></span> <span class='ocrx_word' id='word_1_184' title='bbox 1200 2292 1305 2382; x_wconf 79' lang='lat' dir='ltr'><strong>alioS,</strong></span> <span class='ocrx_word' id='word_1_185' title='bbox 1333 2292 1408 2359; x_wconf 90' lang='lat' dir='ltr'><strong>licet</strong></span> 
     </span>
     <span class='ocr_line' id='line_1_23' title="bbox 274 2389 1407 2480; baseline -0.002 -22"><span class='ocrx_word' id='word_1_186' title='bbox 274 2409 347 2458; x_wconf 88' lang='lat' dir='ltr'><strong>curn</strong></span> <span class='ocrx_word' id='word_1_187' title='bbox 384 2389 578 2458; x_wconf 85' lang='lat' dir='ltr'><strong>difficultate</strong></span> <span class='ocrx_word' id='word_1_188' title='bbox 610 2399 728 2480; x_wconf 91' lang='lat' dir='ltr'><strong>posset</strong></span> <span class='ocrx_word' id='word_1_189' title='bbox 760 2393 939 2480; x_wconf 90' lang='lat' dir='ltr'><strong>imperator</strong></span> <span class='ocrx_word' id='word_1_190' title='bbox 964 2389 1076 2458; x_wconf 92' lang='lat' dir='ltr'><strong>induci</strong></span> <span class='ocrx_word' id='word_1_191' title='bbox 1103 2389 1145 2458; x_wconf 90' lang='lat' dir='ltr'><strong>ad</strong></span> <span class='ocrx_word' id='word_1_192' title='bbox 1172 2389 1407 2478; x_wconf 91' lang='lat' dir='ltr'><strong>recedendum,</strong></span> 
     </span>
     <span class='ocr_line' id='line_1_24' title="bbox 273 2488 1409 2579; baseline -0.004 -21"><span class='ocrx_word' id='word_1_193' title='bbox 273 2495 385 2558; x_wconf 89' lang='lat' dir='ltr'><strong>tamen</strong></span> <span class='ocrx_word' id='word_1_194' title='bbox 404 2489 485 2558; x_wconf 92' lang='lat' dir='ltr'><strong>illud</strong></span> <span class='ocrx_word' id='word_1_195' title='bbox 508 2507 569 2578; x_wconf 94' lang='lat' dir='ltr'><strong>pro</strong></span> <span class='ocrx_word' id='word_1_196' title='bbox 588 2492 659 2559; x_wconf 93' lang='lat' dir='ltr'><strong>suis</strong></span> <span class='ocrx_word' id='word_1_197' title='bbox 677 2491 834 2578; x_wconf 91' lang='lat' dir='ltr'><strong>gentibus</strong></span> <span class='ocrx_word' id='word_1_198' title='bbox 853 2491 964 2576; x_wconf 82' lang='lat' dir='ltr'><strong>coegit</strong></span> <span class='ocrx_word' id='word_1_199' title='bbox 988 2507 1073 2579; x_wconf 84' lang='lat' dir='ltr'><strong>eum,</strong></span> <span class='ocrx_word' id='word_1_200' title='bbox 1089 2488 1179 2576; x_wconf 89' lang='lat' dir='ltr'><strong>quod</strong></span> <span class='ocrx_word' id='word_1_201' title='bbox 1194 2491 1285 2575; x_wconf 85' lang='lat' dir='ltr'><strong>cogit</strong></span> <span class='ocrx_word' id='word_1_202' title='bbox 1298 2490 1409 2579; x_wconf 93' lang='lat' dir='ltr'><strong>lupum</strong></span> 
     </span>
     <span class='ocr_line' id='line_1_25' title="bbox 273 2588 1407 2677; baseline -0.001 -20"><span class='ocrx_word' id='word_1_203' title='bbox 273 2588 453 2677; x_wconf 84' lang='lat' dir='ltr'><strong>aliquando</strong></span> <span class='ocrx_word' id='word_1_204' title='bbox 477 2588 518 2657; x_wconf 93' lang='lat' dir='ltr'><strong>de</strong></span> <span class='ocrx_word' id='word_1_205' title='bbox 545 2589 628 2658; x_wconf 91' lang='lat' dir='ltr'><strong>silva</strong></span> <span class='ocrx_word' id='word_1_206' title='bbox 651 2591 820 2659; x_wconf 90' lang='lat' dir='ltr'><strong>recedere.</strong></span> <span class='ocrx_word' id='word_1_207' title='bbox 862 2589 929 2656; x_wconf 93' lang='lat' dir='ltr'><strong>lam</strong></span> <span class='ocrx_word' id='word_1_208' title='bbox 946 2591 1032 2655; x_wconf 90' lang='lat' dir='ltr'><strong>enirn</strong></span> <span class='ocrx_word' id='word_1_209' title='bbox 1048 2589 1099 2654; x_wconf 93' lang='lat' dir='ltr'><strong>sui</strong></span> <span class='ocrx_word' id='word_1_210' title='bbox 1113 2589 1244 2656; x_wconf 90' lang='lat' dir='ltr'><strong>iverant</strong></span> <span class='ocrx_word' id='word_1_211' title='bbox 1259 2590 1312 2657; x_wconf 91' lang='lat' dir='ltr'><strong>bis</strong></span> <span class='ocrx_word' id='word_1_212' title='bbox 1332 2592 1407 2656; x_wconf 85' lang='lat' dir='ltr'><strong>aute</strong></span> 
     </span>
     <span class='ocr_line' id='line_1_26' title="bbox 274 2685 1406 2779; baseline -0.004 -21"><span class='ocrx_word' id='word_1_213' title='bbox 274 2689 400 2778; x_wconf 89' lang='lat' dir='ltr'><strong>Senas,</strong></span> <span class='ocrx_word' id='word_1_214' title='bbox 428 2693 462 2754; x_wconf 93' lang='lat' dir='ltr'><strong>et</strong></span> <span class='ocrx_word' id='word_1_215' title='bbox 487 2693 591 2755; x_wconf 93' lang='lat' dir='ltr'><strong>totum</strong></span> <span class='ocrx_word' id='word_1_216' title='bbox 616 2695 688 2757; x_wconf 85' lang='lat' dir='ltr'><strong>erat</strong></span> <span class='ocrx_word' id='word_1_217' title='bbox 707 2694 930 2779; x_wconf 82' lang='lat' dir='ltr'><strong>apportatum,</strong></span> <span class='ocrx_word' id='word_1_218' title='bbox 958 2685 1115 2774; x_wconf 86' lang='lat' dir='ltr'><strong>quicquid</strong></span> <span class='ocrx_word' id='word_1_219' title='bbox 1142 2693 1212 2755; x_wconf 89' lang='lat' dir='ltr'><strong>erat</strong></span> <span class='ocrx_word' id='word_1_220' title='bbox 1236 2689 1406 2756; x_wconf 91' lang='lat' dir='ltr'><strong>inventum</strong></span> 
     </span>
     <span class='ocr_line' id='line_1_27' title="bbox 273 2787 569 2876; baseline 0 -22"><span class='ocrx_word' id='word_1_221' title='bbox 273 2805 333 2876; x_wconf 95' lang='lat' dir='ltr'><strong>pro</strong></span> <span class='ocrx_word' id='word_1_222' title='bbox 359 2787 569 2854; x_wconf 77' lang='lat' dir='ltr'><strong>victualibus</strong></span> 
     </span>
    </p>

    <p class='ocr_par' dir='ltr' id='par_1_6' title="bbox 182 2883 1428 3473">
     <span class='ocr_line' id='line_1_28' title="bbox 182 2883 1407 2977; baseline 0.003 -28"><span class='ocrx_word' id='word_1_223' title='bbox 182 2907 264 2949; x_wconf 78' lang='lat' dir='ltr'><strong>uiui.</strong></span> <span class='ocrx_word' id='word_1_224' title='bbox 347 2885 493 2953; x_wconf 90' lang='lat' dir='ltr'><strong>Dimisso</strong></span> <span class='ocrx_word' id='word_1_225' title='bbox 518 2883 634 2952; x_wconf 89' lang='lat' dir='ltr'><strong>Monte</strong></span> <span class='ocrx_word' id='word_1_226' title='bbox 653 2885 816 2974; x_wconf 91' lang='lat' dir='ltr'><strong>Imperiali</strong></span> <span class='ocrx_word' id='word_1_227' title='bbox 838 2887 964 2958; x_wconf 85' lang='lat' dir='ltr'><strong>firmato</strong></span> <span class='ocrx_word' id='word_1_228' title='bbox 983 2888 1095 2977; x_wconf 91' lang='lat' dir='ltr'><strong>lignis,</strong></span> <span class='ocrx_word' id='word_1_229' title='bbox 1123 2892 1156 2954; x_wconf 89' lang='lat' dir='ltr'><strong>et</strong></span> <span class='ocrx_word' id='word_1_230' title='bbox 1175 2887 1281 2976; x_wconf 89' lang='lat' dir='ltr'><strong>portis</strong></span> <span class='ocrx_word' id='word_1_231' title='bbox 1302 2884 1407 2975; x_wconf 77' lang='lat' dir='ltr'><strong>laotiS,</strong></span> 
     </span>
     <span class='ocr_line' id='line_1_29' title="bbox 275 2983 1410 3074; baseline 0.001 -24"><span class='ocrx_word' id='word_1_232' title='bbox 275 2989 309 3050; x_wconf 91' lang='lat' dir='ltr'><strong>et</strong></span> <span class='ocrx_word' id='word_1_233' title='bbox 323 2984 498 3070; x_wconf 88' lang='lat' dir='ltr'><strong>plusquam</strong></span> <span class='ocrx_word' id='word_1_234' title='bbox 518 2984 606 3051; x_wconf 88' lang='lat' dir='ltr'><strong>millo</strong></span> <span class='ocrx_word' id='word_1_235' title='bbox 623 2983 810 3052; x_wconf 91' lang='lat' dir='ltr'><strong>bominibus</strong></span> <span class='ocrx_word' id='word_1_236' title='bbox 826 2986 1061 3074; x_wconf 91' lang='lat' dir='ltr'><strong>babitantibus,</strong></span> <span class='ocrx_word' id='word_1_237' title='bbox 1088 2985 1220 3074; x_wconf 90' lang='lat' dir='ltr'><strong>pedites</strong></span> <span class='ocrx_word' id='word_1_238' title='bbox 1248 2990 1282 3053; x_wconf 89' lang='lat' dir='ltr'><strong>et</strong></span> <span class='ocrx_word' id='word_1_239' title='bbox 1308 2985 1410 3072; x_wconf 84' lang='lat' dir='ltr'><strong>equi-</strong></span> 
     </span>
     <span class='ocr_line' id='line_1_30' title="bbox 276 3081 1410 3172; baseline 0.003 -24"><span class='ocrx_word' id='word_1_240' title='bbox 276 3088 325 3150; x_wconf 90' lang='lat' dir='ltr'><strong>tes</strong></span> <span class='ocrx_word' id='word_1_241' title='bbox 353 3087 402 3150; x_wconf 93' lang='lat' dir='ltr'><strong>tot</strong></span> <span class='ocrx_word' id='word_1_242' title='bbox 427 3081 557 3172; x_wconf 91' lang='lat' dir='ltr'><strong>dimisit,</strong></span> <span class='ocrx_word' id='word_1_243' title='bbox 585 3088 666 3170; x_wconf 91' lang='lat' dir='ltr'><strong>quot</strong></span> <span class='ocrx_word' id='word_1_244' title='bbox 692 3083 734 3152; x_wconf 94' lang='lat' dir='ltr'><strong>ad</strong></span> <span class='ocrx_word' id='word_1_245' title='bbox 761 3084 945 3153; x_wconf 89' lang='lat' dir='ltr'><strong>custodiam</strong></span> <span class='ocrx_word' id='word_1_246' title='bbox 971 3086 1076 3172; x_wconf 91' lang='lat' dir='ltr'><strong>patrie</strong></span> <span class='ocrx_word' id='word_1_247' title='bbox 1100 3086 1282 3154; x_wconf 90' lang='lat' dir='ltr'><strong>necessarii</strong></span> <span class='ocrx_word' id='word_1_248' title='bbox 1308 3083 1410 3153; x_wconf 89' lang='lat' dir='ltr'><strong>vide-</strong></span> 
     </span>
     <span class='ocr_line' id='line_1_31' title="bbox 274 3181 1410 3253; baseline 0 -5"><span class='ocrx_word' id='word_1_249' title='bbox 274 3181 403 3249; x_wconf 90' lang='lat' dir='ltr'><strong>bantur.</strong></span> <span class='ocrx_word' id='word_1_250' title='bbox 442 3181 483 3249; x_wconf 85' lang='lat' dir='ltr'><strong>llt</strong></span> <span class='ocrx_word' id='word_1_251' title='bbox 507 3182 586 3249; x_wconf 89' lang='lat' dir='ltr'><strong>licet</strong></span> <span class='ocrx_word' id='word_1_252' title='bbox 610 3181 652 3249; x_wconf 91' lang='lat' dir='ltr'><strong>de</strong></span> <span class='ocrx_word' id='word_1_253' title='bbox 678 3183 734 3250; x_wconf 94' lang='lat' dir='ltr'><strong>illo</strong></span> <span class='ocrx_word' id='word_1_254' title='bbox 760 3183 836 3253; x_wconf 91' lang='lat' dir='ltr'><strong>loco</strong></span> <span class='ocrx_word' id='word_1_255' title='bbox 864 3189 958 3252; x_wconf 90' lang='lat' dir='ltr'><strong>esset</strong></span> <span class='ocrx_word' id='word_1_256' title='bbox 974 3186 1029 3251; x_wconf 91' lang='lat' dir='ltr'><strong>via</strong></span> <span class='ocrx_word' id='word_1_257' title='bbox 1048 3183 1149 3252; x_wconf 90' lang='lat' dir='ltr'><strong>cundi</strong></span> <span class='ocrx_word' id='word_1_258' title='bbox 1171 3185 1203 3251; x_wconf 90' lang='lat' dir='ltr'><strong>in</strong></span> <span class='ocrx_word' id='word_1_259' title='bbox 1222 3184 1318 3252; x_wconf 92' lang='lat' dir='ltr'><strong>Pisas</strong></span> <span class='ocrx_word' id='word_1_260' title='bbox 1337 3184 1410 3252; x_wconf 89' lang='lat' dir='ltr'><strong>siue</strong></span> 
     </span>
     <span class='ocr_line' id='line_1_32' title="bbox 273 3280 1428 3375; baseline 0.001 -28"><span class='ocrx_word' id='word_1_261' title='bbox 273 3280 443 3370; x_wconf 90' lang='lat' dir='ltr'><strong>periculo,</strong></span> <span class='ocrx_word' id='word_1_262' title='bbox 475 3285 600 3370; x_wconf 93' lang='lat' dir='ltr'><strong>tamen,</strong></span> <span class='ocrx_word' id='word_1_263' title='bbox 636 3283 714 3367; x_wconf 85' lang='lat' dir='ltr'><strong>quia</strong></span> <span class='ocrx_word' id='word_1_264' title='bbox 744 3282 878 3369; x_wconf 78' lang='lat' dir='ltr'><strong>longior</strong></span> <span class='ocrx_word' id='word_1_265' title='bbox 903 3287 973 3350; x_wconf 88' lang='lat' dir='ltr'><strong>erat</strong></span> <span class='ocrx_word' id='word_1_266' title='bbox 1012 3301 1109 3370; x_wconf 88' lang='lat' dir='ltr'><strong>quam</strong></span> <span class='ocrx_word' id='word_1_267' title='bbox 1135 3288 1244 3375; x_wconf 90' lang='lat' dir='ltr'><strong>recta,</strong></span> <span class='ocrx_word' id='word_1_268' title='bbox 1279 3285 1314 3350; x_wconf 90' lang='lat' dir='ltr'><strong>iu</strong></span> <span class='ocrx_word' id='word_1_269' title='bbox 1347 3298 1428 3368; x_wconf 82' lang='lat' dir='ltr'><strong>quo·</strong></span> 
     </span>
     <span class='ocr_line' id='line_1_33' title="bbox 274 3378 1410 3473; baseline 0.004 -29"><span class='ocrx_word' id='word_1_270' title='bbox 274 3383 345 3445; x_wconf 88' lang='lat' dir='ltr'><strong>erat</strong></span> <span class='ocrx_word' id='word_1_271' title='bbox 376 3378 551 3445; x_wconf 86' lang='lat' dir='ltr'><strong>maximum</strong></span> <span class='ocrx_word' id='word_1_272' title='bbox 582 3379 761 3466; x_wconf 91' lang='lat' dir='ltr'><strong>periculum</strong></span> <span class='ocrx_word' id='word_1_273' title='bbox 787 3383 902 3470; x_wconf 91' lang='lat' dir='ltr'><strong>paucis</strong></span> <span class='ocrx_word' id='word_1_274' title='bbox 928 3379 1103 3473; x_wconf 87' lang='lat' dir='ltr'><strong>videlicet,</strong></span> <span class='ocrx_word' id='word_1_275' title='bbox 1130 3382 1229 3450; x_wconf 89' lang='lat' dir='ltr'><strong>nullis</strong></span> <span class='ocrx_word' id='word_1_276' title='bbox 1257 3397 1410 3450; x_wconf 90' lang='lat' dir='ltr'><strong>consen-</strong></span> 
     </span>
    </p>

    <p class='ocr_par' dir='ltr' id='par_1_7' title="bbox 253 3476 1412 3767">
     <span class='ocr_line' id='line_1_34' title="bbox 253 3476 1411 3574; baseline 0.003 -30"><span class='ocrx_word' id='word_1_277' title='bbox 253 3476 432 3574; x_wconf 84' lang='lat' dir='ltr'><strong>tientibus</strong></span> <span class='ocrx_word' id='word_1_278' title='bbox 458 3494 519 3565; x_wconf 93' lang='lat' dir='ltr'><strong>per</strong></span> <span class='ocrx_word' id='word_1_279' title='bbox 543 3477 686 3546; x_wconf 92' lang='lat' dir='ltr'><strong>medium</strong></span> <span class='ocrx_word' id='word_1_280' title='bbox 711 3481 917 3548; x_wconf 89' lang='lat' dir='ltr'><strong>inimicorum</strong></span> <span class='ocrx_word' id='word_1_281' title='bbox 943 3497 1003 3568; x_wconf 89' lang='lat' dir='ltr'><strong>per</strong></span> <span class='ocrx_word' id='word_1_282' title='bbox 1029 3486 1132 3548; x_wconf 89' lang='lat' dir='ltr'><strong>totum</strong></span> <span class='ocrx_word' id='word_1_283' title='bbox 1160 3480 1246 3549; x_wconf 90' lang='lat' dir='ltr'><strong>diem</strong></span> <span class='ocrx_word' id='word_1_284' title='bbox 1274 3481 1411 3568; x_wconf 87' lang='lat' dir='ltr'><strong>equita-</strong></span> 
     </span>
     <span class='ocr_line' id='line_1_35' title="bbox 274 3574 1411 3670; baseline 0.002 -26"><span class='ocrx_word' id='word_1_285' title='bbox 274 3577 337 3667; x_wconf 93' lang='lat' dir='ltr'><strong>vit,</strong></span> <span class='ocrx_word' id='word_1_286' title='bbox 364 3574 429 3644; x_wconf 92' lang='lat' dir='ltr'><strong>hoo</strong></span> <span class='ocrx_word' id='word_1_287' title='bbox 454 3580 507 3643; x_wconf 91' lang='lat' dir='ltr'><strong>est</strong></span> <span class='ocrx_word' id='word_1_288' title='bbox 537 3577 620 3643; x_wconf 89' lang='lat' dir='ltr'><strong>inter</strong></span> <span class='ocrx_word' id='word_1_289' title='bbox 647 3586 797 3647; x_wconf 91' lang='lat' dir='ltr'><strong>sanctum</strong></span> <span class='ocrx_word' id='word_1_290' title='bbox 823 3580 1068 3670; x_wconf 87' lang='lat' dir='ltr'><strong>Geminianum,</strong></span> <span class='ocrx_word' id='word_1_291' title='bbox 1096 3585 1239 3647; x_wconf 92' lang='lat' dir='ltr'><strong>castrum</strong></span> <span class='ocrx_word' id='word_1_292' title='bbox 1265 3579 1411 3648; x_wconf 87' lang='lat' dir='ltr'><strong>Floren-</strong></span> 
     </span>
     <span class='ocr_line' id='line_1_36' title="bbox 275 3674 1412 3767; baseline 0.001 -24"><span class='ocrx_word' id='word_1_293' title='bbox 275 3677 388 3765; x_wconf 92' lang='lat' dir='ltr'><strong>tinum,</strong></span> <span class='ocrx_word' id='word_1_294' title='bbox 417 3682 450 3742; x_wconf 90' lang='lat' dir='ltr'><strong>et</strong></span> <span class='ocrx_word' id='word_1_295' title='bbox 467 3679 616 3742; x_wconf 87' lang='lat' dir='ltr'><strong>sanctum</strong></span> <span class='ocrx_word' id='word_1_296' title='bbox 634 3674 817 3767; x_wconf 91' lang='lat' dir='ltr'><strong>Miniatum,</strong></span> <span class='ocrx_word' id='word_1_297' title='bbox 838 3683 872 3745; x_wconf 92' lang='lat' dir='ltr'><strong>et</strong></span> <span class='ocrx_word' id='word_1_298' title='bbox 888 3676 1045 3765; x_wconf 87' lang='lat' dir='ltr'><strong>quicquid</strong></span> <span class='ocrx_word' id='word_1_299' title='bbox 1063 3677 1293 3747; x_wconf 92' lang='lat' dir='ltr'><strong>combustibile</strong></span> <span class='ocrx_word' id='word_1_300' title='bbox 1309 3679 1412 3746; x_wconf 90' lang='lat' dir='ltr'><strong>iuve-</strong></span> 
     </span>
    </p>
   </div>
   <div class='ocr_carea' id='block_1_3' title="bbox 275 3774 1412 4262">
    <p class='ocr_par' dir='ltr' id='par_1_8' title="bbox 275 3774 1412 4043">
     <span class='ocr_line' id='line_1_37' title="bbox 275 3774 1412 3865; baseline 0.003 -24"><span class='ocrx_word' id='word_1_301' title='bbox 275 3777 323 3841; x_wconf 94' lang='lat' dir='ltr'><strong>nit</strong></span> <span class='ocrx_word' id='word_1_302' title='bbox 341 3774 532 3863; x_wconf 89' lang='lat' dir='ltr'><strong>combussit,</strong></span> <span class='ocrx_word' id='word_1_303' title='bbox 545 3779 578 3841; x_wconf 89' lang='lat' dir='ltr'><strong>ot</strong></span> <span class='ocrx_word' id='word_1_304' title='bbox 593 3775 627 3841; x_wconf 92' lang='lat' dir='ltr'><strong>iu</strong></span> <span class='ocrx_word' id='word_1_305' title='bbox 642 3775 697 3843; x_wconf 89' lang='lat' dir='ltr'><strong>via</strong></span> <span class='ocrx_word' id='word_1_306' title='bbox 713 3795 815 3844; x_wconf 89' lang='lat' dir='ltr'><strong>unum</strong></span> <span class='ocrx_word' id='word_1_307' title='bbox 832 3783 976 3844; x_wconf 91' lang='lat' dir='ltr'><strong>castrum</strong></span> <span class='ocrx_word' id='word_1_308' title='bbox 994 3775 1207 3845; x_wconf 76' lang='lat' dir='ltr'><strong>fortissimum</strong></span> <span class='ocrx_word' id='word_1_309' title='bbox 1224 3778 1355 3865; x_wconf 89' lang='lat' dir='ltr'><strong>accepit</strong></span> <span class='ocrx_word' id='word_1_310' title='bbox 1369 3776 1412 3845; x_wconf 88' lang='lat' dir='ltr'><strong>de</strong></span> 
     </span>
     <span class='ocr_line' id='line_1_38' title="bbox 275 3872 1412 3962; baseline 0.003 -22"><span class='ocrx_word' id='word_1_311' title='bbox 275 3872 425 3941; x_wconf 89' lang='lat' dir='ltr'><strong>districtu</strong></span> <span class='ocrx_word' id='word_1_312' title='bbox 443 3874 549 3942; x_wconf 91' lang='lat' dir='ltr'><strong>sancti</strong></span> <span class='ocrx_word' id='word_1_313' title='bbox 563 3872 719 3942; x_wconf 85' lang='lat' dir='ltr'><strong>Miniatis</strong></span> <span class='ocrx_word' id='word_1_314' title='bbox 746 3876 783 3943; x_wconf 93' lang='lat' dir='ltr'><strong>ln</strong></span> <span class='ocrx_word' id='word_1_315' title='bbox 799 3876 983 3942; x_wconf 89' lang='lat' dir='ltr'><strong>continenti</strong></span> <span class='ocrx_word' id='word_1_316' title='bbox 998 3881 1076 3962; x_wconf 91' lang='lat' dir='ltr'><strong>post</strong></span> <span class='ocrx_word' id='word_1_317' title='bbox 1091 3875 1173 3944; x_wconf 91' lang='lat' dir='ltr'><strong>illud</strong></span> <span class='ocrx_word' id='word_1_318' title='bbox 1192 3881 1337 3944; x_wconf 91' lang='lat' dir='ltr'><strong>castrum</strong></span> <span class='ocrx_word' id='word_1_319' title='bbox 1355 3877 1412 3943; x_wconf 92' lang='lat' dir='ltr'><strong>in-</strong></span> 
     </span>
     <span class='ocr_line' id='line_1_39' title="bbox 275 3972 1335 4043; baseline 0.003 -5"><span class='ocrx_word' id='word_1_320' title='bbox 275 3974 372 4040; x_wconf 91' lang='lat' dir='ltr'><strong>travit</strong></span> <span class='ocrx_word' id='word_1_321' title='bbox 388 3975 576 4041; x_wconf 90' lang='lat' dir='ltr'><strong>comitatum</strong></span> <span class='ocrx_word' id='word_1_322' title='bbox 597 3972 762 4042; x_wconf 88' lang='lat' dir='ltr'><strong>Pisanum.</strong></span> <span class='ocrx_word' id='word_1_323' title='bbox 803 3973 898 4041; x_wconf 87' lang='lat' dir='ltr'><strong>Tunc</strong></span> <span class='ocrx_word' id='word_1_324' title='bbox 918 3991 1033 4042; x_wconf 90' lang='lat' dir='ltr'><strong>omnes</strong></span> <span class='ocrx_word' id='word_1_325' title='bbox 1061 3973 1194 4042; x_wconf 90' lang='lat' dir='ltr'><strong>luerunt</strong></span> <span class='ocrx_word' id='word_1_326' title='bbox 1215 3975 1335 4043; x_wconf 90' lang='lat' dir='ltr'><strong>securi.</strong></span> 
     </span>
    </p>

    <p class='ocr_par' dir='ltr' id='par_1_9' title="bbox 275 4070 1412 4262">
     <span class='ocr_line' id='line_1_40' title="bbox 347 4070 1412 4164; baseline 0.002 -26"><span class='ocrx_word' id='word_1_327' title='bbox 347 4071 386 4138; x_wconf 94' lang='lat' dir='ltr'><strong>In</strong></span> <span class='ocrx_word' id='word_1_328' title='bbox 409 4071 561 4140; x_wconf 91' lang='lat' dir='ltr'><strong>omuibus</strong></span> <span class='ocrx_word' id='word_1_329' title='bbox 578 4070 663 4139; x_wconf 90' lang='lat' dir='ltr'><strong>locis</strong></span> <span class='ocrx_word' id='word_1_330' title='bbox 683 4072 848 4163; x_wconf 78' lang='lat' dir='ltr'><strong>predictiS,</strong></span> <span class='ocrx_word' id='word_1_331' title='bbox 876 4090 943 4140; x_wconf 92' lang='lat' dir='ltr'><strong>non</strong></span> <span class='ocrx_word' id='word_1_332' title='bbox 965 4073 1073 4140; x_wconf 92' lang='lat' dir='ltr'><strong>solum</strong></span> <span class='ocrx_word' id='word_1_333' title='bbox 1090 4073 1196 4164; x_wconf 88' lang='lat' dir='ltr'><strong>laicis,</strong></span> <span class='ocrx_word' id='word_1_334' title='bbox 1225 4073 1286 4142; x_wconf 93' lang='lat' dir='ltr'><strong>sed</strong></span> <span class='ocrx_word' id='word_1_335' title='bbox 1308 4073 1412 4140; x_wconf 92' lang='lat' dir='ltr'><strong>cleri-</strong></span> 
     </span>
     <span class='ocr_line' id='line_1_41' title="bbox 275 4169 1412 4262; baseline 0.004 -26"><span class='ocrx_word' id='word_1_336' title='bbox 275 4170 324 4236; x_wconf 88' lang='lat' dir='ltr'><strong>cis</strong></span> <span class='ocrx_word' id='word_1_337' title='bbox 343 4173 377 4238; x_wconf 93' lang='lat' dir='ltr'><strong>et</strong></span> <span class='ocrx_word' id='word_1_338' title='bbox 397 4170 577 4262; x_wconf 67' lang='lat' dir='ltr'><strong>religiosis</strong></span> <span class='ocrx_word' id='word_1_339' title='bbox 604 4174 746 4240; x_wconf 87' lang='lat' dir='ltr'><strong>maxima</strong></span> <span class='ocrx_word' id='word_1_340' title='bbox 765 4171 908 4262; x_wconf 93' lang='lat' dir='ltr'><strong>dampna</strong></span> <span class='ocrx_word' id='word_1_341' title='bbox 923 4169 1012 4242; x_wconf 84' lang='lat' dir='ltr'><strong>facta</strong></span> <span class='ocrx_word' id='word_1_342' title='bbox 1028 4176 1107 4241; x_wconf 91' lang='lat' dir='ltr'><strong>sunt</strong></span> <span class='ocrx_word' id='word_1_343' title='bbox 1121 4171 1164 4242; x_wconf 91' lang='lat' dir='ltr'><strong>do</strong></span> <span class='ocrx_word' id='word_1_344' title='bbox 1180 4190 1293 4243; x_wconf 89' lang='lat' dir='ltr'><strong>eorum</strong></span> <span class='ocrx_word' id='word_1_345' title='bbox 1310 4171 1412 4241; x_wconf 91' lang='lat' dir='ltr'><strong>bouis</strong></span> 
     </span>
    </p>
   </div>
   <div class='ocr_carea' id='block_1_4' title="bbox 0 0 1536 4878">
    <p class='ocr_par' dir='ltr' id='par_1_10' title="bbox 0 0 1536 4878">
     <span class='ocr_line' id='line_1_42' title="bbox 0 0 1536 4878; baseline 0 0"><span class='ocrx_word' id='word_1_346' title='bbox 0 0 1536 4878; x_wconf 95' lang='lat' dir='ltr'><strong> </strong></span> 
     </span>
    </p>
   </div>
  </div>
 </body>
</html>
