3028 4878
450 221 597 268 rounrrrurs
619 221 829 268 vrcronrcrrsrs.
865 224 889 288 5,
907 218 931 272 6.
1185 192 1252 262 lbl

191 358 291 430 Anno
308 358 433 428 domini
455 361 682 430 mcccxxvii.
703 357 877 430 Heinricus
899 361 967 430 dux
981 368 1061 450 post
1079 364 1255 452 captivita-
1272 370 1338 424 132⁷

119 467 184 530 tem
211 479 285 529 rara
311 458 486 547 perlruens
522 461 703 550 sospitate,
730 461 912 530 novissime
938 463 972 529 in
998 461 1132 530 Brulla
1159 462 1255 532 Stirie
1273 451 1331 559 ”³3³¹

117 561 152 628 in
178 558 233 628 die
267 558 356 628 beati
388 558 492 627 Blasii
524 560 677 648 moritur,
705 566 738 628 et
763 561 797 626 in
824 559 920 630 Grdtz
946 559 1034 650 apud
1060 562 1209 630 Minores
1237 581 1258 630 n

115 658 284 726 Friderieo
311 657 470 743 gloriosis
498 658 648 744 exequiis
676 658 845 748 sepelitur.
878 660 959 728 Post
983 661 1256 730 incinerationem

115 775 197 825 vcro
216 775 236 826 a
252 762 410 825 consorte
426 755 599 824 Elizabetb
625 774 699 824 cum
725 757 894 844 religiosis
914 760 994 842 viris
1011 759 1054 827 ud
1076 759 1258 849 Camprun-

115 853 223 943 [legis
250 854 455 944 transfertur,
483 855 594 942 ibique
622 856 850 944 sollempniter
877 856 1062 925 tumulatur.

191 954 266 1023 Hoc
279 972 379 1045 armo,
406 955 544 1022 mortuis
559 951 715 1022 iratribus
734 955 909 1043 leupoldo
929 962 961 1024 et
982 956 1152 1046 Heinrioo‚
1179 975 1257 1028 sus-

37 1080 40 1087 ,
116 1054 233 1122 citavit
260 1051 343 1120 dens
370 1054 520 1140 spiritum
546 1054 733 1143 vertiginis,
762 1072 859 1142 quem
881 1057 1013 1123 miscuit
1030 1057 1117 1124 inter
1137 1074 1256 1145 super-

117 1154 216 1220 stites
242 1151 351 1220 adhuc
377 1152 504 1222 iratres.
538 1151 621 1218 Nam
645 1149 722 1221 Otto
742 1154 929 1241 portionem
949 1172 987 1222 se
1007 1159 1256 1242 contingentem

113 1250 275 1341 postulat,
303 1258 336 1318 et
351 1257 388 1319 ut
404 1268 447 1318 err
465 1269 553 1338 equo
573 1269 687 1320 secum
705 1250 855 1320 dividant
872 1253 1080 1342 deprecatur,
1107 1272 1147 1322 eo
1167 1255 1257 1342 quod

113 1368 154 1419 se
174 1367 244 1418 non
265 1349 388 1420 habere
405 1349 533 1422 diceret
558 1355 695 1440 tontum,
723 1369 790 1437 quo
818 1370 912 1420 suam
929 1354 1156 1422 conthoralem
1183 1372 1257 1422 oum

114 1467 180 1517 suo
212 1448 367 1518 clientela
400 1450 486 1516 sicut
518 1447 632 1517 decuit
664 1455 879 1518 sustentaret.
919 1449 1021 1518 Cuius
1052 1453 1257 1538 inquisitioni

111 1546 232 1616 iratres
260 1545 379 1617 efficax
403 1548 504 1616 nichil
530 1549 662 1636 penitus
690 1549 947 1635 responderunt.
984 1549 1044 1617 lllo
1067 1569 1148 1618 vcro
1174 1569 1256 1638 per-

112 1651 310 1735 severante,
346 1651 454 1716 ortum
489 1653 540 1714 est
572 1664 632 1734 per
662 1643 828 1715 Austriam
856 1653 890 1716 et
915 1647 1047 1716 Stiriam
1082 1649 1257 1718 discidium

116 1763 223 1832 grave
250 1746 343 1834 satis,
370 1744 538 1814 nobilibus
566 1763 603 1813 se
630 1746 833 1814 variantibus
841 1768 850 1833 3
886 1746 1084 1835 quibusdem
1112 1748 1258 1816 dicenti-

115 1845 184 1913 bus
219 1841 374 1912 Ottonem
407 1844 644 1912 rationabiliter
677 1846 882 1936 promoveri,
918 1845 992 1913 aliis
1027 1847 1256 1915 asserentibus

113 1947 276 2012 terramm
294 1949 327 2010 et
343 1942 478 2010 lratmm
494 1943 717 2013 coherentiam
737 1962 805 2012 non
828 1950 1019 2033 competere
1040 1947 1257 2032 sequestrari.

113 2043 249 2110 Interea
274 2039 353 2110 Otto
380 2060 479 2129 reges
505 2042 653 2128 Ungarie
675 2047 708 2108 ct
726 2043 885 2112 Bobemie
913 2043 1001 2133 adiit,
1029 2044 1258 2113 consiliumet

112 2141 273 2210 auxilium
287 2140 500 2229 postulando.
525 2140 596 2210 Rex
612 2145 721 2210 autem
734 2140 943 2227 Ungarorum
962 2140 1115 2211 iratribus
1133 2143 1255 2234 scribit,

111 2247 150 2308 ut
178 2237 335 2308 Ottonem
360 2240 527 2328 placatum
554 2239 695 2330 iaciant,
725 2258 768 2308 ne
794 2242 900 2309 maius
926 2241 1106 2328 periculum
1133 2260 1257 2331 super-

112 2343 263 2426 crescat,
298 2344 500 2427 gentemque
535 2341 667 2407 multem
699 2340 733 2405 in
767 2340 839 2406 eius
874 2338 1072 2408 adiutorium
1100 2340 1256 2409 destinat.
1319 2383 1323 2392 ·

113 2437 188 2506 Rex
215 2455 295 2506 vero
322 2438 482 2506 Bobemie
517 2439 550 2505 in
577 2437 711 2526 propria
738 2455 885 2524 persona
910 2456 970 2526 pro
999 2435 1131 2508 Ottouis
1159 2457 1257 2507 com-

110 2537 284 2625 placentia
310 2553 348 2604 so
374 2542 557 2624 presentat.
592 2535 720 2617 Quibus
739 2534 817 2604 Otto
834 2537 867 2602 in
886 2554 1061 2606 occursum
1087 2544 1255 2627 properat,

112 2643 148 2704 et
176 2637 328 2704 civitates
355 2641 465 2705 oastra
491 2633 591 2723 opida
618 2653 660 2703 ex
685 2635 742 2701 illa
766 2640 859 2722 parte
881 2635 1024 2703 Danubii
1051 2635 1195 2726 obsidet,
1223 2643 1257 2704 et

110 2734 157 2804 ad
184 2734 310 2803 libitum
340 2753 435 2802 suum
453 2734 569 2810 firmat.
602 2733 747 2822 Populus
774 2735 865 2820 regis
882 2733 1028 2820 Ungarie
1056 2734 1255 2825 abscedens,

112 2833 341 2902 Bohemorum
367 2838 502 2919 gentem
528 2835 563 2901 in
589 2840 675 2902 terro
702 2851 858 2918 grassare
884 2834 1089 2922 permittens,
1117 2851 1255 2920 quorum

111 2932 277 3002 instantia
302 2932 377 3000 loca
402 2933 527 3003 munita
551 2951 639 3019 pene
666 2933 776 3000 omnia
803 2939 894 3000 trans
921 2932 1108 3001 Danubium
1135 2935 1256 3020 acqui-

112 3033 205 3119 sivit,
234 3037 268 3099 et
293 3032 345 3099 sui
370 3033 461 3116 regis
489 3030 668 3100 ditionibus
696 3029 885 3100 devincivit.

188 3129 264 3198 Hoc
283 3136 431 3218 tempore
450 3128 660 3198 manifestata
681 3135 733 3196 est
757 3130 899 3216 quedam
927 3130 1056 3198 heresis
1082 3129 1171 3219 apud
1188 3129 1256 3198 Co-

109 3230 240 3298 loniam
266 3225 495 3320 Agrippinam,
522 3229 579 3296 ubi
605 3229 665 3295 viri
692 3233 725 3294 et
751 3229 907 3296 mulieres
935 3228 1061 3296 diversi
1088 3235 1195 3297 status
1222 3231 1256 3296 in

111 3330 226 3396 noctis
246 3327 354 3397 medio
379 3326 421 3394 ad
443 3328 554 3396 locum
578 3324 744 3414 quendam
768 3326 1030 3415 subterraneum,
1058 3328 1149 3413 quod
1169 3335 1256 3396 tem-

109 3427 205 3516 plum
222 3426 388 3514 dicebant,
416 3432 655 3494 convenerunt
688 3425 730 3494 Et
745 3424 878 3513 quidam
898 3424 1090 3492 Waltherus
1110 3430 1255 3514 nomine,

110 3524 316 3594 demoniulis
341 3524 513 3614 sacerdos,
540 3527 643 3594 misse
667 3523 812 3592 ollroium
834 3523 1001 3592 celebrare
1020 3524 1114 3591 visus
1131 3531 1194 3614 est,
1222 3531 1256 3591 et

108 3632 195 3713 post
221 3624 442 3692 elevationem
463 3641 617 3692 sermone
637 3623 760 3712 habito,
789 3623 942 3690 extinctis
968 3622 1147 3690 luminibus
1175 3624 1255 3710 qui-

108 3725 197 3792 libet
233 3721 297 3790 sibi
328 3725 509 3810 proximam
543 3723 789 3809 cognoscebat,
818 3726 954 3809 etpost
980 3721 1089 3808 epulis
1116 3721 1253 3790 delitioa

108 3823 252 3892 sissimo
269 3829 437 3910 vacantes,
466 3823 607 3890 choreas
623 3821 799 3909 ducebant,
827 3825 860 3888 et
877 3819 1002 3906 gaudio
1017 3821 1156 3888 maxima
1170 3837 1251 3908 per*

107 3921 282 4009 agebunt,
319 3921 470 3989 dicentes
504 3922 592 3989 huno
624 3926 744 3990 statum
782 3921 882 3986 statui
907 3918 1056 3986 Paradisi
1083 3925 1116 3991 ct
1140 3920 1254 4007 primis

108 4019 311 4110 parentibus
339 4027 416 4088 ante
441 4019 572 4108 lapsum
599 4037 675 4087 esse
703 4018 916 4088 conlormcm.
951 4016 1041 4085 ldcm
1067 4023 1177 4086 autem
1199 4019 1256 4106 qui

108 4121 216 4189 huius
253 4121 373 4187 erroris
409 4125 509 4206 caput
546 4119 653 4186 extitit
685 4136 723 4187 se
758 4117 921 4185 Christum
960 4116 1058 4206 dixit,
1084 4117 1255 4205 pulchram

109 4217 284 4308 quandam
320 4225 353 4286 et
380 4216 523 4285 nobilem
559 4216 765 4286 domicellam
799 4216 935 4290 Mariam
962 4217 1121 4304 asseruit,
1150 4223 1182 4288 et
1209 4217 1257 4288 sic

143 4342 282 4384 nosnuurr
299 4341 401 4384 rorrrrs
421 4327 444 4380 l.
1027 4324 1060 4382 26
