3052 4878
407 196 550 242 ennolion
572 196 609 241 bii
630 197 729 243 eusrls
748 197 916 243 rniucll’ilti.
1183 169 1224 238 6¹

52 302 57 315 ¹
99 334 186 402 cibus
221 351 285 402 seu
316 332 493 402 luminibus
528 334 602 404 linis
628 353 697 404 non
722 340 855 423 poterat
880 333 1053 423 speculari.
1088 336 1130 405 Et
1154 353 1228 404 eum
1247 353 1313 408 1322

100 435 177 502 tanti
195 436 323 522 essent,
349 450 451 518 preco
469 435 559 519 regis
579 433 696 503 lortius
715 434 912 502 exclamavit
935 435 1100 503 transiens
1119 437 1229 520 omnia

99 533 254 600 tentoria:
283 530 421 598 Oileus
444 534 559 601 neustr·
579 531 672 600 nobis
693 533 853 600 auaitum
875 533 916 599 dc
938 533 1083 616 eceelro,
1108 536 1153 601 stt
1166 552 1229 602 co-

97 647 166 697 men
181 633 267 698 cmm
281 627 480 698 tamdictum
494 633 528 698 ic
544 632 667 698 secula.
692 628 951 719 Responderunt
967 648 1101 702 omnes:
1115 633 1227 700 Arnen.

169 728 323 796 Cetemm
338 729 422 797 inter
442 729 528 798 duos
544 723 730 798 exercitus¹
745 736 949 817 occupantur
968 733 1073 799 nuntii
1091 729 1178 798 diem
1195 737 1229 800 et

95 827 224 917 boram,
251 826 385 914 quando
407 831 586 897 convenire
607 828 775 898 debebant
801 830 1009 897 nunciantes.
1036 829 1104 898 Sed
1131 829 1227 898 ambo

97 944 177 994 casu
194 925 366 994 accidente
387 945 455 996 non
472 927 588 1015 procul
611 947 632 996 a
654 927 798 996 claustro
816 933 931 996 nostro
955 927 997 996 de
1016 928 1229 997 Fiirstenvelt

97 1026 214 1114 privati
239 1026 310 1092 suis
338 1027 443 1116 equis,
469 1028 503 1094 in
530 1028 728 1095 executione
754 1027 806 1094 sui
832 1028 970 1117 negotii,
997 1027 1132 1096 volente
1151 1026 1228 1096 Do-

96 1126 201 1214 mino,
237 1123 469 1214 negliguntur,
505 1127 582 1213 quia
615 1125 734 1194 ablatis
767 1126 862 1212 equis
890 1125 1074 1194 destinatas
1100 1126 1228 1194 litteras

97 1228 175 1312 apto
203 1227 350 1310 tempore
376 1240 445 1291 non
470 1229 625 1312 poterant
649 1229 854 1312 presentare.
897 1221 995 1304 Quod
1020 1243 1088 1294 non
1113 1243 1229 1313 purum

13 1407 14 1410 Ἴ
94 1319 218 1409 profuit
243 1323 316 1406 regi
341 1320 523 1412 Ludwico,
551 1325 649 1412 quia,
678 1325 706 1390 si
731 1323 777 1392 bii
803 1321 871 1390 duo
898 1325 1062 1392 exereitus
1088 1320 1229 1391 Austru-

13 1425 14 1432 ’
95 1420 174 1487 lium
200 1421 448 1512 convenissent,
477 1421 609 1490 dubium
634 1439 704 1490 non
727 1427 779 1490 est
800 1423 879 1508 quin
894 1421 1077 1509 pugnando
1095 1423 1129 1489 in
1150 1439 1229 1490 cer·-

95 1520 218 1587 tumine
237 1519 502 1606 triumphassent.
519 1520 601 1590 Ideo
620 1522 718 1589 etiam
737 1525 814 1589 ante
832 1519 1010 1588 adventum
1027 1520 1122 1590 ducis
1137 1520 1229 1588 Leu-

94 1616 187 1705 poldi
218 1635 278 1685 rex
301 1617 460 1687 Bobemie
487 1626 645 1688 strennue
676 1637 782 1705 agens
807 1618 945 1707 prelium
969 1620 1162 1708 maturavit,
1193 1626 1230 1686 ut

94 1718 168 1804 ipso
198 1717 336 1784 absente
363 1716 478 1787 fratres
506 1736 586 1786 suos
613 1718 655 1786 de
681 1717 816 1788 Austria
841 1716 969 1786 lucilius
997 1722 1180 1806 superaret.

167 1811 268 1884 Anno
285 1817 385 1902 igitur
400 1809 621 1886 m.cce.rx.ii.²
641 1820 675 1885 in
689 1817 803 1904 vigilia
818 1815 1027 1904 Myebahelis
1047 1815 1228 1908 Luduicus
1246 1834 1319 1875 surr·

95 1930 154 1981 rex
179 1913 418 2003 Romanorum,
445 1933 504 1984 rex
528 1916 686 1985 Bobemie
718 1922 752 1984 et
776 1915 953 1983 Heinricus
985 1914 1052 1984 dux
1076 1916 1228 1983 Bawarie
1264 1888 1299 1942 ²⁸

97 2012 200 2080 etalii
214 2013 305 2081 multi
318 2013 461 2104 nobiles,
489 2032 617 2083 summo
633 2033 729 2083 mane
748 2014 864 2082 ducem
883 2011 1016 2081 Austrie
1034 2032 1107 2082 oum
1126 2031 1228 2082 exer·-

95 2112 162 2180 eitu
189 2129 252 2180 suo
278 2113 425 2202 cingunt,
453 2130 496 2181 ne
515 2115 549 2180 in
567 2113 703 2182 alteram
718 2119 845 2202 partem
866 2103 1040 2204 declinet³,
1066 2112 1122 2180 ubi
1141 2128 1228 2200 pos-

96 2211 141 2277 sit
163 2208 274 2279 lrutris
301 2210 479 2281 adventum
505 2214 605 2279 tutius
631 2214 808 2302 prestolari
834 2217 868 2278 et
893 2211 1079 2280 condictum
1106 2210 1228 2278 diutius

95 2326 292 2396 prorogare.
328 2310 518 2380 Instaurant
543 2311 695 2403 militem,
727 2313 895 2380 instruunt
919 2312 1039 2400 aciem,
1074 2317 1229 2378 conserta

95 2426 211 2495 pugna
236 2408 409 2478 hortantur
435 2427 515 2478 suos
542 2409 670 2479 sortiter
697 2409 870 2497 dimicare,
897 2407 1016 2495 quibus
1042 2409 1228 2496 pugnanti-

98 2505 157 2574 bus
183 2507 374 2580 Friderious
401 2507 468 2576 dux
492 2505 626 2577 Austrie
652 2510 754 2578 vellat
769 2507 873 2576 nodet
891 2508 973 2574 inire
991 2507 1128 2595 prelium
1145 2525 1228 2594 per-

96 2611 242 2692 urgetur.
278 2606 321 2678 Et
345 2606 464 2675 videns
488 2624 562 2676 eum
584 2609 663 2699 suis,
691 2608 786 2676 aliter
811 2622 887 2674 esse
913 2623 981 2672 non
1000 2623 1116 2693 posse,
1140 2622 1228 2672 eon·

98 2702 204 2772 bdens
230 2707 266 2774 in
291 2704 498 2774 multitudine
522 2708 652 2775 virtutis
678 2725 749 2794 sue,
776 2722 845 2774 non
868 2720 992 2789 segnes
1016 2703 1058 2772 ud
1081 2719 1228 2791 pugnam

98 2810 257 2891 ceperunt
283 2803 396 2872 durius
423 2803 595 2895 rebellare,
622 2812 688 2874 tam
714 2805 841 2874 sortiter
867 2801 957 2889 quod
981 2803 1129 2890 utrisque
1144 2820 1227 2890 par-
1263 2873 1265 2877 ,

99 2901 182 2971 tibus
217 2904 421 2972 certantibus
457 2902 513 2970 diu
548 2903 730 2973 dubitatum
763 2902 840 2995 fnit,
876 2903 928 2968 eui
953 2904 1063 2990 potius
1089 2901 1229 2969 victoria

99 2997 282 3070 deberetur.
311 3002 409 3071 Stetit
433 3003 533 3088 igitur
559 3019 684 3090 anceps
709 3003 849 3072 victoria
870 3017 931 3088 per
948 3001 1083 3086 longam
1101 2999 1227 3089 boram,

99 3098 157 3167 sed
182 3099 319 3168 tandem
344 3100 435 3168 multi
461 3101 591 3189 pedites
618 3100 712 3170 ducis
741 3101 888 3169 Heinrici
915 3101 1037 3186 optime
1062 3103 1228 3187 preparati

99 3195 141 3263 ad
164 3199 286 3267 bellum
313 3205 588 3291 supervenerunt,
616 3217 689 3267 eum
710 3203 834 3289 impetu
852 3201 887 3266 in
906 3198 1045 3286 prelium
1064 3199 1227 3265 irruentes

101 3291 270 3366 Australes
297 3297 562 3388 debilitaverunt,
590 3316 696 3386 equos
724 3316 837 3368 eorum
868 3302 1024 3366 secantes
1051 3301 1084 3363 et
1108 3293 1227 3385 perio·-

101 3391 237 3487 dientes,
264 3403 303 3464 ut
328 3397 553 3465 assessoribus
576 3398 749 3466 ruentibus
773 3402 1011 3486 superterram
1033 3395 1227 3464 necessario

103 3509 160 3560 eos
185 3496 400 3564 succumbere
428 3501 606 3583 oporteret.
632 3495 714 3564 ldeo
737 3514 806 3565 non
830 3496 932 3564 multo
958 3499 1036 3583 post
1061 3500 1227 3562 cessatum

105 3597 155 3658 est
178 3613 196 3660 a
221 3595 327 3682 prelio
354 3600 389 3662 et
414 3595 487 3662 sole
516 3600 632 3663 ruente
664 3603 742 3684 post
768 3594 937 3663 meridiem
971 3594 1042 3680 regi
1066 3591 1228 3660 Ludwico

104 3690 235 3761 victoria
260 3693 469 3762 acclamatur.

175 3789 274 3860 Victis
291 3793 392 3877 igitur
407 3789 618 3860 Australibus
637 3809 753 3861 omnes
768 3794 956 3881 capiuntur,
983 3795 1049 3859 tam
1062 3788 1227 3877 principes

105 3901 197 3970 quam
213 3891 444 3958 ministeriales
459 3896 492 3957 et
507 3893 629 3978 quique
647 3892 778 3960 nobiles
797 3891 948 3978 diligenti
963 3886 1113 3956 custodie
1128 3903 1228 3953 man-

105 3984 256 4069 cipantur.
294 3989 492 4058 Purlrravius
525 4007 606 4058 vero
640 3990 682 4058 de
717 3990 919 4058 Niirmbereh
954 3989 1009 4074 qui
1041 3984 1157 4053 dieitur
1183 3985 1228 4054 ibi

106 4085 255 4154 strennue
270 4087 457 4178 dimicasse,
474 4088 601 4156 babens
615 4106 716 4156 unum
733 4089 886 4157 clientem
899 4085 1044 4155 nobilem
1062 4089 1096 4151 et
1108 4101 1230 4170 magne

146 4189 171 4255 l]
187 4195 293 4252 nimlicb
310 4197 357 4254 der
374 4196 547 4254 Oestreiebar·
582 4199 613 4266 2)
632 4201 784 4254 mcecxxiit
800 4199 840 4253 bs.
876 4196 907 4261 3)
927 4195 1062 4251 declinans
1079 4192 1119 4246 bs.
