3044 4882
474 212 615 262 renarras
636 213 841 260 urcroarrrsrs.
878 211 901 279 1,
921 213 944 264 2.
1212 182 1283 254 283

146 350 631 440 doceasqoeadimparatods
643 353 988 445 obitumpersistclrat,
1006 351 1159 422 omnibus
1170 358 1285 439 gratus

149 458 183 519 et
196 459 356 539 acceptus
374 453 530 538 quoniam
547 451 707 520 adomnia
718 453 857 521 solerter
873 459 906 521 et
923 453 1063 542 provide
1079 469 1116 520 ae
1135 451 1285 538 gerebat

220 547 320 618 Anno
340 549 465 618 domini
482 551 676 620 m.oc.xl.vii.
694 548 879 643 lustrales,
896 571 957 642 spe
982 550 1200 641 recuperandi
1219 550 1284 619 he*
1303 557 1383 617 rear·

149 649 250 738 realia,
278 648 471 716 Gerdrudim
499 649 667 735 quendam
691 650 837 719 Heinrici
864 655 916 720 sui
936 651 1029 720 ducis
1056 651 1153 718 liliam
1176 649 1284 718 Herm

146 750 215 817 rice
230 747 412 816 marchioni
430 748 592 839 Moravie,
619 749 835 818 Bohemorum
852 753 942 836 regis
962 751 1040 839 tilio,
1068 749 1284 818 tradiderunt

146 848 183 914 ln
219 849 312 916 ouius
348 847 554 936 amplexibus
588 866 649 934 per
682 867 804 916 anuum
831 855 874 916 el·
890 849 1056 918 dimidium
1082 855 1285 916 commorata

147 949 220 1014 sine
248 947 351 1034 prolis
377 946 541 1014 beneficio
568 946 730 1017 viduatur.
768 949 809 1016 llt
835 967 924 1018 anno
951 948 1075 1017 domini
1100 946 1283 1016 mccxlix.
1301 961 1368 1016 reue

145 1047 263 1114 ilerum
289 1046 479 1114 Hermanno
506 1045 687 1114 marchioni
715 1047 757 1114 de
783 1047 895 1116 Pedem
922 1049 992 1115 viro
1009 1047 1137 1135 potenti
1158 1051 1191 1114 et
1216 1064 1285 1112 no-

145 1144 202 1212 bili
230 1151 387 1214 secratur.
412 1142 525 1233 Aque
554 1147 705 1233 suscepit
731 1146 831 1214 lilium
857 1149 991 1215 nomine
1014 1145 1224 1234 Friderioum,
1252 1151 1285 1211 ct

145 1244 246 1312 liliam
272 1262 337 1331 que
362 1241 480 1330 Agnes
507 1244 597 1312 diota
622 1251 684 1333 est,
712 1245 754 1313 de
782 1245 903 1332 quibus
929 1247 999 1314 suis
1023 1247 1057 1312 in
1075 1245 1160 1314 loeis
1184 1243 1284 1312 latius

143 1348 199 1411 est
224 1342 417 1411 dicendum,
448 1341 521 1422 Quo
549 1343 680 1412 sublato
707 1344 887 1412 Gerdrudis
915 1343 957 1412 ad
976 1343 1200 1430 Margarelam
1228 1360 1285 1410 ro·-

142 1443 258 1528 ginam
275 1439 483 1510 industriam
499 1448 552 1510 est
567 1459 711 1512 reversa.
736 1441 910 1512 lustrales
923 1449 1032 1510 autem
1046 1442 1177 1510 nobiles
1189 1441 1285 1509 Mar-

144 1548 296 1628 garetam
318 1543 353 1608 in
366 1541 578 1631 Haimlrurolr,
597 1541 788 1610 Gerdrndim
809 1545 842 1610 in
863 1541 1001 1630 llledlilr,
1016 1541 1183 1629 deputatis
1198 1541 1285 1608 utri-

142 1657 210 1728 quc
228 1643 429 1709 necessariis
447 1639 490 1709 ad
499 1643 565 1710 vite
575 1641 851 1730 sustentaculum,
871 1641 1078 1729 meaverunt,
1094 1641 1286 1708 thesaurum

141 1757 225 1808 vero
240 1739 336 1808 ducis
347 1738 512 1829 Friderioi,
522 1757 619 1827 quem
630 1741 664 1808 in
676 1748 786 1808 castro
798 1739 1062 1810 Starohenberoh
1070 1737 1284 1827 deposuerat,

22 1913 24 1918 ,
140 1857 167 1906 a
182 1837 370 1929 Crantoris,
398 1839 778 1926 quibuscommendatus
797 1839 913 1929 luerat,
941 1842 1171 1924 extorserunt,
1198 1843 1232 1904 et
1250 1838 1285 1906 in

142 1945 216 2006 tres
251 1943 368 2026 partes
393 1937 554 2027 divismn,
581 1956 681 2006 unam
706 1939 916 2028 Margarete,
945 1938 1080 2006 alteram
1109 1934 1282 2026 Gerdrudi,

145 2039 279 2104 tardam
304 2039 338 2104 in
363 2036 506 2106 llisnam
536 2037 730 2106 Constantia
763 2039 1034 2126 transmiserunt,
1061 2053 1284 2122 magnumque

142 2136 253 2222 glorie
279 2135 382 2204 deeras
410 2142 443 2204 et
469 2136 546 2205 idei
571 2153 634 2204 suo
649 2139 774 2206 nomini
795 2138 999 2226 adiecerunt,
1027 2126 1284 2222 frequenterque

143 2241 180 2304 et
204 2235 359 2304 dolenter
385 2253 521 2304 suorum
546 2235 702 2304 heredum
730 2238 927 2306 naturalium
953 2235 1200 2304 destitutionem
1221 2241 1285 2301 tam

144 2335 311 2422 celerem,
344 2339 378 2401 ct
407 2336 546 2403 tristium
580 2333 720 2403 latorum
754 2337 907 2404 illuxisse
934 2334 998 2402 sihi
1026 2334 1283 2403 concussionem

142 2441 210 2502 tam
232 2433 401 2502 crudelem
427 2433 551 2501 dellere
568 2433 696 2502 Lucani
714 2434 874 2502 versibus·
889 2433 1098 2520 videbantur,
1119 2432 1177 2517 qui
1191 2429 1285 2500 dicit:

241 2531 365 2624 „Quod
392 2532 496 2601 cladis
523 2550 643 2622 genua,
672 2536 796 2624 superi,
825 2551 888 2620 qua
915 2539 1012 2620 peste
1037 2532 1162 2619 paratis

268 2631 426 2700 Sentium
452 2633 590 2700 extremi
614 2632 788 2701 multorum
815 2638 945 2720 tempus
971 2632 1006 2698 in
1032 2647 1134 2698 unum

144 2755 148 2764 ·
271 2729 459 2800 Convenire
485 2728 605 2799 diem.“

142 2912 196 2980 De
230 2913 371 2979 transito
403 2913 629 2998 imperatoris,
663 2916 697 2978 et
729 2911 891 2995 quomodo
926 2873 1107 2980 cremares
1138 2905 1284 2976 marcata

243 3010 412 3078 niustriam
436 3011 572 3078 obtinuit
596 3013 629 3076 et
652 3008 844 3095 quibasdam
870 3011 955 3079 alite.
1130 3011 1211 3094 Con.
1238 3007 1282 3074 tei

215 3131 316 3201 Anno
349 3133 473 3202 domini
500 3135 611 3202 mccl.
637 3135 816 3222 imperator
850 3135 992 3202 infestus
1025 3133 1140 3202 Parme
1170 3131 1366 3201 multisona

142 3229 251 3320 copiis
277 3249 351 3300 eam
378 3235 491 3318 cingit.
523 3231 576 3300 Ad
603 3235 697 3301 cuius
717 3249 908 3300 succursum
927 3253 1015 3323 papa
1032 3234 1178 3319 legatum
1207 3249 1281 3299 cum

142 3333 291 3400 exercitu
324 3334 463 3420 copioso
497 3331 626 3422 dirigit,
654 3335 706 3400 oui
731 3332 875 3420 populns
901 3329 995 3402 urbis
1022 3331 1188 3400 adunatus
1215 3333 1281 3398 im·-

140 3433 307 3522 peratoris
346 3438 456 3500 cestra
489 3431 652 3499 invadunt
690 3436 722 3498 et
756 3432 922 3520 spoliant,
957 3435 1134 3522 ipsumque
1173 3428 1281 3497 redire

140 3532 271 3598 tristem
299 3533 332 3598 et
365 3532 497 3599 anxium
524 3533 557 3598 in
583 3528 736 3619 Apuliam
773 3537 975 3622 coegerunt,
1003 3529 1060 3599 ubi
1086 3527 1174 3616 apud
1199 3527 1282 3594 Flo·

139 3631 305 3697 rentinum
331 3627 420 3698 eirea
437 3625 629 3698 Nuceriam¹
656 3628 765 3696 idibus
792 3629 988 3720 decembris,
1017 3630 1145 3696 seilicet
1171 3629 1206 3693 in
1228 3625 1365 3699 dieram

141 3728 241 3796 beate
262 3728 365 3796 Lnoie
390 3729 542 3819 virginis,
559 3729 705 3797 debitum
723 3730 838 3795 mortis
858 3728 968 3799 solvit.
1003 3729 1060 3795 Vir
1086 3742 1281 3812 magnorum

141 3843 292 3917 opernm,
320 3830 417 3896 armis
444 3835 622 3896 strennuus
630 3880 640 3917 ,
668 3830 701 3894 in
728 3829 878 3913 negociis
904 3831 1183 3916 circumspectus,
1209 3825 1281 3892 vir*

141 3933 212 3995 tute
240 3928 339 3995 animi
364 3927 559 4018 intrepidus,
588 3927 718 3995 occulte
745 3927 902 4017 lubricae,
930 3927 1072 3995 allabilis
1100 3930 1134 3994 et
1158 3925 1279 3992 iocun-

141 4026 220 4116 dns,
248 4029 397 4114 appetitu
424 4027 530 4112 glorie
557 4026 686 4115 auidus,
712 4025 861 4094 liberalis
889 4031 922 4094 et
947 4027 1061 4112 largus
1089 4025 1181 4092 etin
1208 4041 1283 4090 om·

140 4125 241 4194 nibus
269 4127 454 4216 expetitus,
489 4127 523 4192 in
548 4125 613 4195 hoe
649 4125 724 4193 solo
757 4131 790 4194 et
823 4127 964 4194 maxime
1000 4121 1283 4214 reprehensibilis,

176 4246 208 4310 l)
228 4257 298 4300 aare
314 4245 411 4302 domini
422 4248 524 4302 mecla
549 4244 776 4310 claromaresch,
794 4245 829 4298 ist
844 4243 906 4298 alar
923 4246 971 4298 mit
988 4243 1061 4296 reolt
1079 4221 1283 4298 durelstriobea.
