3044 4882
255 175 325 246 336
582 203 725 250 rcunnms
754 203 967 252 rrrrcmrxsrs.
1003 203 1028 269 3,
1047 203 1070 257 2.

253 347 321 415 cari
346 345 463 435 potuit,
491 359 555 410 nec
581 359 601 411 a
625 344 797 432 proposito
824 343 934 414 avelli.
975 344 1181 414 lleetdeodos
1204 343 1390 430 tosrtmtoo-

252 463 309 513 sos
329 444 484 530 palmites
510 440 691 533 affirmavit,
720 444 812 511 etin
838 461 899 512 sua
925 443 1044 514 duritia
1069 444 1295 533 permanebat.
1328 441 1390 524 Qui

254 543 296 612 ad
321 543 523 613 Fridericum
549 558 664 628 regem
690 541 814 631 Sicilie,
840 548 961 631 postea
989 543 1031 613 ad
1067 545 1251 633 Philippum
1277 561 1390 630 regem

253 643 391 712 Francia
419 643 593 710 venientes
621 659 717 710 suum
744 642 878 710 exilium
904 647 938 710 et
964 641 1083 712 iactam
1104 645 1153 712 eis
1171 643 1392 731 calumpniam

254 741 484 831 deplorabant.
518 739 589 808 Nec
614 746 747 830 poterat
780 740 962 812 nullificari
996 760 1083 832 papa
1118 743 1293 832 precibus,
1330 759 1392 810 nce

255 840 387 910 llctibus
415 839 619 929 afflictorum,
646 838 763 908 durum
790 857 829 908 se
855 841 951 910 nimis
978 841 1153 934 exhibens,
1180 846 1393 911 contraver-

255 958 314 1011 sus
342 937 536 1027 OvidiancS,
563 939 621 1025 qui
647 937 738 1008 dicit:
851 967 856 978 =

352 1036 463 1131 „Quid
489 1037 596 1123 magis
623 1044 676 1106 est
701 1037 816 1106 durum
842 1055 936 1131 saxa,
964 1039 1044 1126 quid
1070 1039 1202 1110 mallius
1227 1038 1345 1109 undat

402 1138 493 1206 Dura
517 1142 626 1204 tamen
653 1139 744 1206 molli
769 1156 852 1207 saxa
879 1145 1038 1207 cavantur
1063 1137 1185 1227 aqua.“

254 1321 306 1390 De
331 1320 521 1388 incitatione
545 1315 669 1386 Albertt
693 1319 909 1402 secundario,
946 1319 986 1386 de
1018 1320 1245 1406 intersectione
1277 1320 1396 1405 adelfi,

355 1422 388 1486 et
412 1417 636 1488 declaratione
661 1415 785 1484 Albertt
809 1419 843 1484 to
866 1435 987 1504 repom.
1243 1421 1327 1506 Cap.
1352 1422 1396 1490 et.

174 1551 239 1607 tear
330 1532 429 1603 Anno
456 1533 580 1602 demini
606 1533 880 1602 mealxxxxviii.
912 1533 1153 1604 Wenczeslaus
1181 1553 1241 1604 rex
1267 1535 1311 1605 ad
1336 1553 1396 1606 aa·

256 1634 440 1705 ronandum
467 1651 505 1702 se
532 1636 567 1701 et
590 1633 749 1723 reginum,
776 1631 873 1702 ducis
898 1631 1027 1702 Alberti
1054 1651 1213 1725 sororem,
1244 1635 1397 1705 invitavit
1503 1707 1504 1710 ,

255 1736 450 1824 episcopum
476 1731 721 1818 Magantinum.
763 1728 866 1800 Atluit
889 1730 1046 1801 Albertus
1070 1751 1141 1802 cum
1158 1735 1314 1803 comitiva
1332 1753 1396 1804 ex·
1503 1751 1504 1808 t

254 1835 354 1923 culta,
382 1838 414 1901 et
440 1831 538 1899 buius
564 1829 641 1899 lasti
666 1830 792 1916 garama
817 1829 1053 1902 decentissime
1070 1833 1256 1901 illustravit
1293 1833 1395 1904 Cuius
1431 1857 1433 1862 ¹

255 1934 393 2020 gloriam
419 1936 455 1998 ut
479 1929 561 1998 vidit
584 1927 735 2018 pontifex
761 1928 804 1997 ad
829 1947 969 2018 regnum
995 1933 1113 2000 iterum
1137 1933 1266 2022 invitat,
1282 1929 1395 2003 Adol-

256 2031 321 2100 ium
348 2048 408 2118 pro
435 2027 626 2098 enormibus
662 2029 861 2098 excessibus
896 2030 1130 2120 deponendum
1166 2030 1328 2124 affirmat,
1364 2037 1397 2101 et

256 2130 318 2199 sibi
352 2146 492 2214 regnum
528 2126 723 2195 tradendum
766 2130 951 2198 certissime
987 2137 1179 2222 asseverat,
1215 2129 1396 2202 dummodo

257 2245 369 2316 regem
395 2226 555 2295 Bobemie
582 2243 696 2294 seeum
723 2225 832 2295 ducat.
1190 2245 1194 2256 ‘

329 2325 486 2396 Albertus
512 2325 704 2395 Heinricum
733 2325 855 2395 vducem
890 2326 1060 2397 llarintbie
1096 2345 1169 2396 cum
1203 2327 1394 2398 adiectione

257 2427 424 2516 amplioris
451 2443 577 2494 summe
603 2424 647 2493 ad
673 2423 859 2496 Carniclam
884 2428 975 2515 prius
1003 2427 1183 2514 obligatam
1202 2428 1396 2518 stipendiat,

258 2535 291 2596 et
316 2527 457 2596 electam
490 2523 641 2594 conflans
675 2526 839 2616 militiam,
872 2528 1078 2616 procinctum
1110 2527 1273 2596 inchoans
1307 2529 1399 2597 venit

176 2628 453 2696 reaessawariam.
517 2623 576 2693 Cui
613 2623 681 2692 dux
719 2622 797 2694 Otto
834 2627 1007 2694 transitum
1048 2625 1248 2714 denegavit,
1288 2626 1399 2696 donec

257 2723 400 2796 Adcllus
426 2730 463 2793 ut
487 2723 676 2793 admitteret
702 2722 923 2792 demandavit.
972 2721 1116 2793 Adultus
1150 2725 1277 2794 Ulmam
1311 2744 1398 2815 prc-

258 2843 380 2915 perans
405 2824 537 2912 plures,
573 2840 659 2910 quos
693 2819 849 2892 Albcrtus
886 2823 951 2892 sibi
982 2828 1176 2914 attraxerat,
1213 2826 1340 2913 rapinis
1366 2830 1400 2894 et
1502 2897 1503 2922 ,

258 2923 422 2992 incendiis
449 2921 667 2991 scrutabatur.
705 2921 782 2989 Dux
808 2920 886 2991 Otto
912 2923 1064 2990 bawarie
1090 2925 1124 2992 in
1147 2925 1241 3010 regis
1260 2941 1399 2996 succur·
1502 2931 1503 3026 ἐ

260 3039 333 3090 sum
359 3020 533 3111 testinans,
560 3024 658 3109 paeto
686 3022 944 3107 quingentarum
976 3040 1158 3091 marearum
1189 3028 1309 3091 terram
1335 3020 1400 3092 Al·
1502 3027 1503 3060 ¹

259 3121 344 3189 berti
370 3120 498 3188 comitis
527 3118 568 3187 de
594 3117 762 3208 Aperlceh
788 3119 876 3190 adiit.
886 3118 985 3204 ·Quo
1006 3120 1172 3210 dissipato
1189 3139 1306 3191 acmes
1333 3121 1399 3193 du·-

260 3235 331 3288 ecm
357 3218 494 3287 invadit.
526 3219 665 3288 Etcum
692 3218 826 3308 ancipiti
852 3237 1040 3305 congressu
1061 3221 1211 3291 alacriter
1229 3221 1397 3337 aliquam-

260 3318 317 3387 diu
343 3335 381 3386 se
407 3324 626 3386 concuterent
650 3318 851 3408 preliantes,
880 3337 993 3388 acmes
1021 3319 1200 3412 occiditur,
1226 3323 1277 3390 vir
1303 3321 1400 3389 miri-

261 3419 342 3486 lrcus
375 3422 408 3485 et
441 3415 600 3486 famosus.
641 3417 749 3506 Super
783 3435 849 3506 quc
881 3415 1038 3487 Albertus
1070 3424 1104 3489 et
1129 3421 1201 3489 eius
1228 3422 1396 3490 exercitus

260 3536 327 3587 ncn
354 3513 518 3586 medicum
545 3515 747 3586 turbabatur.

334 3617 500 3686 Processit
525 3619 646 3705 amen,
673 3615 773 3684 etad
801 3615 958 3705 oppidum
985 3616 1076 3705 quod
1102 3617 1314 3705 llantzingem
1340 3615 1397 3688 di-

260 3716 343 3784 eitur
367 3717 529 3803 pervenit.
563 3713 668 3795 erern
694 3711 837 3783 Adcllus
863 3717 1050 3803 insequitur
1076 3724 1110 3785 et
1135 3715 1256 3786 ibidem
1282 3724 1397 3786 eontra

181 3835 183 3844 ’
259 3832 296 3884 se
324 3831 569 3902 superaquam
597 3831 662 3902 que
688 3811 828 3882 Altzacb
854 3813 972 3884 dieitur
997 3823 1106 3884 eastra
1131 3816 1255 3885 locant
1286 3816 1395 3884 Dum·-

260 3931 326 4002 quc
359 3919 476 3981 neutra
510 3931 587 4002 pars
622 3911 665 3980 ad
699 3914 832 3982 alteram
866 3914 1084 3984 transvadare
1110 3921 1336 4004 presumeret,
1363 3921 1397 3982 et

259 4011 435 4100 utrobique
452 4013 643 4082 victualium
661 4014 799 4101 penuria
817 4014 1068 4105 stringerentur,
1086 4013 1307 4102 Maguntinus
1332 4009 1396 4080 Al-

259 4111 353 4180 bertc
381 4129 440 4180 cur
466 4115 597 4202 torpeat
623 4118 655 4181 et
681 4111 812 4181 dillerat
844 4112 1066 4182 demandavit.
1101 4110 1165 4194 Qui
1191 4114 1300 4182 statim
1326 4109 1395 4182 lle-

258 4227 337 4278 num
373 4211 559 4302 transiens,
587 4212 678 4281 venit
702 4208 929 4298 Argentinam.
965 4209 1107 4281 Adultus
1134 4213 1294 4282 estimans
1320 4229 1392 4278 eum
