3044 4882
259 197 333 270 33⁸ae
572 226 716 274 roununrs
737 225 947 272 vrcronrrnsrs.
985 225 1010 293 3,
1029 227 1053 280 2.

255 367 446 457 prepositus
479 366 601 433 montis
635 366 743 434 saneti
768 363 900 451 Virgilii
924 365 1050 436 aditum
1076 363 1244 459 patefecit,
1272 371 1306 436 et
1331 383 1390 436 oa-

257 472 327 536 stro
353 468 546 534 remanente
573 466 691 533 civitas
716 463 872 534 incendio
899 463 1104 536 devastetur.
1219 499 1220 504 =

176 573 242 630 1292
330 563 429 638 Anno
451 563 575 655 domini
595 564 799 634 moolxrmx.
816 563 974 633 Nicolaus
989 583 1077 654 pape
1098 567 1245 656 moritur,
1263 571 1391 634 otsue·

175 664 346 736 reaccedit
379 664 569 734 celestinus
604 664 740 751 quintus
776 662 895 732 eodem
928 681 1017 733 anno
1044 665 1170 734 electus
1198 665 1253 734 dio
1269 666 1392 753 'quinto

256 765 338 857 iulii,
365 765 421 852 qui
448 761 508 831 luit
526 761 652 831 ordinis
670 762 759 830 boati
780 761 953 833 Benedicti
973 763 1128 852 seditque
1143 781 1278 834 menses
1294 765 1394 852 quin-

257 881 333 956 que,
361 869 395 932 ot
412 862 597 949 resignavit
615 879 675 951 per
698 861 786 930 buno
812 861 962 930 modum:
989 862 1065 931 dum
1091 864 1178 932 enim
1196 865 1394 953 quiesceret,

256 981 324 1033 vox
349 959 392 1032 ad
419 981 494 1032 eum
520 960 606 1029 lacta
621 966 673 1030 est
697 978 757 1050 per
782 959 906 1051 tubam,
933 963 1029 1048 quasi
1048 963 1302 1050 essetaugelus
1329 961 1395 1030 do-

217 1100 221 1106 »
256 1065 354 1153 mini,
388 1079 449 1150 per
474 1067 542 1130 tres
568 1061 681 1151 vices,
715 1064 752 1128 ut
785 1061 1009 1146 quantocitius
1041 1069 1177 1151 propter
1210 1061 1395 1132 mundiales

256 1163 497 1250 occupationes
532 1159 805 1250 contemplationi
837 1158 1028 1251 insisteret,
1056 1179 1166 1230 curam
1201 1160 1396 1251 deponeret

256 1259 330 1343 Quo
357 1259 446 1328 laeto
472 1257 664 1328 Bonilacius
690 1264 831 1328 octavus
852 1259 1004 1328 succedit
1023 1258 1141 1329 eodem
1164 1278 1254 1329 anno
1279 1261 1314 1328 in
1341 1260 1396 1328 vi-

256 1361 335 1447 gilia
354 1360 534 1428 nativitatis
552 1357 676 1428 domini
701 1357 840 1448 electus,
867 1358 923 1446 qui
949 1357 1035 1430 banc
1060 1359 1316 1430 fraudulentiam
1339 1359 1396 1428 di-

256 1462 340 1528 citur
364 1475 577 1548 procurasse.

174 1569 241 1623 racc
330 1557 405 1627 Hoc
431 1575 521 1627 anno
546 1553 704 1626 tilbertus
730 1554 798 1626 dux
826 1551 971 1624 Austrie·
990 1554 1123 1625 obsedit
1144 1557 1280 1645 opidum
1304 1555 1396 1646 quod

255 1656 370 1728 Restat
394 1657 515 1726 dicitur
538 1659 573 1725 in
599 1656 711 1725 odium
738 1655 890 1745 episcopi
916 1654 1206 1749 saltzburgensis,
1233 1673 1394 1726 asserens

254 1759 363 1848 ipsum
382 1753 425 1824 ad
442 1757 578 1826 l'undmn
592 1753 833 1825 Admonlensis
855 1757 1047 1824 monasterii
1071 1758 1238 1845 pertinere
1263 1758 1393 1826 ratione

256 1857 451 1944 advocatie,
486 1856 551 1924 boo
577 1873 700 1947 agens,
735 1855 813 1942 quia
838 1855 993 1943 princeps
1021 1855 1131 1944 Styrie
1157 1855 1244 1926 idem
1271 1873 1396 1925 mona-

256 1957 392 2025 sterium
417 1955 519 2023 habet
543 1955 733 2047 defensare,
760 1971 841 2022 cum.
861 1959 971 2021 tamen
993 1953 1270 2043 salczburgensis
1298 1956 1395 2044 epis-

255 2071 360 2144 copus
378 2055 421 2123 sit
436 2053 602 2124 fundator.
627 2055 809 2140 Instigator
827 2052 925 2121 buius
942 2054 989 2120 rei
1004 2052 1065 2122 luit
1080 2054 1261 2125 Heinrious
1276 2055 1394 2146 abbas,

253 2159 339 2224 terre
365 2154 561 2242 capitaneus
588 2160 622 2222 et
646 2153 837 2242 lantscriba,
866 2153 1024 2222 estimans
1052 2171 1090 2222 se
1117 2155 1237 2224 collum
1264 2173 1285 2224 a
1310 2156 1394 2242 iugo

254 2253 454 2343 episcopalis
481 2253 671 2325 obedientie
698 2254 906 2322 excussisse.
938 2251 1015 2320 Dux
1035 2258 1155 2345 autern,
1181 2271 1257 2324 oum
1276 2256 1310 2322 in
1327 2255 1394 2324 ob-

253 2353 385 2423 sidione
427 2351 700 2443 depredationem
733 2369 867 2422 suorum
901 2351 1090 2421 victualium
1116 2371 1177 2442 per
1203 2354 1334 2423 incolas
1360 2356 1395 2422 in

253 2453 420 2522 montanis
447 2453 579 2521 callium
606 2452 769 2521 babentes
797 2451 945 2519 notitiam
972 2451 1120 2520 crebrius
1147 2458 1181 2521 et
1205 2454 1289 2523 alias
1315 2471 1395 2522 mo-

253 2552 370 2624 lestias
395 2554 595 2643 sustineret,
622 2552 799 2623 obsidione
834 2550 945 2619 soluta
975 2551 1008 2618 in
1043 2549 1209 2620 Aust-riam
1242 2558 1296 2623 est
1335 2571 1395 2622 re-

252 2670 386 2725 versus·
741 2669 743 2674 ‘
1102 2693 1105 2698 ,
1246 2717 1259 2734 ‚

174 2777 239 2832 1295
327 2749 427 2822 Anno
453 2747 578 2820 domini
604 2749 843 2819 moolxxxmv.
879 2748 959 2817 obiit
990 2748 1059 2817 dux
1092 2749 1333 2842 Meinbardus,
1361 2756 1395 2820 et

254 2852 289 2920 ln
315 2851 519 2920 monasterio
547 2849 653 2916 sancti
678 2849 836 2917 lobannis
861 2848 896 2916 in
923 2848 1044 2940 Stans,
1072 2849 1305 2944 cisterciensis
1333 2868 1394 2919 or-

257 2948 355 3040 dinis,
384 2947 473 3036 quod
499 2949 573 3036 ipse
600 2953 796 3036 sumptuose
818 2951 1054 3018 construxerat
1061 3002 1071 3040 ,
1108 2947 1290 3039 sepelitur.
1320 2949 1395 3018 Hoc

256 3049 494 3117 monasterium
521 3046 628 3132 digito
664 3049 769 3116 sancti
801 3045 960 3115 lobannis
994 3047 1140 3136 baptiste
1175 3056 1228 3118 est
1260 3048 1395 3117 celebre

257 3163 325 3236 quo
352 3146 520 3215 dominum
546 3145 789 3216 demonstravit
811 3152 848 3214 ut
874 3146 1001 3237 dicitur,
1028 3148 1127 3216 claris
1152 3148 1318 3217 miraculis
1336 3165 1394 3217 re-

255 3245 406 3336 fulgens,
447 3245 704 3315 advenientibus
736 3245 902 3314 beneficia
933 3247 1034 3316 multa
1073 3253 1239 3336 prostans.
1286 3243 1393 3328 Quem

254 3345 353 3415 beata
378 3345 479 3414 'leola
504 3344 547 3413 ad
573 3350 687 3434 partes
713 3344 835 3434 alpium
859 3346 894 3412 in
922 3344 1127 3438 Seleuciam,
1161 3363 1261 3434 quam
1285 3363 1391 3435 prope

253 3445 489 3514 monasterium
515 3451 672 3514 asserunt
697 3461 775 3513 esse
802 3446 908 3535 sitam,
934 3443 991 3513 ubi
1017 3446 1093 3534 ipsa
1119 3446 1264 3534 quiescit
1279 3453 1317 3514 ut
1331 3463 1392 3516 as-

254 3546 383 3636 seritur,
409 3546 607 3634 apportavit.
646 3545 801 3614 Seleucia
826 3549 936 3613 tamen
958 3545 1069 3615 ‘allero
1101 3546 1134 3614 in
1160 3542 1244 3614 Asia
1268 3544 1392 3632 legitur

253 3643 373 3712 clarior
398 3644 464 3712 ista
489 3643 636 3735 multum,
661 3645 697 3712 in
717 3644 844 3713 Isauria
863 3645 1034 3732 provincia
1051 3643 1392 3716 eonditeaSalenco.

183 3741 186 3746 '
253 3742 344 3812 Filiis
371 3741 562 3812 thesaurum
587 3761 743 3830 magnum
769 3743 911 3833 reliquit,
938 3760 993 3812 ros
1020 3743 1161 3812 ducatus
1188 3750 1222 3812 et
1247 3745 1391 3813 comita-

133 3855 135 3858 ·
255 3847 308 3910 tus
334 3841 457 3931 prediis
484 3860 523 3911 ao
548 3841 825 3932 possessionibus
851 3841 998 3930 pluribus
1015 3843 1252 3934 augmentavit,
1275 3844 1309 3911 in
1326 3861 1389 3912 ex-

252 3942 553 4010 communicatione
580 3942 727 4010 decessit
752 3946 888 4029 propter
914 3941 1074 4028 quasdam
1102 3942 1277 4033 eeclesias,
1305 3959 1389 4030 quas

252 4039 378 4108 leserat
402 4041 436 4107 in
462 4039 560 4108 bonis
586 4059 709 4108 earum.
749 4035 863 4108 Abbas
894 4058 975 4109 vero
1010 4040 1213 4109 Stamsensis
1247 4059 1268 4109 a
1299 4041 1389 4109 curia

254 4137 509 4230 absolutionem,
537 4139 623 4209 lilios
651 4148 683 4208 et
708 4139 846 4227 patriam
872 4138 1048 4230 letificans,
1072 4141 1269 4230 apportavit.
1304 4139 1389 4232 Epi-

257 4234 368 4304 talium
395 4254 491 4306 suum
518 4239 625 4306 sicin
653 4239 727 4326 ipso
753 4239 956 4307 monasterio
982 4238 1103 4325 legitur
1129 4246 1316 4308 exaratumt
