3052 4878
269 189 336 258 122
582 217 697 262 urcoum
719 217 762 262 rr.
784 215 926 262 corrour.
949 214 1083 260 ruarmo.

183 369 250 424 1³12
265 354 517 445 publicaverunt
538 371 730 442 processus,
759 370 844 441 quos
870 353 1033 441 publicari
1053 352 1272 422 mandastis
1263 370 1296 418 m
1317 369 1399 440 pre-

183 451 255 491 sarr.
217 455 376 558 ,sentia
410 454 616 543 imperatoris
650 452 782 540 quidam
817 451 921 520 abbas
952 448 1111 520 Aretinus
1148 458 1182 520 et
1206 453 1399 540 prepositus

202 506 429 642 ¹⁰eoolesia,
466 551 649 621 secundum
678 551 769 639 quod
795 550 982 619 cardinales
1009 552 1057 619 ais
1084 550 1339 639 mandaverant,
1367 553 1402 618 et

267 652 421 722 dominus
447 653 625 740 imperator
643 668 717 718 oum
742 651 930 719 reverentia
954 642 1108 718 audiunt
1147 650 1296 718 Utrum
1286 667 1322 716 m
1347 649 1402 716 ci-

266 752 369 820 vitate
396 749 577 840 Tiburtina,
603 750 658 818 vel
693 750 728 817 in
755 748 911 838 Cortona,
937 748 1026 816 vel
1017 767 1052 816 m
1076 745 1191 817 Aratio
1217 749 1404 860 inceperint

266 851 443 918 citationes
478 850 569 934 regis
598 845 734 916 Roberti
768 854 802 916 et
826 849 999 916 multarum
1032 865 1248 936 personarum
1280 851 1314 914 et
1349 847 1405 914 ei-

266 952 403 1018 vitatum
430 947 618 1035 rebellium,
645 933 715 1016 ιιὸιι
739 938 934 1034 recordor²;
968 945 1030 1014 sed
1061 948 1252 1015 memoriam
1277 944 1402 1034 habeo,

267 1047 403 1134 quando
420 1046 511 1114 hoc
502 1063 536 1112 m
552 1043 658 1114 Roma
673 1044 885 1135 tranebatur,
913 1044 1005 1132 quod
1031 1045 1201 1114 auditores
1225 1045 1310 1113 sacri
1333 1062 1405 1132 pa-

266 1147 347 1235 latii,
377 1145 419 1213 de
437 1162 576 1231 quorum
594 1145 736 1214 consilio
755 1145 947 1232 specialiter
965 1161 1081 1212 omnes
1107 1143 1192 1212 tales
1217 1159 1404 1232 processus

267 1243 410 1333 flebant,
442 1243 597 1312 dixerunt
621 1243 828 1332 imperatori,
864 1240 955 1330 quod
981 1243 1109 1311 initiare
1136 1249 1170 1310 et
1195 1241 1341 1310 mediare
1369 1245 1406 1308 et

266 1344 443 1410 terminare
470 1342 548 1410 talia
571 1342 746 1431 oportebat
771 1344 805 1410 in
823 1344 916 1410 terris
933 1342 1074 1430 imperii.
1116 1341 1210 1410 Bene
1236 1341 1405 1426 imaginor

267 1459 333 1527 ego
360 1440 451 1528 quod
476 1443 510 1509 in
537 1441 640 1510 altero
667 1440 892 1529 predictorum
917 1440 1066 1509 locorum
1092 1439 1179 1508 lacte
1201 1444 1280 1508 sunt
1294 1440 1404 1526 primo

267 1541 454 1609 citationes.
498 1537 586 1608 Ante
611 1540 812 1609 Florentiam
838 1545 872 1607 et
898 1537 986 1626 apud
1013 1546 1164 1608 sanctum
1192 1538 1403 1626 Cassianum,

264 1639 321 1707 ubi
347 1638 404 1708 diu
429 1637 561 1729 luimus,
589 1645 623 1707 et
647 1641 681 1707 in
707 1637 823 1708 Monte
849 1638 1014 1726 Imperiali
1039 1637 1181 1727 diutius,
1208 1636 1294 1705 lacte
1323 1641 1406 1704 suut
1523 1639 1524 1650 ’

264 1740 364 1808 multe
381 1738 626 1807 declarationes
647 1744 680 1804 et
696 1736 883 1826 dilationes,
911 1741 944 1805 et
967 1737 1045 1804 talia
1064 1735 1253 1806 huiusmodi
1271 1751 1404 1803 neces·
1456 1789 1468 1806 ,,

264 1839 368 1926 saria,
396 1854 460 1923 que
488 1853 554 1921 ego
579 1838 717 1925 ignoro,
752 1855 826 1904 oum
852 1836 895 1905 de
921 1837 990 1903 iure
1022 1853 1191 1922 nunquam
1219 1834 1402 1902 lectionem

264 1934 465 2020 audiverim;
492 1933 535 2002 da
554 1953 621 2021 quo
639 1934 738 2003 doleo
759 1935 904 2003 multum.
945 1933 983 2001 In
1006 1935 1139 2004 civitate
1160 1935 1280 2002 Pisana
1306 1933 1402 2018 regis

261 2033 395 2102 Roberti
422 2038 455 2101 et
479 2032 642 2102 bonorum
668 2052 802 2102 suorum
830 2040 863 2102 et
889 2033 1058 2102 civitatum
1083 2034 1257 2102 multarum
1283 2031 1401 2099 rebel-

262 2133 339 2201 lium
355 2133 493 2221 imperii,
520 2149 585 2200 nec
599 2150 667 2201 non
684 2135 848 2221 comitum,
876 2131 1047 2221 baronum,
1075 2139 1108 2202 et
1123 2132 1297 2200 multarum
1321 2131 1402 2198 sin·-

262 2231 413 2318 gularum
429 2247 648 2318 personarum
665 2233 802 2320 imperii,
830 2236 862 2298 et
878 2232 1045 2298 civitatum
1064 2233 1218 2320 ecclesio,
1244 2231 1299 2317 qui
1319 2228 1402 2296 sue·-

263 2335 338 2398 runt
370 2329 590 2417 personaliter
622 2331 658 2397 in
691 2328 811 2417 Roma,
845 2332 879 2398 in
904 2327 1127 2420 Lumbardia,
1155 2336 1189 2398 et
1212 2331 1251 2397 in
1277 2328 1403 2396 Tuscia

263 2435 379 2498 contra
405 2430 645 2517 imperatorem,
674 2430 840 2497 sententie
867 2427 1040 2496 diffinitive
1068 2433 1146 2498 sunt
1173 2427 1249 2495 date
1273 2444 1403 2496 secun-

263 2527 341 2596 dum
362 2527 554 2614 qualitatem
574 2545 791 2640 personarum
811 2532 845 2594 et
863 2528 1012 2596 locorum
1032 2533 1067 2596 et
1086 2529 1304 2615 quantitatem
1324 2525 1402 2592 cul-

262 2645 389 2716 parum.
427 2625 470 2692 llt
495 2628 606 2694 omnia
629 2627 695 2694 ista
722 2627 845 2715 scripta
869 2625 1011 2715 publice,
1040 2632 1074 2696 et
1087 2626 1128 2695 ab
1147 2625 1300 2694 omuibus
1316 2639 1403 2714 pos-

265 2732 344 2795 sunt
368 2723 484 2793 vidcri

336 2823 375 2890 ln
391 2821 607 2910 processibus
625 2784 858 2911 predictorum,
878 2820 935 2890 diu
952 2826 1131 2908 antequam
1146 2819 1314 2890 sententia
1335 2818 1402 2888 da-

264 2927 362 3010 retur,
389 2919 495 2988 voluit
519 2923 713 3009 imperator,
737 2918 828 3006 quod
854 2922 906 2987 sui
932 2921 1042 2988 clerici
1067 2921 1134 2986 ista
1159 2923 1341 2986 tractantes
1366 2923 1405 2986 ct

252 3022 298 3098 in
323 3019 511 3087 Bononiam
538 3024 571 3086 et
597 3018 708 3086 alibi
699 3037 733 3086 m
760 3019 934 3109 Tusciam,
961 3019 1018 3086 ubi
1049 3018 1183 3086 litterati
1209 3018 1271 3084 viri
1298 3034 1404 3105 repe-

263 3119 399 3207 riuntur,
426 3119 642 3209 mitterentur,
663 3116 903 3186 adridendum
924 3123 958 3185 et
980 3115 1199 3186 estimandum
1219 3117 1249 3184 si
1266 3117 1301 3183 in
1320 3133 1404 3204 pre-

264 3216 360 3285 dictis
382 3216 437 3284 vel
454 3219 488 3284 in
506 3217 618 3304 aliquo
637 3215 859 3304 predictorum
878 3222 971 3284 esset
987 3216 1107 3302 aliquis
1126 3213 1296 3300 delectus,
1324 3215 1404 3301 quia

264 3317 292 3384 sl
319 3313 471 3384 delectus
496 3321 632 3404 propter
657 3317 897 3402 negligentiam
925 3333 1050 3396 eorum,
1078 3316 1136 3400 qul
1157 3313 1236 3382 talia
1260 3311 1404 3381 ordina-

263 3413 361 3503 bant,
395 3411 516 3482 luisset
541 3417 715 3503 inventus,
742 3416 892 3503 promisit
919 3417 989 3504 eis,
1017 3412 1107 3501 quod
1134 3411 1175 3480 de
1202 3413 1270 3480 vita
1297 3417 1330 3478 ot
1356 3409 1402 3478 da

192 3517 193 3520 ’
262 3512 391 3582 honoro
418 3529 532 3580 eorum
557 3529 625 3580 non
653 3518 769 3581 essent
796 3515 913 3580 securi.
954 3509 1042 3580 Ante
1070 3511 1269 3580 sententiam
1295 3526 1402 3578 asse-
1523 3565 1524 3584 ,

263 3615 461 3680 curaverunt
486 3611 730 3700 imperatorem,
757 3610 847 3697 quod
872 3613 907 3678 in
932 3610 1151 3700 processibus
1173 3610 1284 3678 nullus
1308 3614 1405 3676 esset

263 3710 426 3799 delectus,
454 3715 488 3778 et
502 3707 568 3778 hoc
588 3707 716 3778 vellent
735 3709 920 3778 secundum
938 3711 1010 3778 iura
1026 3715 1102 3778 ante
1119 3727 1237 3778 omnes
1256 3707 1404 3774 clericos
1523 3699 1524 3730 ³

264 3808 376 3876 mundi
403 3811 580 3877 sustinere.
627 3807 804 3920 Dominus,
831 3811 887 3894 qui
914 3809 998 3877 alias
1024 3807 1154 3878 viderat
1179 3801 1294 3878 'eorum
1321 3807 1404 3894 opi-

264 3909 396 3976 nionem
422 3907 465 3976 de
492 3907 709 3976 coronatione
736 3908 787 3975 sui
812 3907 967 3995 possibili
993 3907 1071 3975 alibi
1097 3925 1195 3993 quam
1219 3908 1253 3974 in
1279 3910 1402 3973 saneto

299 4025 435 4094 lg.)Verl
453 4025 499 4080 das
519 4025 629 4081 dariibcr
653 4024 868 4092 aulgenommena
892 4027 1172 4081 notauatsmstrument
1190 4024 1214 4079 d
1233 4025 1258 4079 d
1274 4023 1384 4080 Aretii
1376 4039 1407 4080 m

264 4093 359 4161 palatio
378 4043 518 4217 epgiscffali
539 4095 571 4150 10
588 4099 655 4216 sept.
675 4093 742 4149 1312
759 4095 802 4148 bei
820 4095 971 4162 Doenniges
988 4095 1051 4150 Acta
1069 4094 1227 4162 Heinrici2,
1244 4093 1285 4148 67.
1321 4094 1353 4159 2)
1368 4094 1409 4148 Ζιι

264 4161 422 4298 ῧὲξέξιοΰίιὲιι
440 4163 504 4285 187»
499 4167 551 4234 opt
578 4163 609 4216 13
629 4164 644 4216 2
663 4163 751 4220 wurde
769 4163 846 4231 lrbnig
863 4163 960 4218 Robert
976 4166 1062 4218 zuerst
1079 4163 1156 4217 citirt
1180 4133 1410 4228 Doennigesllcta
