3002 4880
390 241 534 290 cunonrcn
555 243 592 288 uu
614 243 712 290 orsrrs
732 245 898 290 rnrnorvun.
1166 215 1211 285 39

92 377 225 468 proiectu
252 383 285 448 et
311 380 363 448 sui
388 381 528 448 utilitate
554 382 743 451 inconsulte
769 399 856 469 quos
881 383 986 452 tenuit
1013 382 1062 450 sio
1079 381 1210 450 dimisit.

91 479 147 566 lpsi
177 479 262 546 enim
297 479 467 548 maliciose
498 481 685 550 tractabant
718 481 759 549 de
786 487 892 550 morte
919 483 1008 568 eius,
1036 480 1098 549 sed
1123 483 1208 572 ipse,

92 580 163 646 sicut
185 579 304 664 aliquis
333 579 499 664 evangelii
525 597 593 647 non
620 580 741 649 surdus
763 579 903 671 auditor,
924 579 1035 648 reddit
1048 581 1097 648 eis
1119 580 1210 648 bona

91 695 140 763 pro
163 677 274 767 malis,
304 683 337 744 et
363 695 447 764 quos
474 694 596 746 necare
623 679 752 769 debuit,
780 679 917 748 donavit
941 680 1078 769 pristine
1104 680 1209 747 liber-

90 778 146 843 tati
168 776 249 844 ldeo
277 774 450 845 dicebatur
477 776 519 844 de
545 778 637 865 ipso:
663 778 727 846 Hic
752 778 872 845 reddor
890 780 980 846 novit
998 779 1110 863 pisces
1127 796 1209 844 coo-

90 874 216 956 clvderc,
243 875 305 941 red
328 877 698 961 eradicandarum·
723 879 787 944 scit
810 895 888 944 noes
914 893 1043 963 copore,
1069 878 1210 944 sednon

88 975 166 1040 accit
188 974 387 1059 deplumant.
449 971 477 1040 Ο
516 981 674 1063 quantum
707 975 907 1064 profecisset
933 978 961 1044 si
987 975 1117 1062 aliquos
1145 975 1208 1043 de-

88 1074 273 1162 capitasset,
307 1073 391 1141 alios
426 1091 533 1159 usque
564 1073 607 1142 ad
637 1075 785 1143 ultimum
812 1074 1029 1162 quadrantem
1056 1075 1209 1161 depecu-

86 1173 220 1240 niasseti
235 1170 385 1259 prolecto
405 1170 505 1240 hodie
529 1179 623 1240 esset
639 1177 892 1261 potentissimus
908 1175 1095 1262 imperator.
1123 1171 1208 1240 Cre-

86 1268 219 1338 dendum
246 1276 298 1338 est
324 1275 434 1338 tamen
461 1288 525 1338 nec
551 1271 776 1362 dubitandum,
805 1272 896 1360 quod
913 1274 1120 1363 experientia
1140 1271 1208 1340 do-

86 1375 180 1460 cente,
210 1371 318 1457 ipsum
345 1374 465 1458 postea
491 1372 633 1459 penituit
658 1389 726 1440 non
754 1372 889 1440 iecisse.

145 1468 250 1554 lgitur
283 1485 357 1535 curn
391 1487 451 1535 ren
486 1468 661 1537 Heinrious
697 1469 967 1553 Longobardiam
992 1473 1150 1539 intrasset
1176 1476 1297 1546 atrato

83 1569 255 1634 exercitum
290 1568 563 1659 percensuisset,
605 1571 659 1656 qui
695 1588 766 1637 oum
799 1587 840 1638 eo
875 1571 953 1638 illuc
986 1576 1140 1661 venerat,
1176 1576 1209 1639 et
1227 1575 1292 1615 nov.

84 1682 217 1734 cernens
244 1665 308 1734 sibi
333 1684 402 1734 non
428 1665 584 1734 sulficere
610 1668 652 1736 ad
677 1668 879 1736 laboriosum
905 1687 1001 1759 opus,
1030 1667 1119 1756 quod
1141 1687 1208 1754 ag-

81 1765 166 1848 gredi
199 1771 398 1855 paraverat,
425 1783 503 1834 mon
537 1765 652 1834 scribit
676 1786 696 1834 a
722 1761 843 1852 tergo1
869 1766 911 1836 ad
937 1785 1097 1856 proceres
1123 1764 1209 1836 Ale-

82 1866 205 1931 mannie
241 1869 275 1931 et
308 1862 472 1951 quosdam
499 1867 698 1956 episcopos,
726 1867 910 1934 obsecrans
937 1868 1060 1954 pariter
1086 1872 1119 1934 et
1144 1885 1210 1935 ex—

80 1959 222 2052 hortans,
249 1969 285 2030 ut
301 1963 344 2031 ad
369 1965 618 2049 promocionem
642 1963 783 2032 Romani
799 1967 926 2054 imperii
949 1984 1016 2034 non
1036 1966 1211 2052 negligant

81 2061 137 2127 sibi
161 2065 293 2129 mittere
320 2068 464 2130 armatos
490 2064 592 2155 viros,
623 2063 779 2151 ydoneos
807 2064 849 2132 ad
874 2063 1101 2155 pugnandum,
1131 2066 1210 2151 qui-

80 2158 161 2228 fib„
178 2179 320 2228 nurnero
357 2161 541 2229 secundum
578 2162 766 2231 facultatem
800 2181 907 2231 rerum
940 2181 981 2231 ac
1012 2163 1210 2249 dignitatum

81 2275 204 2327 suarum
213 2251 235 2343 ²,
257 2261 344 2327 sicut
362 2261 435 2328 eius
458 2262 562 2328 velint
574 2262 696 2330 habere
713 2265 830 2348 jugem
844 2264 983 2348 gratiam
1001 2268 1035 2330 et
1052 2263 1210 2331 savorem.

144 2359 247 2428 Porro
274 2357 436 2426 Rudollus
462 2360 601 2427 illustris
635 2360 702 2428 dux
727 2362 892 2452 Bavvarie,
921 2379 994 2429 cunr
1021 2361 1210 2429 mandatum

79 2459 161 2541 ragis
196 2459 389 2545 accepisset
422 2477 482 2546 per
515 2462 663 2526 nuntium
700 2461 889 2547 specialiter
925 2459 968 2527 ad
996 2477 1034 2527 se
1060 2462 1208 2549 missum,

78 2553 181 2625 habito
217 2574 320 2645 super
354 2574 395 2625 eo
430 2559 589 2648 oonsilio,
625 2560 818 2626 existimans
852 2577 920 2626 non
945 2576 1061 2646 parum
1089 2552 1210 2626 citare³

78 2659 259 2744 quempiam
278 2654 435 2724 mandata
453 2658 638 2744 imperialia
657 2675 726 2725 non
743 2657 889 2748 implere,
917 2655 1007 2743 qvvod
1035 2658 1107 2745 ipse
1127 2673 1209 2746 pre-

76 2769 212 2844 cavens,
251 2756 391 2842 impiger
427 2754 469 2822 ad
502 2758 593 2842 regis
626 2761 817 2844 preceptum
853 2774 931 2824 mox
966 2774 1040 2823 oum
1072 2757 1143 2822 suis
1171 2773 1208 2823 sc

77 2859 227 2940 preparat
261 2854 304 2921 ad
339 2854 545 2945 intrandum,
579 2873 623 2923 nc
650 2856 680 2922 si
705 2856 910 2944 neglexerit,
944 2854 1209 2940 indignationem

76 2954 162 3037 regie
199 2954 388 3022 maiestatis
422 2971 459 3020 se
487 2960 607 3044 postea
633 2954 748 3022 doleat
772 2956 963 3023 incurrisse.
1015 2953 1083 3022 Sed
1109 2953 1209 3022 irater

77 3051 143 3118 eius
169 3052 239 3120 dux
260 3051 453 3143 LudwiouS,
481 3059 636 3141 exempto
662 3071 798 3122 suorum
817 3053 969 3142 consilio,
997 3070 1039 3121 cx
1066 3053 1209 3140 quadum

75 3166 152 3234 egra
177 3151 352 3220 voluntate
372 3157 488 3220 contra
510 3170 623 3239 regern
646 3153 709 3220 sibi
735 3155 860 3220 servire
883 3152 999 3238 noluit,
1028 3156 1060 3219 et
1086 3151 1209 3219 nichil-

76 3251 202 3318 ominus
229 3269 249 3318 a
276 3249 340 3339 dic,
369 3269 435 3337 qua
460 3252 534 3339 ipse
561 3250 668 3319 sactus
697 3257 749 3320 cst
775 3269 848 3341 rex,
880 3269 1050 3337 nunquam
1075 3253 1109 3317 in
1136 3253 1208 3318 eius

74 3356 257 3438 conspectu
284 3350 389 3419 voluit
415 3368 617 3438 comparere.
664 3349 730 3419 Sed
757 3350 823 3418 hoc
850 3350 1001 3437 accipere
1026 3367 1209 3437 possumus

73 3464 130 3532 pro
163 3450 326 3537 presagio
359 3448 561 3540 futurorum,
598 3468 673 3517 nam
710 3451 880 3518 servitium
913 3449 1004 3536 quod
1037 3451 1110 3536 ipse
1137 3449 1210 3535 regi

75 3544 264 3637 denegavit,
292 3553 413 3636 postea
435 3564 497 3616 suo
523 3554 682 3638 tempore,
705 3551 798 3635 justo
817 3549 880 3617 Dei
896 3547 1033 3638 judicic,
1061 3549 1094 3615 in
1122 3553 1209 3616 statu

75 3650 105 3710 et
131 3663 216 3714 casu
243 3647 426 3737 consimili,
463 3649 550 3714 sicut
582 3647 754 3716 mendicus
789 3667 809 3715 a
839 3647 989 3737 pluribus
1015 3646 1208 3734 postulavit.

73 3741 224 3814 Proiecto
252 3744 322 3814 dux
346 3745 508 3815 Rudolius
536 3747 730 3815 convocatis
759 3747 829 3815 suis
858 3745 1077 3816 servitoribus
1105 3762 1209 3812 aoce-

72 3843 117 3928 pit
143 3861 188 3912 ex
215 3845 265 3913 eis
293 3862 378 3931 quos
405 3844 469 3914 sibi
495 3850 636 3914 noverat
662 3845 831 3936 expedire,
860 3851 893 3913 et
910 3845 1019 3913 multis
1046 3843 1119 3910 aliis
1141 3861 1209 3911 no-

73 3939 195 4010 bilibus
228 3943 271 4012 ad
303 3945 412 4032 ipsum
446 3943 691 4012 confluentibus
723 3951 756 4013 et
783 3963 857 4014 oum
884 3961 925 4011 eo
951 3941 1117 4031 proficisci
1143 3960 1210 4011 vo-

73 4037 240 4133 lentibus,
274 4061 349 4110 cum
390 4043 535 4112 honesta
567 4045 723 4112 comitiva
756 4044 961 4132 procinctum
998 4044 1119 4108 movet.
1170 4042 1211 4111 Et

107 4199 136 4256 tt
156 4199 270 4255 schreibt
289 4213 318 4254 cr
336 4201 438 4256 zuriiclr.
474 4204 506 4268 2)
523 4203 668 4260 facultatem
681 4219 765 4259 rerum
778 4219 880 4260 suarum
892 4202 1091 4270 aodignitatem.
1110 4201 1212 4259 Oeielo.

75 4265 103 4330 3)
122 4267 159 4321 So
178 4269 207 4322 io
226 4269 271 4324 der
288 4270 328 4324 bs.
347 4269 400 4324 und
417 4270 460 4326 bei
479 4270 578 4328 Oeielo.
