3052 4878
284 201 355 273 130
603 229 719 275 nrsomr
740 229 784 274 rr.
806 227 947 275 nornoar.
969 227 1104 274 1111111.

203 377 360 440 ruminor
391 368 513 436 milium
548 366 745 435 llorenonrm
771 367 803 434 in
833 365 1016 436 redditibus
1042 367 1150 452 magis
1177 383 1282 454 prope
1308 364 1409 432 locum

284 472 386 538 illum.
424 466 461 535 ln
485 465 604 534 codem
622 466 697 534 loco
719 465 868 553 pluribus
894 466 1013 535 Tuscis
1036 465 1203 535 nobilibus
1220 465 1312 553 plura
1329 462 1413 532 dedit

286 575 397 638 castra
421 567 456 634 in
482 564 626 655 leonum,
654 566 702 633 sic
729 569 838 632 tamen
873 564 963 651 quod
991 571 1083 634 esset
1113 563 1156 633 ad
1182 563 1412 652 beneplacitum

287 687 382 738 suum
402 671 435 732 et
450 666 587 752 imperii.
629 663 671 731 Et
696 663 760 732 hoc
786 662 865 732 feeit
890 663 933 733 de
960 667 1049 733 omni
1074 663 1187 754 leudo,
1216 663 1306 750 quod
1332 660 1415 731 dedit

286 767 385 836 alicui
411 764 547 852 italico,
573 761 764 849 ubicunque
791 761 908 854 luerit,
935 765 1055 832 timens
1082 781 1213 851 semper
1240 760 1283 830 dc
1309 777 1413 832 eorum

286 866 467 934 mutatione
488 866 645 950 quantum
665 861 707 930 ad
734 861 935 953 fidelitatem,
962 869 1098 952 propter
1125 880 1169 932 ea
1192 879 1256 949 que
1290 860 1415 929 videbat

286 968 320 1034 in
347 964 456 1032 multis
482 963 554 1030 aliis
581 961 756 1029 comitibus
784 967 817 1028 et
842 961 1021 1050 nobilibus,
1048 963 1103 1049 qui
1128 967 1232 1030 totum
1252 960 1342 1047 quod
1361 959 1416 1028 ha·
1507 1031 1508 1036 ,

286 1064 411 1133 hebent
444 1060 485 1128 ab
520 1062 656 1148 imperio
689 1059 866 1149 tenebant,
895 1067 928 1130 et
955 1061 1145 1130 fidelitatem
1172 1060 1308 1131 domino
1334 1059 1414 1127 Pan-

288 1163 413 1251 dulpho
442 1165 475 1228 et
506 1160 583 1226 mihi
617 1158 766 1228 fecerant
799 1161 932 1228 nomine
965 1160 1109 1250 donini,
1138 1165 1307 1229 ettamen
1335 1164 1417 1245 tunc,

229 1281 233 1287 ·
288 1265 373 1332 sicut
398 1277 505 1349 nunc,
534 1263 627 1327 erant
661 1277 734 1326 cum
763 1258 972 1328 Florentinis,
1022 1259 1118 1329 Unde
1143 1261 1224 1346 quia
1250 1257 1419 1347 oportebat

287 1364 380 1451 ipsos
406 1361 535 1449 privare
562 1359 615 1426 via
650 1359 748 1448 iuria,
776 1358 908 1426 dicebat
932 1360 1112 1446 imperator
1144 1357 1234 1445 quod
1260 1359 1295 1425 in
1330 1356 1419 1424 donis

289 1478 353 1548 quc
376 1459 500 1527 Italicis
528 1456 621 1525 daret
646 1457 783 1526 nolebat
802 1456 892 1544 quod
909 1475 1093 1546 processus
1119 1459 1199 1526 iuris
1220 1462 1338 1524 essent
1360 1472 1420 1522 ne-

289 1560 443 1647 cessarii,
478 1564 515 1625 ut
541 1558 648 1643 magis
682 1557 746 1646 ipsi
772 1555 815 1624 ad
841 1556 1071 1626 infidelitatem
1101 1557 1249 1625 inclinati
1275 1557 1422 1624 timerent

290 1677 404 1728 eorum
430 1656 519 1724 bona
544 1655 696 1750 perdere.

363 1758 402 1825 ln
429 1755 548 1824 codem
577 1757 669 1822 venit
699 1773 785 1822 unus
811 1754 933 1822 nobilis
960 1753 1001 1823 dc
1031 1753 1144 1845 Senis,
1173 1759 1251 1824 tunc
1276 1756 1422 1843 potestas
1507 1781 1508 1784 ¹

289 1856 512 1943 Pistoriensis,
540 1857 573 1920 et
596 1859 737 1922 vocatur
761 1853 965 1922 Binduohius
985 1854 1027 1923 de
1045 1854 1255 1943 Salenbenis‚
1281 1854 1334 1920 vir
1353 1851 1423 1920 elo·

291 1972 399 2042 quens
426 1955 513 2020 sicut
538 1952 695 2020 recordor
720 1971 772 2020 me
798 1952 925 2021 vidisse
953 1953 1146 2024 secularem.
1193 1953 1261 2020 lste
1284 1957 1358 2020 crat
1377 1950 1422 2017 vir

291 2054 405 2143 dives,
433 2051 548 2119 dicens
584 2050 674 2138 quod
706 2051 851 2120 habebat
881 2054 1109 2122 auctoritatem
1136 2057 1299 2140 exparte
1329 2051 1423 2120 totius

290 2153 358 2238 lige
386 2152 508 2220 Tusoie
536 2149 696 2218 tractandi
723 2151 765 2218 de
791 2169 885 2241 pace,
913 2158 946 2220 et
973 2154 1001 2220 si
1028 2153 1092 2220 alic
1121 2153 1274 2220 civitates
1301 2151 1425 2219 nollent

291 2257 390 2342 pacta
407 2250 651 2340 convenientia,
670 2250 743 2338 ipse
758 2256 869 2318 tamen
885 2251 1021 2319 volebat
1036 2269 1097 2339 pro
1115 2270 1188 2320 sua.
1222 2249 1299 2318 Non
1319 2247 1425 2335 credo,

294 2350 384 2438 quod
417 2352 491 2438 ipse
527 2355 606 2418 tunc
641 2349 767 2436 aliquid
802 2350 939 2419 sciverit
970 2349 1011 2418 de
1046 2350 1112 2418 alio
1149 2355 1307 2439 tractatu,
1335 2347 1427 2416 utin

292 2450 402 2519 verbis
437 2449 508 2517 suis
542 2448 734 2538 ridebatur,
767 2450 844 2537 qnia
870 2450 965 2537 plura
990 2450 1127 2538 petebat
1154 2451 1203 2518 sio
1230 2449 1365 2517 diversa
1390 2445 1427 2513 ab

294 2550 368 2618 aliis
394 2548 610 2637 petitionibus
637 2548 867 2638 concordatis,
895 2548 985 2636 quod
1012 2549 1109 2617 nobis
1138 2548 1318 2617 constabat
1344 2539 1429 2634 quod
1506 2609 1507 2636 ἒ

295 2649 450 2718 dominus
478 2647 521 2716 ad
547 2647 627 2716 talia
651 2649 742 2716 nullo
769 2647 869 2734 modo
895 2649 1116 2716 inclinaretur.

367 2748 418 2815 De
439 2747 495 2814 illo
514 2748 589 2815 loco
609 2749 748 2815 recessit
769 2747 921 2814 dominus
943 2746 1109 2815 Robertus
1130 2745 1296 2836 Flandric‚
1317 2750 1352 2814 et
1368 2742 1429 2811 do-.
1506 2805 1507 2826 ἶ

297 2849 405 2915 minus
433 2845 474 2913 dc
501 2839 805 2932 blanqueneham¹.
852 2847 894 2914 Et
918 2847 997 2914 licet
1021 2846 1182 2914 haberent
1208 2861 1331 2912 causas
1359 2840 1430 2911 sul·
1506 2849 1507 2934 1

296 2945 550 3033 dolentissimae,
577 2950 614 3012 ut
640 2943 774 3012 domino
804 2945 1056 3035 protendebant,
1085 2951 1193 3013 tamen
1220 2962 1295 3012 cum
1322 2944 1430 3011 bene·
1506 2957 1507 2996 t

296 3045 417 3133 placito
444 3042 568 3110 domini
595 3049 628 3110 et
643 3043 778 3112 licentia
799 3062 867 3113 non
886 3051 1109 3114 recesserunt.
1151 3043 1293 3112 Dicebat
1313 3047 1431 3127 autem,

176 3166 179 3171 ·
297 3142 387 3230 quod
414 3160 486 3209 cum
514 3148 606 3211 esset
631 3144 664 3211 in
690 3142 800 3210 medio
828 3145 1034 3213 inimicorum
1061 3161 1197 3212 snorum
1224 3143 1313 3210 etin
1342 3158 1432 3209 cam-

296 3243 366 3331 pis,
391 3240 447 3308 ille
473 3259 541 3309 non
568 3247 639 3309 erat
665 3245 937 3328 consanguineus
972 3261 1054 3312 suus
1084 3244 1213 3331 bonne,
1242 3242 1298 3328 qui
1326 3242 1431 3328 ipsun

296 3343 330 3408 in
351 3338 461 3407 medio
480 3341 685 3408 inimicorum
707 3359 843 3410 suorum
859 3342 1042 3422 dimittebat
1059 3349 1093 3410 ct
1107 3342 1142 3408 in
1161 3340 1308 3430 periculo
1330 3343 1432 3425 tanto,

298 3445 332 3508 et
356 3439 452 3527 plura
478 3440 544 3507 alia
576 3442 749 3508 ostensiva
782 3441 873 3528 quod
898 3441 983 3510 male
1011 3440 1179 3510 faciebant
1212 3437 1302 3526 quod
1329 3439 1436 3528 ipsun

298 3541 348 3608 sic
374 3537 589 3606 dimittebant.
626 3535 680 3605 Ad
701 3540 802 3608 alium
818 3541 929 3609 locum
952 3549 1116 3609 venerunt
1130 3540 1241 3608 Pisani
1261 3539 1296 3605 in
1310 3550 1434 3624 magno

298 3656 434 3706 numero
452 3636 598 3725 pediturn
617 3643 650 3706 et
667 3640 824 3730 equiturn,
852 3645 885 3708 et
911 3638 953 3708 de
980 3640 1098 3710 eodem
1123 3640 1199 3708 loco
1226 3637 1438 3706 recesserunt

298 3737 354 3805 diu
381 3743 458 3804 ante
484 3754 557 3804 noe.
1141 3769 1144 3774 Α

373 3836 551 3923 Postquam
563 3853 630 3902 non
641 3835 897 3906 inveniebantur
907 3837 1000 3925 plura
1013 3837 1169 3906 victualia
1182 3837 1269 3904 circa
1284 3840 1437 3903 sanctum

212 3952 279 4006 1313
300 3935 513 4026 Cassianum,
542 3935 695 4004 dominus
724 3937 902 4023 imperator
924 3940 1064 4007 recessit
1086 3953 1203 4004 versus
1231 3933 1438 4003 Podiobonis

220 4037 280 4075 aaa.
298 4037 383 4103 inter
411 4035 520 4104 Scnas
547 4035 672 4104 directe
692 4041 725 4102 et
746 4035 945 4104 Florentiam
966 4044 999 4105 et
1022 4041 1173 4106 sanctum
1189 4035 1378 4122 Minimum,
1408 4037 1439 4098 ct

298 4134 341 4201 ibi
375 4134 524 4203 llontem
560 4151 657 4223 quern
692 4137 826 4203 vocavit
856 4136 1062 4226 imperialem
1100 4135 1250 4224 precepit
1276 4130 1439 4218 edificari,

332 4263 362 4327 l)
382 4262 567 4317 blankenheim
585 4265 611 4316 in
631 4263 678 4318 dor
696 4262 768 4317 Eilel.
