3044 4882
430 190 572 236 tonsurus
592 190 799 238 vrcrcaumms.
835 191 860 257 2,
878 191 903 244 t.
1186 164 1252 232 tlt

120 322 277 416 arctabat,
305 333 341 394 ut
367 327 520 397 Miletum
545 328 745 400 inclamaret.
780 329 854 412 Quo
880 330 1119 422 dissimulante,
1146 331 1255 404 fratris
1271 338 1338 391 ¹2⁷8

119 431 258 525 mortem
285 427 394 495 animo
421 427 619 517 revolvens,
646 446 666 495 a
690 430 795 516 prelio
822 433 1032 521 retrocessit,
1060 436 1093 500 et
1118 431 1196 502 tune
1223 435 1256 500 in

121 525 245 594 collum
279 521 427 594 Ottakari
460 527 564 594 misso
597 544 618 594 a
652 528 723 596 suis
764 545 915 599 scorsum
951 528 1162 601 obnubilatus
1195 531 1256 600 sub

119 625 219 710 galea
245 623 374 692 ducitur
398 630 432 693 et
456 625 663 711 relinquitur.
701 627 743 694 Et
767 646 846 698 mox
862 629 903 698 ab
919 626 1130 699 Australibus
1156 635 1257 716 atque

121 723 351 810 styriensibus
377 724 412 791 in
437 723 598 792 ultionem
624 727 798 810 sanguinis
827 729 1016 818 amicorum,
1045 746 1131 815 quos
1156 728 1259 798 inde-

118 823 186 890 bite
220 827 415 912 necaverat,
450 823 598 901 clamans
633 823 830 896 horribiliter
857 833 891 895 et
922 826 1148 897 affidationem
1173 847 1258 916 pro-

118 923 266 1010 mittenS,
294 922 493 990 acutissimis
521 921 641 1008 gladiis
668 929 721 990 est
746 924 932 1012 perfossus.

192 1018 356 1088 Rudollus
381 1019 492 1089 habita
515 1022 720 1109 experientia
741 1027 856 1094 mortis
882 1043 954 1114 sue,
982 1043 1099 1114 campo
1113 1042 1178 1113 per
1195 1025 1259 1091 tri-

120 1117 224 1188 duum
250 1119 440 1208 observato,
466 1125 501 1189 et
527 1121 631 1188 occisi
646 1121 737 1207 regis
764 1141 904 1212 corpore
933 1125 967 1192 in
992 1123 1118 1192 baham
1144 1130 1259 1192 trans-

115 1224 263 1308 portato,
288 1219 482 1287 bohemiam
509 1221 623 1287 statuit
655 1221 813 1290 invadere
838 1239 899 1311 pro
926 1223 997 1290 suis
1025 1221 1200 1312 stipendiis
1227 1227 1260 1290 et

116 1319 290 1407 expensis.
320 1317 362 1386 Et
388 1317 465 1386 dum
492 1335 632 1404 regnum
658 1317 850 1408 disperdere
877 1322 1072 1392 inchoasset
1098 1329 1132 1390 et
1153 1323 1260 1407 Prage

114 1418 388 1508 propinquasset,
415 1414 494 1486 Otto
520 1417 666 1486 marchio
687 1419 1023 1507 Brandenburgecsis
1042 1426 1075 1490 et
1095 1421 1261 1490 Herman-

114 1533 183 1586 nus
212 1514 321 1584 dictus
348 1533 423 1584 eum
447 1515 516 1604 pilo
538 1522 571 1584 et
596 1517 708 1586 Brunc
737 1521 918 1608 episcopus
936 1517 1196 1602 Olmuntzensis²
1224 1524 1261 1586 ut

114 1615 258 1703 reliquia
285 1615 509 1704 salvarentur,
537 1633 579 1684 cx
604 1622 698 1703 parte
723 1635 901 1705 puerorum
928 1616 1099 1708 Ottalrari,
1126 1624 1160 1686 et
1184 1618 1261 1686 Fri-

113 1713 251 1782 dericus
269 1713 550 1804 Saltzpurqensis,
572 1713 740 1784 Iohannes
760 1716 940 1786 Gurcensts
965 1718 1127 1806 episcopi,
1143 1715 1261 1784 Mein-

114 1812 243 1882 hardns
266 1831 379 1884 comes
403 1813 446 1882 de
465 1813 555 1882 Tirol
574 1819 609 1882 et
633 1813 809 1884 Heinricus
835 1818 1079 1904 purchgravius
1107 1821 1262 1903 exparte

113 1911 249 1982 Rudolh
281 1931 350 1980 rem
383 1911 426 1982 ad
459 1914 564 2000 prima
595 1907 738 2000 placita¹
764 1914 999 2002 perduxerunt.
1041 1917 1083 1984 Et
1116 1915 1259 1984 veniens

114 2029 179 2080 rex
196 2011 373 2097 Yglaviam
390 2013 469 2080 novi
496 2011 651 2100 tyrocinii
677 2015 800 2081 curiam
819 2015 1010 2104 celebravit,
1038 2014 1151 2101 ibique
1175 2031 1259 2082 con-

113 2111 265 2179 cordiam
291 2110 466 2201 stabilivit,
494 2111 645 2198 reginam
676 2113 802 2182 tristem
836 2112 1003 2184 blanditiis
1032 2113 1197 2201 delinivit,
1227 2119 1261 2180 et

111 2227 242 2298 pueros
269 2211 464 2280 consolatus
495 2211 612 2278 iterum
640 2209 681 2278 de
708 2212 895 2299 nuptiarum
922 2219 1069 2301 tempore
1098 2212 1257 2300 disputa-

112 2309 208 2397 bant,
237 2327 301 2395 que
329 2326 391 2378 suo
424 2315 571 2399 tempore
598 2309 829 2398 sollempniter
856 2317 934 2378 sunt
960 2317 1087 2380 exacte.
1133 2310 1260 2398 Corpus

112 2404 269 2476 Ottahari
282 2409 422 2494 Pragam
440 2406 484 2476 ad
506 2409 613 2476 sancti
635 2407 700 2474 Viti
720 2409 896 2479 ecclesiam
914 2417 1034 2498 postea
1057 2410 1260 2496 translatum,

111 2505 243 2576 ibidem
264 2507 299 2574 in
320 2513 431 2576 castro
455 2505 637 2575 honorifice
658 2508 827 2594 sepelitur.
854 2507 980 2576 Relicta
1002 2511 1121 2594 regina
1139 2513 1260 2594 postea

112 2607 197 2676 viro·
216 2605 321 2674 nobili
353 2605 414 2674 sed
441 2605 504 2673 sibi
529 2607 645 2694 impari
672 2607 904 2696 coniungitur,
932 2625 1005 2674 cum
1032 2625 1098 2694 quc
1126 2626 1146 2675 a
1172 2605 1260 2672 lacie

115 2706 250 2775 timoris
277 2705 471 2776 Wenzeslai
498 2705 555 2772 irlii
580 2706 615 2772 in
641 2705 820 2792 Ungariam
847 2708 1085 2792 commigravit.
1117 2705 1179 2772 Hic
1203 2722 1263 2772 rex

115 2806 310 2882 construxit
348 2806 584 2873 monasterium
620 2803 866 2890 cysterciensis
910 2805 1059 2894 ordiniS,
1097 2803 1187 2892 quod
1221 2801 1264 2870 cd

116 2907 274 2974 sanctam
302 2902 467 2972 Coronam
494 2902 623 2992 dicitnr,
651 2903 742 2991 quod
768 2904 862 2992 prius
886 2905 1074 2976 subiectum
1100 2903 1161 2972 luit
1187 2920 1263 2972 mc·

112 3003 268 3072 nasterio
297 3009 413 3070 sancte
440 3001 553 3070 Crucis
579 2999 776 3091 industria,
805 3001 867 3072 sed
893 3007 1026 3075 mutatis
1053 3004 1153 3072 rebus
1180 3019 1262 3089 pro-

112 3096 204 3171 visio
234 3102 307 3168 etus
335 3101 377 3168 ad
404 3102 641 3170 monasterium
667 3101 827 3170 Placense
855 3105 983 3171 transiit
993 3096 1015 3170 ².
1056 3103 1161 3170 Unam
1189 3102 1264 3188 spi-

111 3219 194 3270 nam
221 3218 346 3268 corone
373 3200 497 3270 domici
523 3217 581 3268 rex
606 3199 749 3268 Francia
776 3205 907 3286 magnis
933 3201 1088 3289 precibus
1117 3203 1148 3268 ei
1174 3218 1261 3268 coh·

110 3301 200 3389 tulit,
229 3317 297 3386 qua
321 3301 428 3387 ipsam
455 3299 681 3367 fundationem
707 3298 898 3387 decoravit,
927 3307 960 3368 et
987 3299 1029 3368 oh
1057 3300 1124 3367 hoc
1152 3297 1264 3367 Coro-

109 3417 192 3468 nam
234 3407 385 3468 sanctam
423 3399 612 3487 appellavit.
664 3395 692 3464 Ο
726 3415 824 3484 quam
866 3400 1106 3468 convenienter
1141 3413 1264 3466 versus

109 3496 291 3568 Ansbelmi
317 3498 372 3566 hic
395 3513 576 3585 possumus
604 3496 816 3566 scandizare:

215 3616 357 3712 „Omnis
384 3621 483 3689 habet
510 3621 654 3688 subitum
682 3627 812 3687 terrena
838 3621 948 3708 portio
978 3619 1086 3708 tinem,

266 3718 377 3807 Atque
404 3721 486 3807 luga
512 3721 612 3788 celeri
637 3717 765 3786 deserit
788 3721 866 3807 ipsa
892 3735 985 3788 suos

221 3819 311 3905 Ergo
339 3822 426 3910 time,
454 3820 606 3907 quisquis
634 3819 745 3888 celsos
772 3816 974 3885 conscendis
1001 3815 1160 3904 honores,

268 3918 383 4008 Teque
411 3920 550 3987 ruinoso
578 3923 667 3986 stare
694 3922 860 3986 memento
886 3911 1004 3985 loco.“

148 4144 184 4206 1)
205 4143 388 4209 urspringtich
407 4145 497 4198 stand:
523 4143 622 4198 Rudollv
648 4142 680 4198 ad
704 4144 787 4212 prima
806 4157 861 4196 rem
880 4146 955 4208 pacta
973 4145 1000 4194 ct
1017 4139 1121 4210 placita.
1167 4138 1197 4204 2)
1222 4139 1268 4192 llic

119 4214 232 4267 warte:
250 4209 319 4278 quod
337 4213 407 4280 prius
427 4243 457 4254 -
476 4214 577 4270 transiit
594 4211 650 4269 siud
668 4213 757 4281 spiter
776 4209 981 4267 durchstrichen.
