3096 4882
286 195 358 265 250
647 226 715 272 vrra
736 224 845 272 unnotr
865 224 974 280 ounnur
996 225 1056 271 mr.

203 374 270 432 133⁵
285 364 589 432 uistcrberiensem.
641 362 724 430 Nam
749 363 805 430 illc
836 362 903 431 dux
929 379 998 432 non
1029 368 1102 431 erat
1125 364 1280 451 princeps
1306 381 1417 452 neque

283 463 430 532 vasallus
453 465 557 551 patris
575 463 679 531 nostri
701 466 734 530 et
753 463 849 547 regni
870 462 1017 530 Boemie.
1062 462 1158 532 Pater
1178 468 1287 530 tamen
1302 469 1418 532 noster
1525 477 1526 534 ῑ

284 563 485 650 acquisierat
510 564 675 630 civitatem
701 561 1014 629 Wratislaviensem
1038 576 1099 649 per
1124 560 1294 629 domiuum
1321 561 1419 631 Hen-

284 662 386 729 ricum
413 661 588 748 septimum
615 659 733 728 ducem
760 660 1080 748 wratislaviensem,
1095 662 1164 748 oui
1185 659 1330 728 heredes
1351 678 1419 729 non

283 759 437 829 babebat
480 761 522 827 Et
546 759 635 826 idem
662 759 730 827 dux
755 764 932 848 acceperat
956 761 989 826 in
1017 757 1139 828 donum
1157 757 1324 828 Glacenso
1346 766 1420 828 ter-

284 859 432 927 ritorium
459 857 664 946 temporibus
689 859 758 926 vite
784 875 864 948 sue,
897 857 1067 945 voluitque
1093 861 1212 947 pocius
1235 858 1420 946 predictam
1526 864 1527 892 ¹

285 959 451 1027 civitatem
478 975 518 1026 ac
543 957 698 1025 ducatum
723 959 809 1045 patri
835 961 952 1025 nostro
975 963 1008 1024 et
1026 974 1150 1026 corone
1167 959 1263 1044 regni
1280 959 1419 1026 Boemie

283 1063 446 1146 perpetuo
463 1055 629 1145 adplicare
652 1075 750 1144 quam
770 1054 860 1123 iratri
879 1073 941 1123 suo
963 1054 1120 1124 Boleslao
1138 1055 1312 1146 dimittere,
1340 1059 1421 1145 quia

284 1260 394 1322 autem
419 1260 513 1342 pater
538 1261 654 1322 noster
671 1255 861 1341 accepisset
879 1255 1133 1341 possessionem
1152 1255 1295 1322 civitatis
1312 1253 1419 1322 Wra-

283 1354 499 1444 tislavicnsis,
527 1369 643 1421 omnes
668 1351 773 1420 duces
790 1352 900 1420 Slezic
923 1359 957 1420 et
982 1349 1174 1439 Opuliensis
1201 1353 1420 1422 subiecerunt

283 1469 320 1520 so
347 1451 472 1520 dicioni
499 1470 560 1520 sue
585 1457 747 1539 perpetuo
773 1470 813 1519 ac
839 1467 962 1520 corone
989 1453 1084 1538 regni
1106 1452 1253 1543 Boemie,
1279 1458 1318 1520 ut
1336 1459 1419 1521 tue·-
1527 1525 1528 1530 ,

282 1557 395 1620 rentur
426 1557 461 1620 et
491 1550 751 1619 defenderentur
783 1569 802 1618 a
834 1550 971 1635 regibus
1007 1551 1223 1640 Boemorum,
1263 1554 1418 1640 exceptis
1527 1543 1528 1586 ³

281 1651 367 1719 duce
394 1650 502 1719 Slecie
529 1650 663 1718 domino
691 1648 927 1737 Swydnicensi
953 1655 986 1716 et
1011 1650 1158 1718 Polcone
1183 1649 1318 1718 domino
1345 1650 1420 1718 itli-

280 1751 540 1818 nistcrberiensi.
599 1747 701 1817 Cuius
736 1750 931 1817 territorium
966 1747 1213 1818 devastavimus
1246 1755 1347 1838 prout
1382 1752 1419 1819 in

279 1851 414 1919 cronica
447 1851 603 1936 scriptum
638 1853 700 1915 est.
748 1844 847 1927 Quod
880 1847 913 1915 in
946 1853 1071 1915 tanturn
1102 1847 1164 1916 luit
1191 1847 1416 1940 devastatum,

280 1948 370 2037 quod
396 1950 468 2037 ipse
495 1952 633 2016 coactus
660 1951 712 2014 est
744 1945 966 2014 mediantibus
999 1947 1130 2034 placitis
1157 1963 1236 2015 esse
1262 1947 1417 2018 vasallus

278 2050 383 2136 patris
409 2047 514 2115 nostri
540 2061 730 2114 accarone
757 2047 852 2130 regni
877 2045 1013 2114 Boemie
1039 2047 1127 2114 sicut
1153 2046 1267 2115 etalii
1293 2046 1415 2116 duces.
1528 2041 1529 2044 ’

262 2177 267 2184 ·
353 2145 426 2214 Hiis
443 2145 588 2233 peractis
604 2145 799 2231 arripuimus
818 2145 881 2211 iter
896 2161 1014 2213 versus
1028 2145 1207 2232 Ungariam
1225 2145 1268 2214 ad
1284 2152 1417 2233 patrem

198 2253 262 2296 nor.
280 2249 431 2315 nostrum
463 2261 562 2332 quem
588 2244 775 2310 invenimus
802 2244 836 2310 in
863 2237 1107 2330 Wissegrado¹
1134 2261 1235 2332 super
1260 2245 1420 2314 Danubio

281 2350 362 2434 aput
386 2361 499 2430 rogem
526 2341 682 2410 Karolum
707 2343 854 2428 primurn.
896 2339 959 2421 Qui
985 2348 1063 2410 ante
1085 2342 1245 2411 babuerat
1266 2361 1422 2413 sororem

281 2445 384 2532 patris
410 2444 527 2531 nostri,
554 2443 629 2529 ipsa
654 2459 736 2509 vcro
762 2439 918 2509 defunctu
944 2448 1119 2530 acceperat
1146 2459 1296 2511 sororem
1322 2445 1420 2530 regis

282 2543 442 2612 Cracovie
469 2541 653 2630 llazomiri,
681 2557 755 2608 cum
781 2557 848 2626 qua
874 2547 1036 2626 genuerat
1061 2547 1128 2610 tres
1156 2541 1260 2609 lilios:
1286 2544 1421 2630 primo-

281 2643 429 2728 genitum
456 2639 673 2722 Ludovicum,
700 2637 882 2706 secundum
908 2634 1084 2729 Andream,
1112 2641 1247 2708 tercium
1267 2640 1423 2729 Stepha-

281 2759 370 2810 num.
407 2740 522 2826 Ibique
554 2737 634 2806 lecit
666 2737 754 2805 idem
784 2753 843 2804 rcx
868 2736 1010 2806 Karolus
1035 2755 1151 2826 pacem
1176 2741 1263 2807 inter
1288 2746 1422 2828 patrem

281 2845 427 2908 nostrum
456 2845 489 2906 et
515 2837 674 2906 Cracovie
708 2853 839 2925 regem,
875 2836 922 2902 ita
955 2835 1046 2923 quod
1078 2839 1288 2906 renunciaret
1320 2846 1423 2928 pater

281 2945 396 3007 noster
428 2939 489 3005 iuri
516 2936 578 3003 sibi
605 2934 718 3003 debito
744 2936 779 3000 in
810 2932 957 3002 infcriori
982 2935 1136 3025 Polcnia,
1163 2938 1294 3006 seilicet
1320 2938 1421 3007 Gne-

283 3037 376 3106 censi
404 3041 436 3102 et
461 3035 646 3102 llalixiensi
673 3038 707 3100 et
732 3033 805 3101 aliis
830 3031 1041 3102 inferioribus
1066 3036 1247 3123 provinciis
1266 3036 1423 3106 Polooie.

280 3134 351 3204 Rex
369 3151 451 3204 voro
469 3133 628 3202 Cracovie
648 3133 856 3200 renunciavit
872 3134 956 3221 patri
974 3140 1091 3203 nostro
1110 3139 1143 3203 et
1158 3151 1264 3220 regno
1277 3136 1422 3204 Boemie

280 3251 341 3323 pro
368 3251 405 3302 se
433 3238 467 3302 et
491 3231 746 3301 successoribus
773 3232 844 3300 suis
871 3232 1005 3318 regibus
1032 3231 1198 3322 inferioris
1215 3234 1355 3304 Polonic
1384 3237 1422 3304 in

281 3339 477 3422 perpetuum
512 3331 554 3400 de
587 3333 675 3402 omni
703 3332 839 3398 accione
867 3331 1011 3399 omnium
1041 3331 1218 3401 ducatuum
1246 3331 1357 3402 Slezie
1387 3339 1424 3403 et

283 3429 401 3519 Opulie
429 3437 462 3500 et
487 3433 630 3499 civitatis
657 3429 881 3498 Wratislavie.
924 3429 1006 3498 Nam
1024 3437 1100 3499 ante
1124 3438 1196 3500 erat
1222 3426 1424 3502 dissencio²

281 3533 368 3599 inter
394 3547 464 3620 eos,
493 3532 648 3617 quoniam
675 3547 758 3596 avus
776 3534 893 3598 noster
910 3528 1132 3598 Wenoeslaus
1158 3530 1331 3599 secundus
1357 3551 1423 3602 rex

280 3631 416 3700 Boemie
437 3629 639 3717 possederat
661 3627 852 3696 interiorem
869 3627 1039 3698 Poloniam
1054 3628 1236 3717 predictam
1253 3648 1329 3698 curn
1347 3631 1422 3700 du-

282 3730 408 3799 catibus
428 3728 588 3797 Cracovie
608 3733 641 3794 et
657 3726 873 3795 Sandomerie
887 3729 1021 3797 racione
1040 3729 1139 3796 unice
1154 3728 1218 3797 filie
1236 3730 1424 3800 l’rczemisl

258 3834 261 3838 ’
283 3831 371 3915 regis
393 3827 557 3897 inferioris
576 3826 712 3894 Polonie
731 3824 827 3893 ducis
849 3824 1008 3896 Cracovie
1027 3834 1060 3896 ct
1075 3827 1295 3897 Sandomerie
1314 3847 1423 3917 quam

281 3933 455 4016 acceperat
487 3928 521 3993 io
553 3942 701 3994 uxorem.
748 3921 812 4003 Qui
846 3924 1021 3992 Prczemisl
1049 3933 1291 4014 postmortem
1319 3947 1423 3999 suam

281 4025 419 4094 dederat
444 4044 507 4094 avo
534 4030 649 4093 nostro
677 4019 711 4091 ct
737 4039 861 4090 corone
883 4025 978 4110 regni
994 4025 1129 4094 Boemie
1155 4028 1189 4094 in
1215 4033 1422 4116 perpetuum

282 4132 344 4192 tam
372 4141 510 4210 reguum
538 4141 633 4210 qaam
661 4122 816 4190 ducatum
837 4122 1075 4212 possidendos.
1119 4124 1314 4195 Kazomirus
1330 4145 1422 4198 vcro

316 4254 346 4318 l)
365 4252 449 4308 Altum
461 4252 587 4320 Castrum,
604 4248 785 4320 blindenlturg,
798 4249 930 4307 zwiscbea
943 4247 1011 4305 Grau
1024 4249 1077 4304 und
1090 4249 1165 4306 Oion.
1201 4252 1368 4318 2Jdtscussio
1378 4253 1423 4310 bs.
