3002 4880
409 258 552 304 onnomcn
574 258 610 304 on
632 259 731 304 cnsms
753 259 919 304 rnrncrrou.
1181 228 1225 297 53

110 395 282 468 condictum
313 395 383 464 lieri
414 395 649 464 dissuaserunt
682 401 716 463 ot
747 413 808 484 por
830 396 896 464 hoo
923 400 1025 463 totum
1053 395 1224 480 negotium
1242 409 1307 464 1315

109 497 325 566 contuderunt.
353 494 434 562 Cum
458 497 545 562 enim
570 494 613 562 de
635 495 771 564 remotis
786 495 969 583 provinciis
992 512 1033 562 ac
1050 492 1092 561 de
1108 510 1224 582 prope,

106 596 141 663 ab
164 597 311 683 utrisque
334 593 484 681 partibus
510 595 712 681 permaxima
739 592 914 661 multitudo
941 593 983 661 ad
1009 592 1224 681 pugnandum

108 695 322 782 convenisset,
339 693 451 760 multis
467 691 590 760 habitis
607 692 779 761 laboribus
802 697 835 760 et
854 694 1018 779 expensis
1036 691 1225 759 inconsulte

108 797 261 860 cessatum
280 795 334 861 est
348 810 369 859 a
384 791 503 881 prelio,
529 791 683 859 omnibus
700 791 789 859 lares
805 785 981 880 proprios1
995 789 1225 877 repetentibus

107 891 172 958 sine
189 891 294 959 fructu
312 895 346 959 et
360 888 524 981 proiectu,
548 889 716 978 pendente
738 891 796 958 lite
818 896 851 958 et
871 888 996 959 iniecto
1017 889 1156 975 negotio
1183 889 1224 957 ab

106 990 236 1058 invicem
261 994 486 1059 recesserunt.

170 1087 242 1157 Non
276 1089 378 1157 multo
410 1094 490 1177 post
513 1087 696 1157 Ludwicus
727 1107 787 1157 rex
812 1105 938 1157 memor
964 1088 1158 1156 temeritatis
1186 1103 1225 1154 ao

103 1186 168 1256 lese
192 1189 376 1257 maiestatis
402 1189 437 1254 in
464 1205 502 1255 se
529 1181 647 1278 iacte²,
681 1187 815 1275 quando
847 1188 991 1276 quodum
1016 1189 1052 1254 in
1078 1191 1226 1274 tempore

105 1283 141 1352 dc
164 1284 278 1356 Rheno
308 1287 450 1355 veniens
485 1288 520 1354 in
555 1285 698 1374 quadarn
731 1287 810 1356 villa
836 1292 1065 1376 permutaret,
1088 1276 1227 1370 juniori

105 1382 231 1454 libralto
259 1384 302 1453 de
327 1383 483 1454 Hobenlo
515 1387 716 1474 intempeste
741 1387 851 1455 noctis
879 1384 1011 1453 silentio
1038 1402 1112 1452 com
1138 1383 1227 1451 mul-

105 1484 142 1548 tis
166 1486 311 1574 armatis,
338 1485 395 1572 qui
423 1490 517 1552 erant
543 1484 585 1553 do
612 1489 707 1574 parto
733 1483 830 1553 ducis
856 1482 1000 1575 Ansina,
1028 1483 1171 1571 domum,
1194 1485 1228 1548 in

103 1600 161 1668 qua
184 1601 242 1651 rex
267 1590 355 1674 erat,
382 1582 549 1673 incendit,
577 1591 610 1651 et
644 1585 719 1672 ipsa
753 1590 939 1674 cremante,
974 1581 1128 1651 omnibus
1155 1598 1228 1648 oum

104 1698 175 1766 rege
200 1682 247 1750 ibi
274 1683 471 1772 perterritis
498 1684 555 1750 vix
579 1683 670 1769 ignis
697 1683 878 1770 periculum
906 1686 1095 1750 evaserunt.
1121 1677 1228 1746 Huius

101 1780 214 1848 malitie
239 1799 302 1849 rex
326 1799 394 1849 non
421 1781 609 1872 immemor,
636 1782 763 1867 cogitat
790 1782 929 1849 inultum
954 1797 1022 1848 non
1049 1778 1222 1846 dimittere.

103 1875 240 1948 Collecto
268 1881 415 1949 exorbito
449 1878 591 1948 eundem
617 1878 842 1948 librationem
868 1885 963 1968 parat
987 1876 1146 1946 invadere
1155 1929 1165 1967 ,
1193 1879 1227 1943 et

103 1975 237 2048 obsesso
273 1981 346 2048 eius
374 1984 487 2046 castro
515 1977 780 2066 Schillingslurt,
808 1976 1311 2066 quodammodoinexpu-1316

105 2076 249 2168 gnabilo,
285 2095 353 2146 non
381 2079 454 2144 sine
485 2095 609 2163 magno
640 2078 755 2145 labore
781 2076 913 2146 tandem
941 2075 1168 2164 expugnavit,
1196 2077 1230 2141 et
1247 2064 1299 2104 *¹²¹¹

103 2175 331 2244 nichilominus
360 2177 494 2245 civitate
519 2176 697 2244 Hoerriren
723 2176 820 2244 simul
848 2179 1040 2265 expugnata
1064 2175 1155 2260 ignis
1172 2173 1229 2240 in-

104 2274 214 2342 cendio
241 2274 432 2343 devastavit
443 2266 465 2343 ⁴.

164 2373 245 2442 Post
271 2374 334 2442 hoo
360 2373 493 2441 fratrem
527 2390 623 2441 suurn
656 2369 774 2439 ducem
799 2369 979 2440 Rudollum.
1004 2377 1038 2440 ct
1064 2371 1228 2459 quosdam

100 2470 328 2541 ministeriales
343 2473 406 2540 sibi
423 2471 566 2539 rebelles
586 2472 621 2537 in
646 2469 801 2538 Bawaria
821 2469 915 2537 duxit
934 2470 1105 2539 invadere.
1132 2471 1227 2538 Prius

100 2576 234 2640 castrum
268 2574 305 2639 in
337 2570 519 2640 Vohburch
553 2567 687 2638 obsedit
722 2575 755 2636 et
786 2571 1003 2655 expugnavit.
1056 2567 1228 2649 Quosdam

100 2669 189 2736 etiam
222 2670 375 2760 nobiles,
412 2687 525 2739 corum
552 2670 675 2736 castris
698 2668 897 2756 destruetis,
925 2669 1011 2734 satis-
1034 2667 1228 2736 humiliavit

98 2765 246 2857 Denique
272 2769 437 2837 illustrem
462 2767 584 2835 ducem
608 2764 786 2834 Rudollum
813 2765 944 2834 fratrem
971 2785 1083 2857 suum,
1109 2766 1145 2833 in
1166 2782 1228 2833 ca-

99 2870 160 2934 stro
186 2867 229 2937 de
258 2867 543 2937 Wolireohousen
567 2873 762 2956 morantem,
790 2864 968 2934 obsidione
996 2867 1109 2933 cinxit.
1154 2862 1228 2945 Quo

98 2965 284 3056 recedente,
310 2971 389 3056 post
415 2969 491 3035 eius
505 2966 703 3034 absoossum
721 2970 864 3032 castrum
888 2967 977 3052 cepit
999 2969 1032 3032 ot
1056 2964 1228 3032 laboriose

103 3066 312 3153 expugnavit.

165 3164 274 3251 Igitur
315 3164 549 3232 invalescente
583 3162 749 3232 seditione
785 3163 962 3250 proliorum
996 3162 1083 3229 inter
1115 3179 1228 3250 reges,

99 3261 310 3351 multiplicata
336 3268 415 3331 sunt
439 3262 526 3330 mala
552 3264 587 3329 in
613 3268 710 3349 terra,
738 3263 906 3348 quianon
932 3265 1004 3328 erat
1029 3261 1085 3348 qui
1111 3278 1230 3349 pacem

99 3356 218 3429 laceret
251 3363 340 3429 intcr
372 3377 449 3451 cos,
481 3379 550 3429 non
584 3365 655 3429 erat
687 3362 825 3446 inquam
858 3362 914 3447 qui
950 3358 1077 3430 iaceret
1101 3377 1230 3448 pacem.

99 3453 259 3529 Australis
287 3462 373 3528 enim
400 3459 562 3547 quasdam
589 3461 746 3529 civitates
769 3460 865 3545 regni
897 3461 930 3525 in
958 3459 1094 3528 Swevia
1120 3475 1229 3527 oocu-

100 3566 241 3649 pavorut,
270 3565 303 3628 et
329 3557 506 3628 obsidione
533 3557 615 3627 dure
640 3558 829 3646 premebat,
855 3557 1014 3626 videlicet
1038 3557 1229 3642 Emlingam
1249 3584 1310 3624 roe.

101 3661 131 3723 ot
145 3655 396 3748 lluilbrunnam,
415 3661 449 3725 et
465 3657 627 3745 quasdam
643 3659 726 3725 alias
749 3658 913 3726 civitates.
940 3655 1083 3737 Quarum
1101 3671 1231 3723 omnem

103 3756 278 3847 culturam,
313 3761 379 3825 tam
406 3774 559 3843 agrorum
587 3773 683 3844 quam
710 3759 912 3847 vinetorum,
939 3759 1072 3845 penitus
1098 3758 1231 3822 vastare

102 3850 307 3946 decreverat,
343 3857 409 3922 nisi
443 3873 517 3923 cum
544 3872 585 3923 eo
613 3854 709 3924 ledus
735 3857 872 3923 inierint
898 3861 955 3922 aut
981 3873 1018 3922 se
1046 3871 1106 3922 sue
1133 3869 1232 3918 man-

103 3952 285 4040 oipuverint
311 3954 472 4023 servituti.
498 3953 658 4036 Civitates
685 3972 766 4022 vcro
793 3961 858 4022 tam
883 3971 1020 4039 gravem
1041 3968 1233 4040 pressuram

139 4114 167 4180 l)
185 4116 306 4186 proprias
322 4115 359 4168 bs.
395 4115 425 4180 2]
444 4113 511 4170 iacto
528 4114 566 4168 bs.
608 4115 639 4180 3)
655 4117 732 4184 junio
747 4114 786 4168 bs.
825 4113 858 4179 l)
877 4111 1021 4166 Horrieden
1043 4111 1132 4168 wurdo
1150 4117 1236 4169 zuerst

107 4177 228 4250 belegori,
247 4183 314 4236 dann
330 4181 541 4250 Sobillingsi'rirst.
577 4181 662 4248 Vergl.
675 4181 795 4236 Loobner
813 4178 966 4235 Gescbiebtl.
985 4177 1092 4235 Studien
1113 4181 1125 4234 l
1145 4180 1186 4235 bis
1203 4182 1238 4234 l8

107 4261 146 4302 wo
163 4250 252 4305 deser
268 4265 316 4319 zug
333 4251 454 4319 Ludwigs
472 4250 604 4318 griindlicb
623 4253 733 4306 erbrtort
751 4253 792 4307 ist.
