3028 4878
418 243 580 294 ¹rouurrrrus
599 243 815 291 vroronrrrrrsrs.
852 242 936 310 5,1o.
1175 215 1247 284 ili

116 401 177 452 sua
203 400 276 451 cum
303 388 465 470 apparatu
491 382 666 471 sollempni
686 379 915 472 industriam,
943 388 976 452 et
993 389 1168 471 procurata
1184 385 1247 452 iam
1266 403 1331 458 rasa

113 481 366 570 dispensatione
400 499 501 569 super
536 483 829 568 consanguinitate
863 483 1045 550 inteream
1073 483 1248 551 etducem

111 579 268 650 Ottonem
300 578 471 648 festivales
506 582 620 669 nuptie
647 581 865 649 celebrantur.
902 581 977 648 Dux
1010 588 1119 649 autem
1147 581 1248 650 fertur

112 682 143 747 ci
157 698 225 747 nou
245 679 456 747 coniaouisse
474 678 517 747 ad
537 685 666 768 tempus
684 679 830 768 aliquod,
842 679 895 748 vel
911 681 988 766 quia
1004 679 1112 748 adhuc
1128 682 1250 748 tenella

110 777 182 868 luit,
209 779 263 846 vel
279 783 316 845 ut
332 776 374 844 dc
394 777 529 846 casibus
556 778 775 847 Bobemorum
803 785 836 846 et
855 775 1055 846 Australium
1082 797 1162 848 aura
1188 798 1249 848 se-

109 879 222 946 renior
246 875 451 944 redderetur.

186 975 261 1043 llco
281 992 369 1043 anno
388 975 522 1042 moritur
543 974 698 1060 Paganus
712 976 911 1064 patriarcba,
930 977 1128 1064 vacarutque
1147 976 1250 1048 sedes

109 1093 172 1165 per
205 1074 392 1160 biennium,
430 1074 603 1140 constituit
636 1091 770 1161 quoque
803 1093 891 1163 papa
922 1081 1172 1164 procuratores,
1207 1077 1249 1145 ad
1361 1099 1362 1102 ¹

109 1173 302 1260 neglectum
336 1173 426 1238 curie
453 1170 597 1239 debitum
625 1171 837 1258 exigendum.
879 1173 952 1242 Hoc
978 1192 1066 1242 anno
1093 1174 1161 1243 dux
1185 1172 1249 1242 Al-

108 1272 226 1340 bertus
245 1270 371 1340 ordinis
387 1269 633 1338 carthusiensis
650 1273 884 1341 monasterium
901 1272 1249 1364 oepitiundare,qucd

109 1370 253 1439 llemnik
279 1370 343 1438 alic
370 1371 503 1437 nomine
521 1369 676 1438 Thronus
703 1378 818 1439 sancte
843 1371 948 1438 Marie
975 1367 1188 1463 appellatur¹,
1216 1375 1250 1442 in

110 1471 238 1559 optimo
266 1468 339 1536 solo
368 1474 454 1536 terre
478 1464 644 1536 Australis
670 1471 826 1558 positum,
853 1468 895 1536 de
922 1468 975 1536 die
1000 1472 1033 1536 in
1062 1469 1147 1540 diem
1173 1473 1249 1560 spi-

111 1567 287 1636 ritualibus
316 1571 349 1634 ct
375 1567 610 1655 temporalibus
637 1567 815 1654 proficiens
842 1569 1064 1640 incrementis.

186 1663 285 1734 Anno
307 1665 431 1734 domini
457 1668 694 1736 mocoxxxiii.
716 1667 809 1734 venit
826 1667 994 1736 lohannes
1012 1685 1069 1734 rex
1090 1665 1250 1735 Bohemie

108 1768 146 1833 in
173 1759 372 1833 Austriam².
407 1765 447 1832 Et
480 1765 558 1850 quia
590 1765 655 1832 iam
687 1763 809 1834 dudum
836 1771 992 1834 consorte
1020 1767 1137 1856 caruit,
1163 1767 1250 1833 inter

109 1883 188 1934 euro
207 1871 241 1932 et
257 1863 439 1952 Elizabetb,
450 1861 606 1930 driderici
618 1865 708 1949 regis
724 1863 835 1954 irliam,
852 1866 1043 1950 coniugium
1054 1871 1106 1932 est
1124 1871 1249 1932 tracta·-

109 1971 191 2033 tum.
224 1964 266 2031 Et
292 1980 334 2029 ex
363 1969 502 2048 utraque
536 1968 629 2050 parte
663 1980 833 2032 consensu
867 1970 1104 2054 concurrente,
1138 1963 1251 2052 puella

110 2063 282 2152 speciosa,
301 2059 366 2128 deo
382 2067 416 2128 et
430 2060 617 2130 hominibus
627 2061 800 2152 placibilis,
819 2064 849 2130 ei
864 2061 1106 2150 desponsatur,
1121 2063 1250 2150 pactis-

112 2178 181 2250 que
208 2160 342 2228 firmatis
369 2159 491 2246 captivi
516 2159 610 2227 liberi
638 2160 851 2231 dimittuntur.
892 2161 1063 2230 Terrarum
1092 2161 1252 2248 gaudium

110 2260 302 2344 adaugetur
327 2256 515 2326 dicentibus
542 2257 704 2348 omnibus,
733 2259 822 2345 quod
850 2260 959 2329 nullus
984 2260 1109 2327 Satban
1136 2261 1170 2326 iu
1196 2277 1252 2326 re-

109 2358 239 2447 liquum
256 2361 476 2442 consurgeret
493 2357 579 2424 inter
598 2375 669 2426 eos.
702 2357 770 2425 Sed
796 2359 913 2426 neseio
938 2360 1012 2445 quis
1039 2358 1108 2427 doli
1132 2358 1253 2426 artilex

108 2458 228 2527 lolium
249 2457 284 2524 in
312 2455 377 2524 boc
396 2456 536 2523 triticum
565 2456 750 2523 seminavit.
773 2455 862 2523 Nam
881 2455 923 2524 ad
943 2455 1094 2541 agendas
1117 2458 1253 2546 nuptias

115 2575 190 2626 oum
218 2554 424 2623 induciarum
452 2560 599 2642 tempora
619 2555 760 2624 vicinius
778 2557 1091 2644 appropinquarent,
1118 2573 1176 2622 rex
1191 2573 1252 2622 as-

112 2671 232 2724 serens
260 2671 297 2722 se
323 2652 556 2721 maleficiatum
583 2657 617 2720 et
641 2652 684 2720 ad
710 2652 883 2741 amplexus
910 2655 1056 2738 coniugii
1082 2655 1253 2746 impoten-

111 2763 189 2823 tem.
223 2751 373 2839 Cumque
388 2757 572 2840 exponeret
594 2769 631 2819 se
654 2750 696 2819 ad
716 2751 863 2820 remedia
879 2751 1106 2839 perquirenda
1127 2751 1253 2819 adhoc

112 2851 326 2940 obprobrium
353 2849 616 2940 ammovendum,
644 2849 730 2917 lama
755 2849 906 2918 delectus
933 2851 1031 2920 huius
1057 2851 1193 2936 longius
1220 2856 1255 2918 ct

112 2953 216 3020 latius
234 2949 485 3017 crebrescebat
512 2947 702 3018 Novissime
721 2955 841 3038 tamen,
870 2967 937 3036 quo
960 2953 1070 3018 animo
1097 2951 1253 3035 ignorare

113 3069 166 3118 me
183 3049 300 3138 fateor,
329 3049 406 3135 quia
431 3063 513 3138 „cor
539 3065 655 3132 regum
680 3048 895 3116 inscrutabile
923 3046 1010 3139 est,“
1034 3054 1072 3116 ut
1091 3047 1169 3116 dicit
1187 3049 1255 3116 Sa-

112 3149 238 3238 lomon,
267 3145 467 3215 connubium
493 3144 609 3213 babuit
635 3152 873 3233 retrocessum3
901 3147 944 3215 de
962 3165 1028 3235 quo
1046 3148 1137 3216 multi
1154 3147 1257 3215 multa

115 3263 269 3316 sensere.
303 3244 470 3332 Duxitque
498 3235 636 3332 postea³
662 3244 758 3313 aliam
786 3244 827 3312 dc
855 3244 955 3314 domo
973 3263 1088 3330 regum
1105 3247 1255 3334 Francie,

116 3347 217 3414 lilium
235 3343 417 3434 Ludcwici,
446 3345 501 3430 qui
517 3341 578 3410 luit
596 3342 683 3410 filius
708 3341 893 3431 ludewici,
921 3343 1030 3412 fratris
1057 3347 1147 3431 regis
1174 3345 1256 3412 Plri-

114 3445 197 3534 lippi
221 3447 255 3512 et
277 3441 399 3531 librali,
426 3443 520 3510 cuius
547 3441 647 3510 liliam
667 3441 809 3510 Karolus
833 3440 917 3509 iilius
943 3461 1023 3510 suus
1048 3444 1112 3510 iam
1140 3443 1257 3512 habuit

115 3545 149 3611 in
176 3542 386 3610 matrimonio
414 3539 476 3608 sibi
502 3541 656 3609 iunctam.
689 3540 805 3608 Fertur
831 3540 918 3608 bane
943 3543 976 3608 in
995 3540 1171 3609 dilectione
1189 3542 1254 3609 ha-

115 3642 234 3710 buisse
263 3639 410 3730 speciali,
439 3639 516 3726 quia
543 3640 573 3706 ei
598 3638 717 3706 localia
743 3641 890 3727 pretiosa
917 3639 959 3708 ad
982 3657 1085 3728 opera
1106 3641 1256 3708 militaria

118 3739 316 3810 necessaria
337 3745 370 3805 et
395 3737 438 3805 ad
454 3743 604 3807 tornetas
622 3736 788 3828 direxerit,
816 3738 954 3826 eiusque
969 3739 1143 3819 amicitiam
1160 3737 1257 3806 irrerit

150 3923 181 3987 l)
202 3920 310 3982 Garninu
323 3919 423 3975 siidlicb
437 3933 488 3973 von
500 3918 617 3988 Sebeibs,
636 3936 668 3974 an
681 3925 765 3977 ciuem
783 3921 810 3974 in
830 3920 870 3974 die
887 3922 962 3976 Erlat
975 3921 1143 3976 miindenrten
1163 3920 1255 3975 bache.

116 3991 146 4057 2]
166 3991 248 4044 lliese
272 3989 340 4042 reise
367 3989 465 4043 miisste
488 3989 523 4040 im
549 3993 599 4042 oct.
622 3993 684 4043 stati
707 3991 838 4056 gerunden
864 3989 963 4055 trabem
991 3992 1023 4044 da
1040 3991 1080 4043 ibr
1097 3989 1190 4042 iedoeb
1210 4005 1257 4058 gar

117 4059 178 4113 lein
195 4055 377 4110 urkundlicbes
395 4058 482 4110 datum
499 4070 544 4109 zur
561 4059 629 4110 scite
647 4058 724 4123 steht,
743 4072 773 4110 sc
791 4059 926 4112 vermutbe
944 4059 984 4112 iob
1004 4059 1063 4111 dass
1082 4057 1155 4110 diese
1173 4071 1256 4124 ganze

115 4125 218 4194 ungabe
244 4125 299 4178 sicb
317 4125 386 4179 wobl
405 4139 454 4178 nur
480 4123 528 4177 aui
548 4123 591 4179 dic
614 4125 725 4193 anlangs
749 4131 814 4194 sept.
834 4127 900 4180 1332
918 4142 949 4180 zu
967 4127 1062 4182 Passau
1079 4130 1141 4180 stati
1158 4127 1255 4194 gesun-

117 4194 186 4249 dcne
204 4192 425 4247 zusammenlrunlt
447 4192 572 4246 beziebeu
592 4194 683 4259 mdge,
708 4209 759 4248 vcn
779 4195 826 4247 der
843 4195 893 4248 wir
912 4197 991 4249 durch
1010 4196 1155 4249 Peterson
1174 4193 1256 4247 Zittau

117 4261 253 4318 nacbricbt
270 4260 363 4316 baben.
398 4262 430 4327 3)
447 4262 482 4314 im
500 4261 558 4315 dcc.
578 4261 645 4316 133r
661 4277 716 4316 war
733 4263 776 4316 die
794 4262 945 4333 verlobung.
1164 4259 1166 4264 ’
