3044 4882
474 202 615 252 mommo
636 203 845 254 vicoomnnsls.
884 203 906 270 l,
926 203 948 256 l.
1217 173 1290 246 izo

154 339 303 413 Helorioi
344 347 379 412 el
408 341 581 413 Ludowloi
612 342 733 415 dueum
765 343 938 435 Bononio,
972 340 1177 432 Aquiegmni
1214 359 1289 412 eum

153 441 294 508 maximo
330 440 474 528 tripudio
508 436 712 512 sompnium.
751 443 802 512 Ex
834 463 899 532 quo
934 444 1051 530 genuit
1076 439 1288 513 Chnnrodum

153 557 251 626 quem
278 537 525 613 Cbunrodinom
550 547 671 629 posteo
694 540 770 614 Itali
795 548 1013 614 vooovorunl.

224 635 324 709 Anno
351 637 476 711 domini
502 643 721 712 mooxxniii.
746 642 780 708 in
806 641 977 713 Korlntbio
1001 642 1036 710 in
1063 645 1173 713 ooslto
1191 637 1287 710 stum

150 736 261 811 boslie
294 737 469 809 obtunsio
501 740 656 811 monibus
683 739 846 810 Wolberli
882 739 1068 811 soootdolis
1093 740 1128 809 in
1154 753 1286 809 omnent

150 842 184 906 ot
210 837 421 923 sanguinem
455 838 627 908 visibiliter
658 837 924 931 transformetur,
951 839 994 910 od
1021 836 1110 926 quod
1137 839 1285 912 mimon-

148 935 215 1009 lum
242 935 444 1006 Berbtoldns
468 939 654 1025 pallialbha
680 945 715 1006 et
738 935 896 1010 Albertus
923 955 1036 1010 eomes
1065 937 1194 1005 Goiioie
1219 953 1285 1010 to·

149 1036 285 1107 niuntos
309 1035 364 1104 dei
380 1037 549 1122 magnum
565 1044 824 1126 oonspenorunl.
850 1038 961 1109 Crevit
981 1038 1079 1108 etiem
1100 1035 1285 1112 eversionis

148 1135 286 1204 moterlo
320 1136 407 1203 inter
442 1135 621 1206 eoolesiom
655 1144 689 1204 et
712 1140 902 1227 imperium,⁴
920 1136 1007 1206 odeo
1040 1141 1077 1204 ut
1107 1136 1286 1222 imperator

146 1231 316 1302 Romanos
338 1241 562 1322 oomumporol
582 1243 615 1306 ot
637 1236 671 1304 in
688 1236 770 1306 urbo
795 1237 986 1325 ponllfioom
1012 1233 1194 1304 obsideret.
1219 1231 1284 1313 om

147 1349 258 1403 oomm
294 1337 482 1402 sonolomm
515 1333 601 1414 Petri
628 1340 662 1406 ot
687 1329 800 1404 Pouli²
824 1337 966 1406 letanias
999 1333 1126 1404 sonions
1157 1331 1284 1402 Romu·-

145 1449 265 1502 norum
297 1433 426 1500 animos
450 1435 650 1523 inmutavit,
687 1441 720 1502 et
756 1434 833 1504 dum
869 1442 982 1523 portos
1016 1435 1195 1521 imperetur
1220 1430 1284 1503 eibi

145 1529 298 1601 oioderet
323 1532 466 1602 reserari
493 1531 635 1623 debete,
669 1532 807 1605 Romani
834 1541 948 1604 oontm
974 1549 1049 1600 eum
1075 1547 1172 1600 oruoe
1199 1547 1282 1601 sus-

145 1636 253 1719 oepto,
281 1629 370 1698 obito
386 1635 421 1700 et
446 1630 655 1702 obsidionem
682 1632 813 1702 solvere
840 1631 1079 1720 oompulerunt.
1118 1629 1195 1700 Dux
1219 1645 1283 1699 ttu-

145 1735 211 1798 tem
241 1725 380 1796 Austris
412 1728 607 1818 Leupoldus
641 1732 689 1800 vir
714 1731 910 1818 mognifious
937 1731 981 1799 de
1006 1746 1091 1817 pooo
1118 1728 1278 1815 insolevit

143 1827 312 1914 nichilque
329 1820 530 1920 perdolens?
546 1848 635 1901 enno
652 1829 775 1900 domini
792 1831 986 1900 mooxxxi.
1006 1826 1093 1917 opud
1115 1816 1282 1914 Capuam*
1295 1849 1359 1903 1231

143 1928 284 2017 transiit,
312 1927 431 1996 eodem
449 1945 537 1998 anno
564 1947 631 2016 quo
657 1928 756 1998 bento
772 1929 954 2018 Elisabeth,
982 1925 1117 1998 Andreo
1142 1925 1281 1996 illustris

143 2025 355 2112 Ungorotom
381 2028 471 2113 rogis
500 2027 584 2118 filie,
608 2028 789 2116 Thuringie
814 2029 1001 2114 lantgravio
1026 2024 1115 2114 opud
1140 2024 1280 2095 Merob-

142 2141 283 2213 ptnpom
318 2124 442 2196 Huzzie
478 2144 521 2200 ox
555 2127 619 2196 boo
653 2128 767 2196 sooulo
803 2129 985 2214 emigravit.
1029 2122 1127 2197 Anno
1155 2123 1281 2195 domini

141 2225 359 2295 moonnxill.
377 2227 554 2313 imperator
574 2227 674 2314 Pepie
692 2229 816 2296 ousiam
836 2227 962 2316 bobuit,
986 2227 1020 2294 in
1044 2243 1112 2311 qna
1124 2220 1281 2294 Albettus

142 2328 177 2393 et
193 2321 356 2398 liudolfus
379 2323 497 2394 iratres
517 2327 657 2396 comites
682 2326 723 2396 do
749 2325 948 2415 Hobsputob
963 2326 1049 2392 inter
1066 2323 1150 2392 ulios
1166 2323 1280 2408 pontis

142 2421 297 2498 Swevioe
323 2423 455 2493 nobiles
487 2426 645 2512 preoipue
670 2424 868 2514 floruerunt,
896 2431 930 2494 et
953 2422 1147 2493 militaribus
1175 2437 1279 2490 ener-

142 2522 228 2591 oitiis
246 2527 281 2592 ot
303 2522 419 2609 probis
438 2523 567 2593 notibus
585 2531 648 2594 tum
665 2525 711 2592 ibi
728 2543 826 2612 qoam
842 2539 903 2612 poe
918 2523 1045 2590 llnliom
1065 2521 1279 2606 oiroumtpuu-

140 2637 205 2707 quo
219 2623 430 2710 imperatoris
446 2623 568 2692 ouriam
580 2625 777 2695 extulerunt.
802 2619 903 2692 Anno
918 2620 1043 2691 domini
1061 2619 1278 2689 mcdxxxix.
1293 2635 1359 2692 1339

141 2720 268 2790 Telluri
294 2719 474 2806 Ungotiom
501 2722 718 2791 etPolonium
745 2726 976 2810 vasiensium,-
997 2718 1190 2788 Heinrioum
1209 2716 1276 2786 do-

139 2836 212 2888 oem
253 2819 363 2888 Slezio
395 2821 429 2887 in
463 2819 625 2910 Polemio,
662 2823 811 2889 meritum
846 2826 961 2888 sobole
994 2810 1209 2905 Hedn⁷igis⁵‚
1244 2824 1277 2882 ot

141 2917 403 2986 Cbo‘lomonnnm
422 2918 555 2988 inuitem
571 2922 659 3006 regis
681 2921 901 3008 Ungororum
928 2919 1056 2988 soilioel
1071 2916 1153 2984 Belo
1171 2917 1278 3002 miani

140 3018 196 3104 oui
223 3025 301 3086 tuno
326 3019 480 3103 regnavit
505 3020 538 3087 in
565 3019 746 3110 Pannonia,
774 3019 980 3107 oooiderunt7
1010 3024 1043 3084 ot
1064 3018 1149 3084 siout
1176 3013 1278 3084 bodie

139 3119 284 3189 oernitm
308 3117 485 3202 Unguium
504 3119 540 3186 ln
559 3117 803 3190 desolationem
815 3122 1009 3206 posuerunt.
1044 3115 1170 3185 Matres
1190 3115 1276 3182 enim

138 3234 314 3304 puerorum
349 3233 481 3287 snorum
510 3217 666 3286 cornibus
692 3218 926 3288 vosoebonlur.
960 3213 1073 3284 Inoolo
1101 3220 1186 3282 teme
1212 3230 1277 3282 ou-

137 3315 267 3389 iusdom
294 3317 416 3386 montis
443 3315 583 3403 pulvere
607 3335 668 3405 pm
694 3316 800 3387 lerina
816 3315 992 3384 utebantur
1017 3314 1105 3382 siout
1124 3312 1157 3379 in
1177 3312 1275 3380 eius-

138 3413 213 3485 dem
247 3415 369 3484 montis
400 3413 627 3487 dooisionibus
661 3415 855 3487 eovemosis
888 3412 1089 3482 immi-nentis
1121 3410 1275 3478 Danubio

135 3531 246 3600 osque
273 3512 373 3590 hodie
400 3511 656 3587 demonstratur.
689 3516 803 3585 Fertur
827 3514 893 3582 boo
914 3512 1034 3582 melum
1061 3509 1103 3577 ab
1128 3510 1275 3596 impeto-

137 3617 210 3682 lore
230 3613 284 3696 ,in
306 3612 487 3692 vindictum
513 3616 604 3699 regis
631 3615 777 3700 Ungorie
811 3631 885 3680 oum
914 3612 1123 3680 Teutonorum
1149 3606 1275 3696 populo

135 3718 368 3802 pioourntum,
395 3711 487 3799 quod
520 3713 603 3783 Belo
635 3713 699 3785 sibi
737 3713 900 3785 obstiterit
944 3717 978 3778 ot
1014 3724 1132 3796 peiore
1173 3722 1275 3776 neon-

172 3891 203 3959 l)
222 3891 299 3958 lrrig;
318 3889 423 3944 Conrud
440 3887 475 3944 tv
493 3890 582 3946 wurde
600 3893 644 3944 nio
662 3892 780 3959 gebriint.
816 3891 846 3956 2)
865 3889 980 3956 reliquiis
1000 3886 1063 3940 odet
1081 3885 1123 3937 ein
1142 3882 1276 3937 ibnliobes

135 3965 207 4012 wort
229 3959 332 4013 sobeiot
355 3971 386 4012 zu
411 3957 506 4013 leblen.
543 3960 595 4013 Der
619 3957 791 4014 Continualor
815 3959 916 4012 Martini
940 3955 1033 4008 Poloni
1051 3954 1107 4006 bet:
1125 3951 1275 4032 Pepuneno

133 4027 168 4080 etl
185 4028 293 4084 eborum
310 4033 460 4083 sannionum
476 4027 544 4084 Petri
563 4027 669 4084 etnam
687 4043 744 4082 oum
762 4025 948 4095 sollempnibus
964 4025 1068 4079 letaniis
1085 4033 1276 4101 processione-

134 4096 194 4150 liler
211 4096 335 4164 gradiens
352 4095 524 4150 Romanorum
542 4104 590 4150 elo.
643 4097 674 4162 3]
693 4096 794 4151 Vorber
812 4095 899 4150 stood:
918 4095 957 4146 vir
975 4091 1071 4162 probus
1088 4096 1114 4142 et
1126 4087 1276 4169 magnificus

133 4167 208 4222 venit
224 4165 345 4234 Apuliam
367 4170 393 4218 ut
417 4166 450 4217 de
473 4177 538 4233 pace
558 4166 628 4218 inter
646 4165 785 4220 eoelesium
802 4168 829 4218 ot
845 4163 981 4232 imperium
998 4161 1120 4240 indoleret
1137 4157 1277 4224 nlebllquo.

132 4234 166 4299 n)
184 4231 287 4300 lorber
305 4232 395 4293 stand:
413 4231 517 4289 ibidem.
563 4234 595 4300 5)
612 4235 731 4289 meritum
747 4239 788 4289 sto
804 4231 939 4300 Hedwigis
955 4233 989 4284 ist
1007 4229 1125 4297 spitotet
1142 4231 1236 4280 zuselz.
