3002 4880
279 206 324 275 58
589 231 733 278 cunamen
754 231 791 276 os
813 231 911 278 ousrrs
932 231 1099 276 rnrxcrrun.

194 389 262 444 tado
277 386 369 440 suos.
394 369 436 438 lit
460 367 579 438 videns
606 387 644 438 sc
672 368 752 438 dolo
778 369 1036 436 circumventum
1062 369 1243 459 acivitate,
1272 373 1306 436 et
1330 383 1406 438 esse

277 487 351 537 cnm
383 469 541 559 inimicis,
568 469 760 557 desperavit
792 483 831 535 sc
865 473 914 538 tot
946 467 1075 537 milibus
1109 484 1213 555 posse
1239 469 1406 557 resistere,
1499 505 1500 560 r

276 569 458 637 licentiavit
483 583 576 658 suos,
602 566 795 636 valedicens
823 567 872 635 eis
902 566 1081 634 declinavit
1106 565 1148 634 de
1174 565 1261 636 loco.
1294 567 1336 635 Et
1361 567 1408 634 sic

275 668 506 754 unnsquisque
531 664 699 754 pendente
725 665 782 732 lite
810 667 883 733 sino
908 684 1023 753 pugna
1047 665 1091 733 ad
1116 666 1247 753 propria
1273 683 1407 734 remea·
1499 755 1501 758 v

275 768 332 835 vit.
357 765 490 834 Nostris
515 769 552 832 ut
578 766 696 832 estimo
722 765 870 852 pcccatis
896 765 1120 853 exigentibus,
1146 765 1180 832 in
1199 764 1320 833 malum
1340 765 1407 832 rei-

274 864 406 954 publice
441 869 475 932 et
508 862 551 932 ad
585 857 826 942 turbationom¹
851 865 944 951 pacis
980 868 1166 952 campestre
1197 862 1320 932 bellum
1340 866 1408 948 jam

275 964 457 1050 negligitur
483 968 599 1049 quarta
624 963 706 1032 vice.

349 1061 456 1130 Multa
471 1053 645 1148 preterea²
659 1078 723 1148 que
743 1060 887 1148 diligens
908 1060 1049 1148 scriptor
1067 1063 1221 1129 censeret
1240 1058 1408 1128 exaranda

276 1166 310 1229 et
333 1159 514 1247 legendum
533 1162 690 1229 memorie
713 1159 923 1247 indaganda3
952 1157 1013 1226 sed
1038 1176 1103 1244 ego
1118 1157 1310 1245 simpliciter
1326 1175 1407 1246 per-

275 1265 429 1349 transeo,
457 1257 596 1327 studens
629 1259 801 1327 decurtare
827 1277 870 1327 ne
896 1256 1087 1344 legentibus
1113 1255 1281 1326 fastidium
1305 1258 1408 1343 inge-

275 1376 354 1448 ram,
382 1359 438 1445 qui
463 1359 570 1426 minus
597 1357 805 1426 delectantur
830 1360 864 1426 ln
890 1359 941 1426 his
966 1363 1061 1424 etex
1083 1355 1148 1425 hoo
1173 1374 1225 1424 me
1250 1358 1409 1444 incipiant

275 1455 426 1524 deridere
457 1456 513 1526 vel
546 1458 643 1524 etiam
674 1456 892 1526 subsannare.
934 1456 1009 1523 Non
1035 1454 1115 1522 licat
1139 1461 1250 1524 tamen
1276 1456 1407 1523 silentio

273 1557 435 1644 preterire
461 1554 552 1643 quod
580 1574 692 1624 comes
720 1554 878 1623 videlicet
903 1554 945 1622 de
972 1550 1140 1643 Oettinga,
1169 1556 1226 1641 qui
1251 1571 1326 1622 cum
1351 1555 1407 1622 in-

275 1657 373 1722 timus
409 1661 442 1723 et
474 1653 746 1722 familiarissimus
781 1661 873 1722 esset
906 1655 1013 1742 regis,
1050 1654 1166 1720 nescio
1200 1670 1267 1740 quo
1295 1658 1405 1743 pacto,

274 1760 370 1842 rupto
397 1753 511 1822 ledere
545 1752 716 1821 adduces
743 1750 876 1820 Austrie
904 1752 1099 1842 declinavit,
1126 1753 1239 1839 inique
1267 1759 1300 1818 et
1326 1769 1407 1837 gra·

272 1854 358 1920 viter
383 1869 509 1941 errans,
538 1850 628 1938 quod
646 1851 745 1919 lrdum
768 1858 801 1919 et
822 1854 999 1940 propitium
1020 1851 1196 1918 Dominum
1219 1849 1404 1940 dereliquit,

275 1952 330 2037 qui
365 1951 429 2018 sibi
454 1949 645 2036 frequenter
680 1968 741 2017 sua
767 1956 898 2019 secreta
924 1951 1187 2019 communicavit.
1230 1947 1316 2029 Quia
1340 1949 1405 2016 hoo

273 2049 381 2116 solum
407 2067 467 2116 rex
493 2047 702 2141 querebatur,
730 2065 797 2117 non
824 2049 915 2136 quod
943 2048 984 2116 ab
1007 2066 1048 2117 eo
1071 2048 1221 2137 recessit,
1249 2046 1312 2116 sed
1331 2049 1407 2134 qnia
1496 2112 1497 2138 ,

273 2147 335 2216 sihi
362 2148 585 2215 secretissima
612 2149 663 2214 sui
686 2148 832 2236 pectoris
858 2147 1019 2216 revelavit
1038 2153 1161 2215 etcum
1180 2146 1231 2214 bis
1253 2145 1296 2214 ad
1322 2163 1403 2215 suos
1496 2139 1497 2204 ἶ

273 2246 401 2314 emulos
429 2245 617 2313 declinavit
644 2243 705 2325 Qui
731 2247 865 2332 inquiam
891 2264 1015 2340 comes,
1044 2264 1117 2314 cum
1142 2250 1236 2314 esset
1257 2247 1405 2333 privatus

273 2347 444 2413 consortio
471 2344 655 2434 coniugali,
691 2344 795 2412 duces
821 2341 955 2414 Austris
981 2347 1041 2416 viri
1066 2343 1269 2433 prudentes,
1297 2345 1405 2430 gavisi

271 2444 313 2512 de
340 2450 406 2512 tam
431 2444 574 2512 honesto
600 2445 671 2512 viro
698 2449 732 2512 et
757 2443 860 2513 nobili
879 2465 899 2514 a
918 2463 999 2531 rege
1025 2445 1208 2518 recessisse
1236 2442 1339 2511 etad
1366 2461 1402 2512 se

269 2543 457 2634 divertisse,
484 2548 704 2630 susceperunt
730 2560 805 2610 eum
831 2543 988 2634 benigne,
1017 2542 1137 2612 dantes
1159 2544 1189 2609 ei
1213 2559 1404 2628 germanam

268 2645 434 2732 propriam
455 2644 489 2710 in
504 2659 660 2730 uxorem,
687 2647 724 2710 ut
737 2660 779 2710 cx
797 2642 854 2711 tali
876 2643 997 2731 copula
1016 2642 1110 2710 tieret
1128 2657 1241 2709 eorum
1264 2641 1401 2727 amicuS,

272 2748 307 2811 et
331 2744 404 2810 eius
427 2740 611 2810 fruerentur
632 2746 795 2828 perpetuo
819 2740 977 2810 famulatu
999 2747 1032 2809 et
1058 2740 1232 2830 obsequio,
1261 2757 1328 2826 quo
1348 2758 1404 2807 re-

272 2859 349 2928 gem
374 2839 569 2908 Ludwicum
594 2838 794 2908 infirmarent
820 2844 853 2907 et
878 2840 1040 2908 infirmato
1068 2857 1130 2908 seu
1156 2838 1316 2906 destituto
1343 2838 1403 2908 sibi

270 2938 454 3006 Romanum
486 2939 658 3024 imperium
691 2938 793 3006 libore
823 2945 1033 3027 usurparent
1075 2937 1147 3006 Hoc
1173 2937 1403 3024 cogitaverunt

273 3029 328 3106 et³
354 3042 556 3105 erraverunt.

346 3135 439 3202 Tunc
465 3135 621 3223 temporis
647 3135 745 3202 etiam
772 3134 906 3204 domina
933 3135 1147 3204 lilaehthildis
1175 3133 1311 3203 ducissa
1334 3134 1406 3201 Ba-

272 3235 386 3323 varie,
413 3233 527 3301 relicta
544 3232 712 3321 qnondam
728 3231 858 3302 Rudold
877 3234 1014 3302 illustris
1039 3234 1134 3302 ducis
1151 3234 1316 3322 Bawarie,
1340 3249 1405 3318 qne

272 3332 487 3400 vehementer
515 3332 692 3402 exercebat
713 3332 921 3419 tyrannidem
940 3339 1057 3401 contra
1071 3349 1195 3422 rogem,
1217 3332 1317 3400 liliam
1331 3347 1405 3398 me-

272 3432 389 3498 morati
412 3433 539 3499 comitis
561 3431 628 3499 lilio
652 3448 714 3498 suo
741 3429 817 3498 duci
841 3428 963 3500 Adoltc
989 3435 1120 3519 accepit
1138 3433 1172 3498 in
1193 3448 1342 3498 uxorem.
1367 3428 1405 3497 In

273 3546 339 3617 qno
366 3532 464 3598 etiarn
489 3529 608 3596 malem
628 3529 833 3598 voluntatem
860 3549 955 3598 suam
982 3531 1139 3621 ostendit,
1166 3521 1265 3617 quam
1290 3528 1405 3596 habuit

273 3633 389 3699 contra
414 3646 538 3718 regem,
566 3645 641 3695 narn
667 3633 806 3715 uterque
834 3635 1031 3702 contractus,
1051 3630 1150 3698 fiebat
1176 3633 1292 3696 contra
1318 3644 1402 3714 eum,

273 3733 307 3794 et
333 3730 404 3795 sine
432 3729 503 3795 eius
535 3726 669 3795 licentia
696 3732 729 3794 et
756 3743 909 3796 assensu.
944 3726 1041 3808 Quod
1069 3735 1178 3797 tamen
1205 3744 1274 3795 non
1301 3725 1405 3794 cessit

273 3827 322 3894 eis
345 3829 379 3894 in
398 3843 604 3915 prosperum,
632 3825 728 3892 ambo
752 3827 839 3893 enim
864 3825 905 3893 ab
931 3845 1012 3914 rege
1037 3827 1244 3896 exterminati
1263 3830 1342 3894 sunt
1361 3823 1403 3892 de

273 3931 360 3993 terra
385 3927 516 4015 propria
543 3930 577 3991 et
602 3923 742 4008 expulsi.

349 4022 501 4092 Ceterum
517 4023 636 4093 solutis
652 4019 864 4112 exercitibus,
882 4029 919 4090 ut
934 4025 1133 4113 premissum
1153 4029 1215 4117 est,
1243 4032 1276 4095 et
1292 4026 1403 4094 omni-

273 4120 335 4190 bus
361 4123 436 4190 loca
462 4124 593 4212 propria
619 4118 857 4210 repetentibus,
885 4121 952 4190 dux
977 4120 1110 4192 Austrie
1136 4123 1321 4193 Fridcricus
1348 4123 1403 4191 di-

310 4244 338 4308 l]
357 4242 501 4298 turbatione
519 4244 557 4298 bs.
600 4245 631 4311 2]
651 4247 770 4309 pretereo
789 4239 885 4298 Oelele.
922 4245 952 4310 3)
973 4244 1018 4300 sed
1037 4242 1134 4302 Oesele.
