3044 4882
445 189 593 236 ronnnmrs
614 190 826 240 rumonrrrnsrs.
862 191 887 256 a,
905 191 931 244 2.
1184 167 1254 239 303

113 326 166 395 Do
190 329 291 396 mariis
316 329 406 416 repta
429 327 652 397 Romanorum
677 333 916 420 sollempnibus,
941 338 974 402 el
999 334 1162 422 lepollone
1186 337 1255 402 etos

213 430 260 495 ad
285 427 481 497 Ottnlornnr
504 447 617 517 rapam
642 431 804 500 Bobemr'e.
1115 437 1196 520 Cup.
1221 437 1254 503 r'r'.

185 561 284 634 Anno
308 565 432 634 domini
457 565 661 634 moalxxiv.
679 565 842 636 liudolfus
868 586 927 636 rex
945 569 1037 636 venit
1057 569 1091 638 in
1112 558 1258 658 Spiren-'
1272 584 1338 640 rara

113 664 198 732 sium
233 659 432 755 oivitatem¹,
459 664 516 732 ubi
543 668 738 734 convocatis
766 666 935 735 nobilibus
961 669 1122 756 precipit,
1151 676 1186 736 ut
1213 687 1252 736 ea

112 782 178 849 que
198 764 239 832 ad
256 765 427 853 imperium
447 769 603 852 speotant
625 764 770 834 abduota
792 772 826 834 et
851 766 983 835 sublata
1000 766 1157 856 indebite,
1185 785 1253 835 non

112 861 266 932 ditlerant
292 865 476 952 resignare.
511 861 650 944 Quidam
677 871 863 933 metuentes
892 865 1016 952 regiam
1041 867 1253 936 minationem

112 980 177 1047 que
192 962 417 1051 possederant
434 961 652 1030 reddiderunt
659 986 668 1050 3
687 964 742 1031 alii
760 981 839 1033 vero
859 965 1021 1054 eompulsi
1040 965 1137 1034 simili
1153 965 1253 1035 modo

111 1079 177 1150 que
201 1061 265 1130 sibi
287 1067 540 1150 usurpaverant,
569 1063 651 1148 regii
670 1061 740 1130 bsai
762 1063 1032 1152 proonratoribus
1052 1064 1253 1134 obtulerunt.

185 1159 318 1229 Deinde
352 1161 386 1228 in
418 1159 534 1229 urbem
564 1159 783 1250 Nuerenberg
816 1165 938 1232 curiam
969 1166 1182 1254 preoonizat,
1211 1163 1254 1232 ad
1272 1180 1334 1221 nov.

111 1277 210 1349 quam
239 1260 334 1347 regni
360 1277 520 1349 proceres
556 1260 674 1348 prelati
706 1261 836 1330 nobiles
864 1270 1104 1332 convenerunt.
1136 1264 1252 1351 ibique

111 1357 153 1428 de
170 1377 257 1448 paee
275 1366 443 1448 terrarum,
471 1357 513 1427 de
529 1357 648 1448 leodis,
676 1378 715 1428 ao
736 1361 809 1428 aliis
833 1361 974 1430 dirersis
997 1361 1130 1431 casibus
1154 1363 1252 1449 leges

112 1459 240 1546 statuit,
268 1476 405 1545 quarum
429 1464 519 1525 metu
540 1458 758 1527 coherceatur
775 1460 918 1529 bumana
938 1459 1086 1548 audacia,
1116 1467 1252 1550 tutaque

112 1557 157 1625 sit
183 1559 271 1626 inter
295 1557 465 1647 improbos
492 1558 693 1646 innocentia,
721 1559 754 1624 in
781 1559 864 1648 ipsis
891 1559 1050 1648 improbis
1077 1559 1252 1628 formidato

113 1657 278 1744 supplicio
317 1655 501 1725 refrenetur
541 1656 685 1724 nocendi
719 1657 886 1727 volumtas,
926 1657 1083 1726 Deorevit
1117 1678 1252 1748 qrrouue

113 1757 200 1826 siout
227 1754 394 1843 quondam
419 1751 592 1844 Asuerus,
620 1756 677 1843 qui
703 1775 915 1844 rrequnqnam
942 1757 1032 1825 abuti
1057 1755 1163 1825 voluit
1188 1777 1254 1848 po·

114 1855 218 1923 lentie
244 1853 491 1947 magnitudine,
520 1855 693 1923 elementia
721 1862 754 1924 et
786 1856 923 1924 lenitate
956 1856 1144 1943 gubernare
1172 1857 1254 1924 sub-

112 1955 239 2042 ierim,
273 1961 310 2022 ut
335 1953 463 2042 absque
494 1954 563 2021 ullo
598 1960 723 2022 terrore
758 1956 856 2022 vitam
892 1956 1025 2023 silentio
1053 1958 1253 2024 transientes

111 2071 197 2142 paee
224 2058 338 2141 optata
363 2055 491 2122 aunotis
511 2053 706 2121 mortalibus
732 2053 932 2142 fruerentur3
959 2054 1047 2122 unde
1076 2071 1138 2124 suo
1166 2061 1254 2124 tem-

112 2171 195 2241 pore
218 2171 279 2240 per
304 2153 414 2221 omnia
432 2153 574 2242 oompita
598 2171 725 2221 summa
752 2153 998 2223 transeuntibus
1020 2173 1087 2243 pax
1111 2153 1253 2224 favebat.

113 2251 234 2320 Statuit
248 2252 357 2342 etiam,
382 2258 419 2319 ut
432 2250 543 2340 iertur,
571 2251 662 2338 quod
680 2259 814 2341 propter
831 2269 1038 2322 communem
1053 2253 1252 2342 intelligen-

114 2353 192 2420 tiam
219 2352 361 2420 obsoure
386 2349 558 2418 latinitatis
584 2351 760 2439 privilegia
785 2357 818 2419 et
834 2351 940 2420 littere
968 2351 1009 2419 de
1038 2358 1149 2420 detero
1176 2353 1253 2421 vul-

113 2454 239 2538 gariter
272 2450 542 2539 conscribantur,
579 2449 670 2537 qnod
695 2455 788 2538 patet
814 2468 856 2518 ex
882 2467 942 2540 eo,
970 2450 1060 2538 quod
1088 2457 1164 2519 ante
1192 2469 1254 2520 sua

112 2556 265 2639 tempora
290 2548 380 2617 nulle
406 2547 514 2617 littere
540 2549 720 2635 vulgariter
746 2550 870 2637 seripte
890 2551 1099 2638 reperiuntur
1125 2549 1167 2618 de
1188 2569 1253 2618 ne-

113 2649 216 2737 gotiis
242 2647 298 2717 vel
324 2648 550 2717 eontraetibus
576 2647 842 2736 quibuscunque.

187 2745 242 2818 Ad
267 2745 355 2816 hano
382 2748 503 2816 auriam
529 2748 621 2815 venit
637 2746 822 2815 Friderious
841 2745 1113 2836 arehiepiscopus
1131 2745 1252 2814 Saloz-

112 2847 305 2937 purgensis,
334 2847 525 2935 suscipiens
552 2865 571 2913 a
596 2843 739 2915 Rudolla
775 2863 837 2915 sua
871 2846 1007 2932 regalia.
1050 2845 1252 2936 Superque

111 2946 306 3033 indignatus
334 2941 513 3013 Ottalrarus
541 2946 716 3034 oapitaueo
743 2963 807 3014 suo
833 2944 950 3014 Mileto
983 2944 1136 3036 mandat,
1172 2945 1252 3013 ubi-

113 3063 246 3133 eunque
274 3044 482 3133 episcopium
508 3042 689 3113 devastari.
741 3042 804 3125 Qui
836 3044 1016 3133 Frysaoum
1049 3044 1191 3135 obsedit,
1220 3051 1253 3114 et

113 3145 285 3214 obtentum
326 3141 460 3233 opidum
498 3143 654 3212 incendio
690 3143 872 3232 destruxit,
917 3149 950 3211 et
993 3145 1103 3211 omnin
1136 3142 1252 3234 predia

114 3241 319 3334 episcopalia
344 3243 445 3310 multa
471 3241 665 3311 emdelitate
688 3241 856 3311 laoeravit.
894 3241 1065 3330 Philippus
1086 3259 1167 3311 vero
1188 3243 1252 3310 du-

115 3345 162 3412 ois
188 3341 371 3411 Bernhardi
398 3339 485 3410 tilius
511 3343 544 3409 in
570 3341 652 3410 sede
680 3341 941 3430 Salozpurgensi
968 3347 1001 3408 et
1019 3337 1252 3430 Aquilegiensi

117 3441 306 3531 frustratus,
334 3440 453 3510 dolens
480 3438 522 3509 de
548 3442 656 3530 paetis
690 3459 754 3528 que
788 3440 888 3509 irater
922 3457 1004 3509 suus
1038 3439 1153 3508 babuit
1179 3459 1252 3510 oum

119 3538 287 3631 Ottalraro,
314 3539 356 3608 ad
382 3541 504 3608 auriam
531 3541 622 3626 regis
649 3541 750 3629 venit,
786 3546 820 3608 et
848 3539 970 3607 ibidem
997 3545 1101 3608 terras
1127 3537 1252 3607 Karin-

119 3637 216 3712 tbiam
252 3646 286 3708 et
320 3637 508 3710 Carniolam
545 3640 696 3728 suscepit
732 3637 773 3706 de
808 3657 907 3708 manu
941 3640 1032 3725 regis
1071 3641 1105 3706 in
1139 3638 1251 3728 leode,

120 3739 202 3807 siout
237 3738 306 3808 lieri
344 3743 396 3807 est
431 3743 638 3807 consuetum.
688 3734 866 3806 Ottalmrus
902 3755 961 3805 rex
1007 3743 1041 3805 et
1074 3736 1251 3805 Hainrious

124 3833 187 3908 dux
209 3837 365 3908 Bawaria
390 3855 459 3908 non
491 3841 734 3927 eomparentes,
771 3835 812 3905 ad
846 3842 1028 3926 proximam
1062 3835 1184 3906 auriam
1219 3837 1252 3906 in

123 3931 319 4026 llerbipolim
346 3935 517 4030 orientalis
542 3937 678 4006 Francia
706 3937 872 4005 divitatem
897 3937 1081 4025 primariam
1102 3937 1252 4003 nitantur.

157 4151 187 4215 t)
202 4165 254 4207 rou
279 4149 378 4207 diesem
405 4153 431 4207 in
458 4152 551 4224 Spaiar
573 4153 729 4220 gabellenerr
750 4157 810 4222 lage
828 4154 924 4210 nissen
942 4151 984 4207 die
1000 4151 1136 4207 urkundan
1156 4153 1253 4218 ntebtm

126 4218 335 4276 uubrsebeiolieb
353 4223 387 4276 ist
405 4222 453 4276 dor
470 4221 566 4290 lbnlgs
582 4221 725 4277 auleutbalt
742 4225 769 4276 r'n
788 4222 912 4290 llagenan
932 4224 1055 4288 gemeint.
