<?xml version="1.0" encoding="UTF-8"?>
<!DOCTYPE html PUBLIC "-//W3C//DTD XHTML 1.0 Transitional//EN"
    "http://www.w3.org/TR/xhtml1/DTD/xhtml1-transitional.dtd">
<html xmlns="http://www.w3.org/1999/xhtml" xml:lang="en" lang="en">
 <head>
  <title>
</title>
<meta http-equiv="Content-Type" content="text/html;charset=utf-8" />
  <meta name='ocr-system' content='tesseract 3.04.00' />
  <meta name='ocr-capabilities' content='ocr_page ocr_carea ocr_par ocr_line ocrx_word'/>
</head>
<body>
  <div class='ocr_page' id='page_1' title='image "./fontesrerumgerm02hubegoog_0457.png"; bbox 0 0 3028 4878; ppageno 0'>
   <div class='ocr_carea' id='block_1_1' title="bbox 287 167 1122 262">
    <p class='ocr_par' dir='ltr' id='par_1_1' title="bbox 287 167 1122 262">
     <span class='ocr_line' id='line_1_1' title="bbox 287 167 1122 262; baseline 0.011 -26"><span class='ocrx_word' id='word_1_1' title='bbox 287 167 359 237; x_wconf 76' lang='lat' dir='ltr'><strong>tlt</strong></span> <span class='ocrx_word' id='word_1_2' title='bbox 632 197 773 244; x_wconf 81' lang='lat' dir='ltr'><strong>rouunnes</strong></span> <span class='ocrx_word' id='word_1_3' title='bbox 794 195 1001 243; x_wconf 83' lang='lat' dir='ltr'><strong>vrcuonruusrs.</strong></span> <span class='ocrx_word' id='word_1_4' title='bbox 1037 195 1061 262; x_wconf 83' lang='lat'><strong>5,</strong></span> <span class='ocrx_word' id='word_1_5' title='bbox 1084 195 1122 248; x_wconf 88' lang='lat'><strong>10.</strong></span> 
     </span>
    </p>
   </div>
   <div class='ocr_carea' id='block_1_2' title="bbox 100 334 1492 4083">
    <p class='ocr_par' dir='ltr' id='par_1_2' title="bbox 207 334 1415 426">
     <span class='ocr_line' id='line_1_2' title="bbox 207 334 1415 426; baseline 0.003 -27"><span class='ocrx_word' id='word_1_6' title='bbox 207 347 271 401; x_wconf 82' lang='lat' dir='ltr'><strong>raet</strong></span> <span class='ocrx_word' id='word_1_7' title='bbox 289 335 450 404; x_wconf 80' lang='lat' dir='ltr'><strong>solidaret</strong></span> <span class='ocrx_word' id='word_1_8' title='bbox 476 340 509 403; x_wconf 92' lang='lat' dir='ltr'><strong>et</strong></span> <span class='ocrx_word' id='word_1_9' title='bbox 534 335 599 402; x_wconf 88' lang='lat' dir='ltr'><strong>alia</strong></span> <span class='ocrx_word' id='word_1_10' title='bbox 626 353 691 422; x_wconf 88' lang='lat' dir='ltr'><strong>que</strong></span> <span class='ocrx_word' id='word_1_11' title='bbox 717 341 835 423; x_wconf 92' lang='lat' dir='ltr'><strong>posset</strong></span> <span class='ocrx_word' id='word_1_12' title='bbox 860 336 933 404; x_wconf 92' lang='lat' dir='ltr'><strong>suis</strong></span> <span class='ocrx_word' id='word_1_13' title='bbox 960 334 1186 405; x_wconf 83' lang='lat' dir='ltr'><strong>deditionibus</strong></span> <span class='ocrx_word' id='word_1_14' title='bbox 1213 338 1415 426; x_wconf 85' lang='lat' dir='ltr'><strong>manciparet</strong></span> 
     </span>
    </p>

    <p class='ocr_par' dir='ltr' id='par_1_3' title="bbox 204 433 1414 521">
     <span class='ocr_line' id='line_1_3' title="bbox 204 433 1414 521; baseline -0.002 -18"><span class='ocrx_word' id='word_1_15' title='bbox 204 448 260 487; x_wconf 83' lang='lat' dir='ltr'><strong>mu.</strong></span> <span class='ocrx_word' id='word_1_16' title='bbox 288 435 403 504; x_wconf 79' lang='lat' dir='ltr'><strong>Filium</strong></span> <span class='ocrx_word' id='word_1_17' title='bbox 429 441 538 502; x_wconf 91' lang='lat' dir='ltr'><strong>autem</strong></span> <span class='ocrx_word' id='word_1_18' title='bbox 565 453 661 502; x_wconf 92' lang='lat' dir='ltr'><strong>suum</strong></span> <span class='ocrx_word' id='word_1_19' title='bbox 687 433 844 504; x_wconf 88' lang='lat' dir='ltr'><strong>Kurolum</strong></span> <span class='ocrx_word' id='word_1_20' title='bbox 860 434 1081 503; x_wconf 87' lang='lat' dir='ltr'><strong>marchionem</strong></span> <span class='ocrx_word' id='word_1_21' title='bbox 1101 435 1231 521; x_wconf 83' lang='lat' dir='ltr'><strong>reliquit</strong></span> <span class='ocrx_word' id='word_1_22' title='bbox 1249 438 1283 504; x_wconf 92' lang='lat' dir='ltr'><strong>iu</strong></span> <span class='ocrx_word' id='word_1_23' title='bbox 1301 435 1414 521; x_wconf 90' lang='lat' dir='ltr'><strong>Parma,</strong></span> 
     </span>
    </p>

    <p class='ocr_par' dir='ltr' id='par_1_4' title="bbox 288 532 1416 702">
     <span class='ocr_line' id='line_1_4' title="bbox 289 532 1416 624; baseline -0.004 -22"><span class='ocrx_word' id='word_1_24' title='bbox 289 532 525 602; x_wconf 89' lang='lat' dir='ltr'><strong>commendans</strong></span> <span class='ocrx_word' id='word_1_25' title='bbox 544 551 618 601; x_wconf 91' lang='lat' dir='ltr'><strong>eum</strong></span> <span class='ocrx_word' id='word_1_26' title='bbox 636 533 890 624; x_wconf 89' lang='lat' dir='ltr'><strong>potentioribus,</strong></span> <span class='ocrx_word' id='word_1_27' title='bbox 919 549 1058 620; x_wconf 84' lang='lat' dir='ltr'><strong>quorum</strong></span> <span class='ocrx_word' id='word_1_28' title='bbox 1083 534 1225 603; x_wconf 91' lang='lat' dir='ltr'><strong>oonsilio</strong></span> <span class='ocrx_word' id='word_1_29' title='bbox 1242 553 1295 603; x_wconf 91' lang='lat' dir='ltr'><strong>res</strong></span> <span class='ocrx_word' id='word_1_30' title='bbox 1312 538 1416 620; x_wconf 83' lang='lat' dir='ltr'><strong>ageret</strong></span> 
     </span>
     <span class='ocr_line' id='line_1_5' title="bbox 288 632 806 702; baseline -0.002 -1"><span class='ocrx_word' id='word_1_31' title='bbox 288 640 322 702; x_wconf 91' lang='lat' dir='ltr'><strong>et</strong></span> <span class='ocrx_word' id='word_1_32' title='bbox 348 632 448 700; x_wconf 91' lang='lat' dir='ltr'><strong>uiobil</strong></span> <span class='ocrx_word' id='word_1_33' title='bbox 475 640 599 700; x_wconf 92' lang='lat' dir='ltr'><strong>temere</strong></span> <span class='ocrx_word' id='word_1_34' title='bbox 625 632 806 700; x_wconf 87' lang='lat' dir='ltr'><strong>inchoaret.</strong></span> 
     </span>
    </p>

    <p class='ocr_par' dir='ltr' id='par_1_5' title="bbox 287 729 1417 1316">
     <span class='ocr_line' id='line_1_6' title="bbox 363 729 1416 821; baseline -0.001 -23"><span class='ocrx_word' id='word_1_35' title='bbox 363 731 512 818; x_wconf 83' lang='lat' dir='ltr'><strong>Contigit</strong></span> <span class='ocrx_word' id='word_1_36' title='bbox 538 734 675 821; x_wconf 86' lang='lat' dir='ltr'><strong>interea,</strong></span> <span class='ocrx_word' id='word_1_37' title='bbox 702 729 900 800; x_wconf 87' lang='lat' dir='ltr'><strong>Meuiridum</strong></span> <span class='ocrx_word' id='word_1_38' title='bbox 931 731 972 800; x_wconf 89' lang='lat' dir='ltr'><strong>de</strong></span> <span class='ocrx_word' id='word_1_39' title='bbox 997 732 1136 801; x_wconf 88' lang='lat' dir='ltr'><strong>lllodiua</strong></span> <span class='ocrx_word' id='word_1_40' title='bbox 1154 753 1227 802; x_wconf 92' lang='lat' dir='ltr'><strong>oum</strong></span> <span class='ocrx_word' id='word_1_41' title='bbox 1255 749 1318 799; x_wconf 89' lang='lat' dir='ltr'><strong>sua</strong></span> <span class='ocrx_word' id='word_1_42' title='bbox 1334 735 1416 820; x_wconf 89' lang='lat' dir='ltr'><strong>parte</strong></span> 
     </span>
     <span class='ocr_line' id='line_1_7' title="bbox 287 829 1415 918; baseline -0.002 -21"><span class='ocrx_word' id='word_1_43' title='bbox 287 831 503 918; x_wconf 85' lang='lat' dir='ltr'><strong>gravissimas</strong></span> <span class='ocrx_word' id='word_1_44' title='bbox 537 834 652 898; x_wconf 89' lang='lat' dir='ltr'><strong>ooutrn</strong></span> <span class='ocrx_word' id='word_1_45' title='bbox 678 829 908 899; x_wconf 86' lang='lat' dir='ltr'><strong>Ferrarieuses</strong></span> <span class='ocrx_word' id='word_1_46' title='bbox 937 830 1022 898; x_wconf 86' lang='lat' dir='ltr'><strong>serre</strong></span> <span class='ocrx_word' id='word_1_47' title='bbox 1049 833 1248 901; x_wconf 81' lang='lat' dir='ltr'><strong>molitiones.</strong></span> <span class='ocrx_word' id='word_1_48' title='bbox 1283 830 1415 898; x_wconf 88' lang='lat' dir='ltr'><strong>Karalus</strong></span> 
     </span>
     <span class='ocr_line' id='line_1_8' title="bbox 288 929 1417 1020; baseline -0.003 -22"><span class='ocrx_word' id='word_1_49' title='bbox 288 935 397 998; x_wconf 90' lang='lat' dir='ltr'><strong>autem</strong></span> <span class='ocrx_word' id='word_1_50' title='bbox 424 929 672 997; x_wconf 82' lang='lat' dir='ltr'><strong>lllodiueusium</strong></span> <span class='ocrx_word' id='word_1_51' title='bbox 700 930 893 997; x_wconf 87' lang='lat' dir='ltr'><strong>auxiliarius</strong></span> <span class='ocrx_word' id='word_1_52' title='bbox 921 935 954 997; x_wconf 93' lang='lat' dir='ltr'><strong>et</strong></span> <span class='ocrx_word' id='word_1_53' title='bbox 980 937 1115 1020; x_wconf 89' lang='lat' dir='ltr'><strong>tutator,</strong></span> <span class='ocrx_word' id='word_1_54' title='bbox 1143 937 1315 1000; x_wconf 88' lang='lat' dir='ltr'><strong>contracta</strong></span> <span class='ocrx_word' id='word_1_55' title='bbox 1341 931 1417 997; x_wconf 89' lang='lat' dir='ltr'><strong>oluru</strong></span> 
     </span>
     <span class='ocr_line' id='line_1_9' title="bbox 287 1027 1417 1118; baseline -0.003 -22"><span class='ocrx_word' id='word_1_56' title='bbox 287 1027 496 1096; x_wconf 91' lang='lat' dir='ltr'><strong>multitudiue</strong></span> <span class='ocrx_word' id='word_1_57' title='bbox 530 1034 768 1117; x_wconf 77' lang='lat' dir='ltr'><strong>pugnatorum,</strong></span> <span class='ocrx_word' id='word_1_58' title='bbox 802 1027 1079 1118; x_wconf 82' lang='lat' dir='ltr'><strong>Ferrarieusibus,</strong></span> <span class='ocrx_word' id='word_1_59' title='bbox 1115 1031 1234 1117; x_wconf 87' lang='lat' dir='ltr'><strong>quibus</strong></span> <span class='ocrx_word' id='word_1_60' title='bbox 1261 1043 1322 1118; x_wconf 92' lang='lat' dir='ltr'><strong>pro</strong></span> <span class='ocrx_word' id='word_1_61' title='bbox 1352 1035 1417 1096; x_wconf 91' lang='lat' dir='ltr'><strong>tuuc</strong></span> 
     </span>
     <span class='ocr_line' id='line_1_10' title="bbox 287 1126 1417 1217; baseline -0.004 -21"><span class='ocrx_word' id='word_1_62' title='bbox 287 1129 522 1196; x_wconf 89' lang='lat' dir='ltr'><strong>Bononienses</strong></span> <span class='ocrx_word' id='word_1_63' title='bbox 544 1132 578 1194; x_wconf 90' lang='lat' dir='ltr'><strong>et</strong></span> <span class='ocrx_word' id='word_1_64' title='bbox 599 1126 816 1195; x_wconf 90' lang='lat' dir='ltr'><strong>Veronenses</strong></span> <span class='ocrx_word' id='word_1_65' title='bbox 832 1127 993 1217; x_wconf 88' lang='lat' dir='ltr'><strong>laverant,</strong></span> <span class='ocrx_word' id='word_1_66' title='bbox 1021 1129 1144 1196; x_wconf 92' lang='lat' dir='ltr'><strong>bellum</strong></span> <span class='ocrx_word' id='word_1_67' title='bbox 1162 1129 1267 1197; x_wconf 88' lang='lat' dir='ltr'><strong>ollert.</strong></span> <span class='ocrx_word' id='word_1_68' title='bbox 1301 1127 1340 1195; x_wconf 95' lang='lat' dir='ltr'><strong>lu</strong></span> <span class='ocrx_word' id='word_1_69' title='bbox 1363 1142 1417 1214; x_wconf 84' lang='lat' dir='ltr'><strong>qrro</strong></span> 
     </span>
     <span class='ocr_line' id='line_1_11' title="bbox 289 1223 1417 1316; baseline -0.002 -22"><span class='ocrx_word' id='word_1_70' title='bbox 289 1226 376 1294; x_wconf 89' lang='lat' dir='ltr'><strong>adeo</strong></span> <span class='ocrx_word' id='word_1_71' title='bbox 402 1231 559 1294; x_wconf 90' lang='lat' dir='ltr'><strong>strennue</strong></span> <span class='ocrx_word' id='word_1_72' title='bbox 586 1243 623 1294; x_wconf 89' lang='lat' dir='ltr'><strong>se</strong></span> <span class='ocrx_word' id='word_1_73' title='bbox 649 1224 810 1316; x_wconf 86' lang='lat' dir='ltr'><strong>babebat,</strong></span> <span class='ocrx_word' id='word_1_74' title='bbox 836 1232 873 1294; x_wconf 94' lang='lat' dir='ltr'><strong>ut</strong></span> <span class='ocrx_word' id='word_1_75' title='bbox 898 1223 1020 1312; x_wconf 86' lang='lat' dir='ltr'><strong>iugatis</strong></span> <span class='ocrx_word' id='word_1_76' title='bbox 1047 1230 1225 1316; x_wconf 80' lang='lat' dir='ltr'><strong>prostratis</strong></span> <span class='ocrx_word' id='word_1_77' title='bbox 1252 1226 1417 1316; x_wconf 89' lang='lat' dir='ltr'><strong>captivatis</strong></span> 
     </span>
    </p>

    <p class='ocr_par' dir='ltr' id='par_1_6' title="bbox 209 1324 1418 1413">
     <span class='ocr_line' id='line_1_12' title="bbox 209 1324 1418 1413; baseline -0.003 -18"><span class='ocrx_word' id='word_1_78' title='bbox 209 1341 275 1395; x_wconf 82' lang='lat'>1332</span> <span class='ocrx_word' id='word_1_79' title='bbox 289 1325 455 1413; x_wconf 75' lang='lat' dir='ltr'><strong>pluribuS,</strong></span> <span class='ocrx_word' id='word_1_80' title='bbox 482 1325 515 1391; x_wconf 88' lang='lat' dir='ltr'><strong>iu</strong></span> <span class='ocrx_word' id='word_1_81' title='bbox 541 1324 657 1410; x_wconf 88' lang='lat' dir='ltr'><strong>vigilia</strong></span> <span class='ocrx_word' id='word_1_82' title='bbox 684 1324 782 1392; x_wconf 88' lang='lat' dir='ltr'><strong>beate</strong></span> <span class='ocrx_word' id='word_1_83' title='bbox 808 1325 985 1394; x_wconf 80' lang='lat' dir='ltr'><strong>liutherius</strong></span> <span class='ocrx_word' id='word_1_84' title='bbox 1013 1325 1116 1394; x_wconf 91' lang='lat' dir='ltr'><strong>decus</strong></span> <span class='ocrx_word' id='word_1_85' title='bbox 1143 1327 1293 1412; x_wconf 84' lang='lat' dir='ltr'><strong>gloriose</strong></span> <span class='ocrx_word' id='word_1_86' title='bbox 1320 1329 1418 1396; x_wconf 92' lang='lat' dir='ltr'><strong>vioto-</strong></span> 
     </span>
    </p>

    <p class='ocr_par' dir='ltr' id='par_1_7' title="bbox 208 1423 1419 1712">
     <span class='ocr_line' id='line_1_13' title="bbox 208 1423 1417 1530; baseline -0.001 -39"><span class='ocrx_word' id='word_1_87' title='bbox 208 1423 271 1530; x_wconf 59' lang='grc' dir='ltr'><em>Ἢ</em></span> <span class='ocrx_word' id='word_1_88' title='bbox 290 1426 338 1492; x_wconf 90' lang='lat' dir='ltr'><strong>rie</strong></span> <span class='ocrx_word' id='word_1_89' title='bbox 364 1428 558 1512; x_wconf 78' lang='lat' dir='ltr'><strong>reportaret,</strong></span> <span class='ocrx_word' id='word_1_90' title='bbox 586 1429 619 1490; x_wconf 89' lang='lat' dir='ltr'><strong>et</strong></span> <span class='ocrx_word' id='word_1_91' title='bbox 646 1423 698 1490; x_wconf 90' lang='lat' dir='ltr'><strong>sui</strong></span> <span class='ocrx_word' id='word_1_92' title='bbox 725 1426 867 1493; x_wconf 92' lang='lat' dir='ltr'><strong>uomiuis</strong></span> <span class='ocrx_word' id='word_1_93' title='bbox 895 1424 1009 1492; x_wconf 90' lang='lat' dir='ltr'><strong>titulus</strong></span> <span class='ocrx_word' id='word_1_94' title='bbox 1031 1425 1073 1493; x_wconf 86' lang='lat' dir='ltr'><strong>ad</strong></span> <span class='ocrx_word' id='word_1_95' title='bbox 1097 1427 1255 1511; x_wconf 84' lang='lat' dir='ltr'><strong>regiones</strong></span> <span class='ocrx_word' id='word_1_96' title='bbox 1283 1432 1417 1511; x_wconf 80' lang='lat' dir='ltr'><strong>exterae,</strong></span> 
     </span>
     <span class='ocr_line' id='line_1_14' title="bbox 291 1521 1419 1616; baseline -0.003 -25"><span class='ocrx_word' id='word_1_97' title='bbox 291 1521 598 1592; x_wconf 80' lang='lat' dir='ltr'><strong>commendantibus</strong></span> <span class='ocrx_word' id='word_1_98' title='bbox 620 1539 694 1589; x_wconf 92' lang='lat' dir='ltr'><strong>eum</strong></span> <span class='ocrx_word' id='word_1_99' title='bbox 713 1522 876 1612; x_wconf 83' lang='lat' dir='ltr'><strong>omuibus,</strong></span> <span class='ocrx_word' id='word_1_100' title='bbox 902 1524 1103 1616; x_wconf 87' lang='lat' dir='ltr'><strong>pervolaret,</strong></span> <span class='ocrx_word' id='word_1_101' title='bbox 1132 1525 1218 1592; x_wconf 91' lang='lat' dir='ltr'><strong>sicut</strong></span> <span class='ocrx_word' id='word_1_102' title='bbox 1244 1524 1286 1592; x_wconf 85' lang='lat' dir='ltr'><strong>de</strong></span> <span class='ocrx_word' id='word_1_103' title='bbox 1306 1521 1419 1592; x_wconf 89' lang='lat' dir='ltr'><strong>Cesare</strong></span> 
     </span>
     <span class='ocr_line' id='line_1_15' title="bbox 289 1618 983 1712; baseline 0.001 -22"><span class='ocrx_word' id='word_1_104' title='bbox 289 1622 333 1690; x_wconf 91' lang='lat' dir='ltr'><strong>ad</strong></span> <span class='ocrx_word' id='word_1_105' title='bbox 358 1622 424 1691; x_wconf 90' lang='lat' dir='ltr'><strong>hoo</strong></span> <span class='ocrx_word' id='word_1_106' title='bbox 449 1621 617 1691; x_wconf 91' lang='lat' dir='ltr'><strong>luvenalis</strong></span> <span class='ocrx_word' id='word_1_107' title='bbox 644 1620 735 1712; x_wconf 86' lang='lat' dir='ltr'><strong>dicit,</strong></span> <span class='ocrx_word' id='word_1_108' title='bbox 764 1629 797 1689; x_wconf 92' lang='lat' dir='ltr'><strong>et</strong></span> <span class='ocrx_word' id='word_1_109' title='bbox 823 1618 983 1692; x_wconf 88' lang='lat' dir='ltr'><strong>Ovidius:</strong></span> 
     </span>
    </p>

    <p class='ocr_par' dir='ltr' id='par_1_8' title="bbox 386 1719 1349 1907">
     <span class='ocr_line' id='line_1_16' title="bbox 386 1719 1349 1811; baseline -0.004 -22"><span class='ocrx_word' id='word_1_110' title='bbox 386 1720 505 1811; x_wconf 89' lang='lat' dir='ltr'><strong>„Ultor</strong></span> <span class='ocrx_word' id='word_1_111' title='bbox 531 1719 639 1810; x_wconf 86' lang='lat' dir='ltr'><strong>adest,</strong></span> <span class='ocrx_word' id='word_1_112' title='bbox 666 1721 849 1809; x_wconf 85' lang='lat' dir='ltr'><strong>primisque</strong></span> <span class='ocrx_word' id='word_1_113' title='bbox 876 1770 885 1790; x_wconf 90' lang='lat'><strong>.</strong></span> <span class='ocrx_word' id='word_1_114' title='bbox 911 1770 920 1790; x_wconf 90' lang='lat'><strong>.</strong></span> <span class='ocrx_word' id='word_1_115' title='bbox 946 1772 954 1790; x_wconf 94' lang='lat'><strong>.</strong></span> <span class='ocrx_word' id='word_1_116' title='bbox 981 1719 1154 1808; x_wconf 88' lang='lat' dir='ltr'><strong>profitetur</strong></span> <span class='ocrx_word' id='word_1_117' title='bbox 1178 1719 1213 1784; x_wconf 96' lang='lat' dir='ltr'><strong>iu</strong></span> <span class='ocrx_word' id='word_1_118' title='bbox 1239 1719 1349 1808; x_wconf 78' lang='lat' dir='ltr'><strong>auuiS,</strong></span> 
     </span>
     <span class='ocr_line' id='line_1_17' title="bbox 445 1813 1290 1907; baseline -0.006 -20"><span class='ocrx_word' id='word_1_119' title='bbox 445 1819 606 1907; x_wconf 89' lang='lat' dir='ltr'><strong>Bellaque</strong></span> <span class='ocrx_word' id='word_1_120' title='bbox 634 1837 702 1887; x_wconf 92' lang='lat' dir='ltr'><strong>uon</strong></span> <span class='ocrx_word' id='word_1_121' title='bbox 728 1837 831 1907; x_wconf 89' lang='lat' dir='ltr'><strong>puero</strong></span> <span class='ocrx_word' id='word_1_122' title='bbox 859 1823 977 1886; x_wconf 88' lang='lat' dir='ltr'><strong>tractat</strong></span> <span class='ocrx_word' id='word_1_123' title='bbox 1003 1815 1136 1905; x_wconf 87' lang='lat' dir='ltr'><strong>agenda</strong></span> <span class='ocrx_word' id='word_1_124' title='bbox 1162 1813 1290 1905; x_wconf 85' lang='lat' dir='ltr'><strong>pner.“·</strong></span> 
     </span>
    </p>

    <p class='ocr_par' dir='ltr' id='par_1_9' title="bbox 288 1914 1419 2006">
     <span class='ocr_line' id='line_1_18' title="bbox 288 1914 1419 2006; baseline -0.004 -21"><span class='ocrx_word' id='word_1_125' title='bbox 288 1919 481 1986; x_wconf 87' lang='lat' dir='ltr'><strong>Brixieuses</strong></span> <span class='ocrx_word' id='word_1_126' title='bbox 499 1923 608 1986; x_wconf 90' lang='lat' dir='ltr'><strong>autem</strong></span> <span class='ocrx_word' id='word_1_127' title='bbox 624 1917 688 1985; x_wconf 89' lang='lat' dir='ltr'><strong>tale</strong></span> <span class='ocrx_word' id='word_1_128' title='bbox 708 1917 833 2005; x_wconf 86' lang='lat' dir='ltr'><strong>aliquid</strong></span> <span class='ocrx_word' id='word_1_129' title='bbox 846 1916 963 2004; x_wconf 82' lang='lat' dir='ltr'><strong>flagitii</strong></span> <span class='ocrx_word' id='word_1_130' title='bbox 977 1922 1218 2006; x_wconf 88' lang='lat' dir='ltr'><strong>perpetrarunt.</strong></span> <span class='ocrx_word' id='word_1_131' title='bbox 1245 1914 1331 1982; x_wconf 91' lang='lat' dir='ltr'><strong>Nam</strong></span> <span class='ocrx_word' id='word_1_132' title='bbox 1347 1933 1419 2004; x_wconf 91' lang='lat' dir='ltr'><strong>par-</strong></span> 
     </span>
    </p>

    <p class='ocr_par' dir='ltr' id='par_1_10' title="bbox 289 2015 1492 2992">
     <span class='ocr_line' id='line_1_19' title="bbox 289 2015 1420 2105; baseline -0.004 -21"><span class='ocrx_word' id='word_1_133' title='bbox 289 2018 332 2084; x_wconf 95' lang='lat' dir='ltr'><strong>tis</strong></span> <span class='ocrx_word' id='word_1_134' title='bbox 360 2018 524 2085; x_wconf 88' lang='lat' dir='ltr'><strong>contrarie</strong></span> <span class='ocrx_word' id='word_1_135' title='bbox 558 2016 691 2105; x_wconf 88' lang='lat' dir='ltr'><strong>quidam</strong></span> <span class='ocrx_word' id='word_1_136' title='bbox 719 2017 894 2086; x_wconf 87' lang='lat' dir='ltr'><strong>audientes</strong></span> <span class='ocrx_word' id='word_1_137' title='bbox 922 2034 1037 2103; x_wconf 87' lang='lat' dir='ltr'><strong>regem</strong></span> <span class='ocrx_word' id='word_1_138' title='bbox 1063 2015 1204 2103; x_wconf 86' lang='lat' dir='ltr'><strong>abiisse,</strong></span> <span class='ocrx_word' id='word_1_139' title='bbox 1234 2032 1318 2084; x_wconf 92' lang='lat' dir='ltr'><strong>suos</strong></span> <span class='ocrx_word' id='word_1_140' title='bbox 1345 2027 1420 2102; x_wconf 86' lang='lat' dir='ltr'><strong>quos</strong></span> 
     </span>
     <span class='ocr_line' id='line_1_20' title="bbox 289 2112 1421 2206; baseline -0.005 -24"><span class='ocrx_word' id='word_1_141' title='bbox 289 2114 421 2201; x_wconf 86' lang='lat' dir='ltr'><strong>reliquit</strong></span> <span class='ocrx_word' id='word_1_142' title='bbox 440 2122 645 2206; x_wconf 86' lang='lat' dir='ltr'><strong>amoventes,</strong></span> <span class='ocrx_word' id='word_1_143' title='bbox 665 2114 818 2185; x_wconf 79' lang='lat' dir='ltr'><strong>fortiores</strong></span> <span class='ocrx_word' id='word_1_144' title='bbox 841 2116 960 2206; x_wconf 84' lang='lat' dir='ltr'><strong>allecti,</strong></span> <span class='ocrx_word' id='word_1_145' title='bbox 989 2117 1154 2182; x_wconf 88' lang='lat' dir='ltr'><strong>civitatem</strong></span> <span class='ocrx_word' id='word_1_146' title='bbox 1173 2112 1421 2182; x_wconf 86' lang='lat' dir='ltr'><strong>Veronensibus</strong></span> 
     </span>
     <span class='ocr_line' id='line_1_21' title="bbox 289 2212 1421 2303; baseline -0.003 -23"><span class='ocrx_word' id='word_1_147' title='bbox 289 2212 516 2303; x_wconf 88' lang='lat' dir='ltr'><strong>reddiderunt,</strong></span> <span class='ocrx_word' id='word_1_148' title='bbox 545 2214 665 2300; x_wconf 81' lang='lat' dir='ltr'><strong>quibus</strong></span> <span class='ocrx_word' id='word_1_149' title='bbox 692 2217 891 2302; x_wconf 91' lang='lat' dir='ltr'><strong>promissum</strong></span> <span class='ocrx_word' id='word_1_150' title='bbox 919 2221 1029 2282; x_wconf 88' lang='lat' dir='ltr'><strong>estut</strong></span> <span class='ocrx_word' id='word_1_151' title='bbox 1055 2212 1172 2280; x_wconf 92' lang='lat' dir='ltr'><strong>dicitur</strong></span> <span class='ocrx_word' id='word_1_152' title='bbox 1197 2212 1318 2280; x_wconf 91' lang='lat' dir='ltr'><strong>diebus</strong></span> <span class='ocrx_word' id='word_1_153' title='bbox 1346 2229 1421 2300; x_wconf 88' lang='lat' dir='ltr'><strong>qua·</strong></span> 
     </span>
     <span class='ocr_line' id='line_1_22' title="bbox 290 2311 1492 2410; baseline -0.003 -30"><span class='ocrx_word' id='word_1_154' title='bbox 290 2319 365 2380; x_wconf 88' lang='lat' dir='ltr'><strong>tuor</strong></span> <span class='ocrx_word' id='word_1_155' title='bbox 390 2315 555 2382; x_wconf 91' lang='lat' dir='ltr'><strong>coutinuis</strong></span> <span class='ocrx_word' id='word_1_156' title='bbox 582 2314 617 2381; x_wconf 94' lang='lat' dir='ltr'><strong>iu</strong></span> <span class='ocrx_word' id='word_1_157' title='bbox 642 2320 770 2402; x_wconf 89' lang='lat' dir='ltr'><strong>partem</strong></span> <span class='ocrx_word' id='word_1_158' title='bbox 796 2313 971 2382; x_wconf 87' lang='lat' dir='ltr'><strong>adversam</strong></span> <span class='ocrx_word' id='word_1_159' title='bbox 991 2312 1033 2380; x_wconf 90' lang='lat' dir='ltr'><strong>ad</strong></span> <span class='ocrx_word' id='word_1_160' title='bbox 1060 2311 1264 2380; x_wconf 88' lang='lat' dir='ltr'><strong>crudelitatis</strong></span> <span class='ocrx_word' id='word_1_161' title='bbox 1293 2329 1355 2380; x_wconf 91' lang='lat' dir='ltr'><strong>sue</strong></span> <span class='ocrx_word' id='word_1_162' title='bbox 1379 2311 1419 2377; x_wconf 91' lang='lat' dir='ltr'><strong>li·</strong></span> <span class='ocrx_word' id='word_1_163' title='bbox 1491 2363 1492 2410; x_wconf 55' lang='lat'><strong>,</strong></span> 
     </span>
     <span class='ocr_line' id='line_1_23' title="bbox 289 2407 1421 2500; baseline -0.004 -22"><span class='ocrx_word' id='word_1_164' title='bbox 289 2411 391 2478; x_wconf 90' lang='lat' dir='ltr'><strong>bitum</strong></span> <span class='ocrx_word' id='word_1_165' title='bbox 418 2411 582 2481; x_wconf 88' lang='lat' dir='ltr'><strong>desevire.</strong></span> <span class='ocrx_word' id='word_1_166' title='bbox 616 2412 746 2481; x_wconf 91' lang='lat' dir='ltr'><strong>Deinde</strong></span> <span class='ocrx_word' id='word_1_167' title='bbox 773 2413 1017 2500; x_wconf 86' lang='lat' dir='ltr'><strong>Pergumeuses</strong></span> <span class='ocrx_word' id='word_1_168' title='bbox 1035 2409 1157 2480; x_wconf 84' lang='lat' dir='ltr'><strong>Atzoui</strong></span> <span class='ocrx_word' id='word_1_169' title='bbox 1176 2407 1374 2479; x_wconf 89' lang='lat' dir='ltr'><strong>Viceoomiti</strong></span> <span class='ocrx_word' id='word_1_170' title='bbox 1389 2423 1421 2477; x_wconf 89' lang='lat' dir='ltr'><strong>se</strong></span> 
     </span>
     <span class='ocr_line' id='line_1_24' title="bbox 290 2507 1424 2601; baseline -0.004 -24"><span class='ocrx_word' id='word_1_171' title='bbox 290 2509 464 2601; x_wconf 88' lang='lat' dir='ltr'><strong>dederunt,</strong></span> <span class='ocrx_word' id='word_1_172' title='bbox 492 2512 584 2596; x_wconf 85' lang='lat' dir='ltr'><strong>regis</strong></span> <span class='ocrx_word' id='word_1_173' title='bbox 601 2511 760 2580; x_wconf 89' lang='lat' dir='ltr'><strong>Bohemie</strong></span> <span class='ocrx_word' id='word_1_174' title='bbox 786 2513 945 2579; x_wconf 89' lang='lat' dir='ltr'><strong>vicarium</strong></span> <span class='ocrx_word' id='word_1_175' title='bbox 976 2510 1067 2578; x_wconf 88' lang='lat' dir='ltr'><strong>abiro</strong></span> <span class='ocrx_word' id='word_1_176' title='bbox 1093 2511 1254 2579; x_wconf 87' lang='lat' dir='ltr'><strong>velociter</strong></span> <span class='ocrx_word' id='word_1_177' title='bbox 1281 2507 1424 2598; x_wconf 88' lang='lat' dir='ltr'><strong>compel-</strong></span> 
     </span>
     <span class='ocr_line' id='line_1_25' title="bbox 290 2606 1425 2699; baseline -0.004 -23"><span class='ocrx_word' id='word_1_178' title='bbox 290 2611 410 2678; x_wconf 88' lang='lat' dir='ltr'><strong>lentes.</strong></span> <span class='ocrx_word' id='word_1_179' title='bbox 446 2611 526 2679; x_wconf 91' lang='lat' dir='ltr'><strong>Post</strong></span> <span class='ocrx_word' id='word_1_180' title='bbox 539 2610 603 2677; x_wconf 90' lang='lat' dir='ltr'><strong>hoc</strong></span> <span class='ocrx_word' id='word_1_181' title='bbox 620 2610 804 2699; x_wconf 87' lang='lat' dir='ltr'><strong>Pupienses</strong></span> <span class='ocrx_word' id='word_1_182' title='bbox 822 2610 1076 2694; x_wconf 90' lang='lat' dir='ltr'><strong>rebellavemnt,</strong></span> <span class='ocrx_word' id='word_1_183' title='bbox 1095 2616 1129 2676; x_wconf 91' lang='lat' dir='ltr'><strong>et</strong></span> <span class='ocrx_word' id='word_1_184' title='bbox 1146 2608 1272 2677; x_wconf 88' lang='lat' dir='ltr'><strong>auxilio</strong></span> <span class='ocrx_word' id='word_1_185' title='bbox 1293 2606 1425 2676; x_wconf 82' lang='lat' dir='ltr'><strong>ritzouis</strong></span> 
     </span>
     <span class='ocr_line' id='line_1_26' title="bbox 292 2705 1491 2799; baseline -0.007 -23"><span class='ocrx_word' id='word_1_186' title='bbox 292 2711 378 2776; x_wconf 92' lang='lat' dir='ltr'><strong>oiroa</strong></span> <span class='ocrx_word' id='word_1_187' title='bbox 405 2715 548 2778; x_wconf 88' lang='lat' dir='ltr'><strong>castrum</strong></span> <span class='ocrx_word' id='word_1_188' title='bbox 575 2708 694 2799; x_wconf 84' lang='lat' dir='ltr'><strong>Pupia,</strong></span> <span class='ocrx_word' id='word_1_189' title='bbox 723 2707 813 2796; x_wconf 87' lang='lat' dir='ltr'><strong>quod</strong></span> <span class='ocrx_word' id='word_1_190' title='bbox 838 2709 947 2777; x_wconf 89' lang='lat' dir='ltr'><strong>adhuc</strong></span> <span class='ocrx_word' id='word_1_191' title='bbox 973 2709 1015 2776; x_wconf 93' lang='lat' dir='ltr'><strong>ab</strong></span> <span class='ocrx_word' id='word_1_192' title='bbox 1041 2705 1230 2776; x_wconf 91' lang='lat' dir='ltr'><strong>homiuibus</strong></span> <span class='ocrx_word' id='word_1_193' title='bbox 1256 2710 1350 2793; x_wconf 84' lang='lat' dir='ltr'><strong>regis</strong></span> <span class='ocrx_word' id='word_1_194' title='bbox 1376 2712 1424 2772; x_wconf 91' lang='lat' dir='ltr'><strong>te·</strong></span> <span class='ocrx_word' id='word_1_195' title='bbox 1490 2755 1491 2768; x_wconf 67' lang='grc'>,</span> 
     </span>
     <span class='ocr_line' id='line_1_27' title="bbox 291 2783 1491 2896; baseline -0.005 -22"><span class='ocrx_word' id='word_1_196' title='bbox 291 2807 450 2896; x_wconf 89' lang='lat' dir='ltr'><strong>uebatur,</strong></span> <span class='ocrx_word' id='word_1_197' title='bbox 486 2807 695 2878; x_wconf 90' lang='lat' dir='ltr'><strong>obsidionem</strong></span> <span class='ocrx_word' id='word_1_198' title='bbox 726 2806 870 2875; x_wconf 89' lang='lat' dir='ltr'><strong>validam</strong></span> <span class='ocrx_word' id='word_1_199' title='bbox 897 2813 1092 2895; x_wconf 89' lang='lat' dir='ltr'><strong>posueruut.</strong></span> <span class='ocrx_word' id='word_1_200' title='bbox 1132 2805 1199 2878; x_wconf 89' lang='lat' dir='ltr'><strong>Sed</strong></span> <span class='ocrx_word' id='word_1_201' title='bbox 1227 2808 1320 2893; x_wconf 85' lang='lat' dir='ltr'><strong>regis</strong></span> <span class='ocrx_word' id='word_1_202' title='bbox 1346 2805 1425 2873; x_wconf 88' lang='lat' dir='ltr'><strong>irlius</strong></span> <span class='ocrx_word' id='word_1_203' title='bbox 1490 2783 1491 2869; x_wconf 80' lang='lat' dir='ltr'><strong>l</strong></span> 
     </span>
     <span class='ocr_line' id='line_1_28' title="bbox 291 2904 1147 2992; baseline 0.004 -19"><span class='ocrx_word' id='word_1_204' title='bbox 291 2906 432 2975; x_wconf 88' lang='lat' dir='ltr'><strong>llarolus</strong></span> <span class='ocrx_word' id='word_1_205' title='bbox 459 2923 527 2974; x_wconf 94' lang='lat' dir='ltr'><strong>nou</strong></span> <span class='ocrx_word' id='word_1_206' title='bbox 552 2904 716 2972; x_wconf 88' lang='lat' dir='ltr'><strong>modinum</strong></span> <span class='ocrx_word' id='word_1_207' title='bbox 744 2907 911 2974; x_wconf 88' lang='lat' dir='ltr'><strong>artabatur</strong></span> <span class='ocrx_word' id='word_1_208' title='bbox 938 2908 1147 2992; x_wconf 81' lang='lat' dir='ltr'><strong>gravissime.</strong></span> 
     </span>
    </p>

    <p class='ocr_par' dir='ltr' id='par_1_11' title="bbox 100 3001 1426 3392">
     <span class='ocr_line' id='line_1_29' title="bbox 100 3001 1425 3093; baseline -0.002 -23"><span class='ocrx_word' id='word_1_209' title='bbox 100 3019 105 3030; x_wconf 92' lang='lat'>·</span> <span class='ocrx_word' id='word_1_210' title='bbox 211 3034 276 3089; x_wconf 81' lang='grc'>3333</span> <span class='ocrx_word' id='word_1_211' title='bbox 364 3001 463 3072; x_wconf 83' lang='lat' dir='ltr'><strong>Auuo</strong></span> <span class='ocrx_word' id='word_1_212' title='bbox 491 3004 614 3072; x_wconf 94' lang='lat' dir='ltr'><strong>domiui</strong></span> <span class='ocrx_word' id='word_1_213' title='bbox 641 3006 871 3074; x_wconf 84' lang='lat' dir='ltr'><strong>mcccxxxii.</strong></span> <span class='ocrx_word' id='word_1_214' title='bbox 898 3023 974 3093; x_wconf 86' lang='lat' dir='ltr'><strong>rex,</strong></span> <span class='ocrx_word' id='word_1_215' title='bbox 1001 3007 1036 3072; x_wconf 91' lang='lat' dir='ltr'><strong>iu</strong></span> <span class='ocrx_word' id='word_1_216' title='bbox 1061 3005 1198 3075; x_wconf 82' lang='lat' dir='ltr'><strong>Francia</strong></span> <span class='ocrx_word' id='word_1_217' title='bbox 1226 3005 1279 3072; x_wconf 93' lang='lat' dir='ltr'><strong>his</strong></span> <span class='ocrx_word' id='word_1_218' title='bbox 1300 3004 1425 3090; x_wconf 85' lang='lat' dir='ltr'><strong>auditis,</strong></span> 
     </span>
     <span class='ocr_line' id='line_1_30' title="bbox 292 3102 1425 3192; baseline -0.003 -23"><span class='ocrx_word' id='word_1_219' title='bbox 292 3121 364 3170; x_wconf 92' lang='lat' dir='ltr'><strong>cum</strong></span> <span class='ocrx_word' id='word_1_220' title='bbox 390 3102 653 3171; x_wconf 89' lang='lat' dir='ltr'><strong>Proviuoialibus</strong></span> <span class='ocrx_word' id='word_1_221' title='bbox 666 3103 885 3191; x_wconf 85' lang='lat' dir='ltr'><strong>Frauoigeuls</strong></span> <span class='ocrx_word' id='word_1_222' title='bbox 905 3109 939 3172; x_wconf 90' lang='lat' dir='ltr'><strong>et</strong></span> <span class='ocrx_word' id='word_1_223' title='bbox 956 3104 1148 3172; x_wconf 81' lang='lat' dir='ltr'><strong>Teutouiois</strong></span> <span class='ocrx_word' id='word_1_224' title='bbox 1168 3105 1302 3192; x_wconf 90' lang='lat' dir='ltr'><strong>Papiam</strong></span> <span class='ocrx_word' id='word_1_225' title='bbox 1329 3103 1425 3171; x_wconf 86' lang='lat' dir='ltr'><strong>veuit.</strong></span> 
     </span>
     <span class='ocr_line' id='line_1_31' title="bbox 291 3196 1424 3293; baseline -0.004 -24"><span class='ocrx_word' id='word_1_226' title='bbox 291 3203 332 3270; x_wconf 83' lang='lat' dir='ltr'><strong>ut</strong></span> <span class='ocrx_word' id='word_1_227' title='bbox 359 3220 433 3269; x_wconf 92' lang='lat' dir='ltr'><strong>oum</strong></span> <span class='ocrx_word' id='word_1_228' title='bbox 459 3196 520 3270; x_wconf 88' lang='lat' dir='ltr'><strong>ab¹</strong></span> <span class='ocrx_word' id='word_1_229' title='bbox 548 3200 723 3270; x_wconf 89' lang='lat' dir='ltr'><strong>obsidione</strong></span> <span class='ocrx_word' id='word_1_230' title='bbox 751 3203 853 3271; x_wconf 89' lang='lat' dir='ltr'><strong>castri</strong></span> <span class='ocrx_word' id='word_1_231' title='bbox 872 3204 1054 3271; x_wconf 88' lang='lat' dir='ltr'><strong>exercitum</strong></span> <span class='ocrx_word' id='word_1_232' title='bbox 1077 3205 1271 3293; x_wconf 85' lang='lat' dir='ltr'><strong>amovisset,</strong></span> <span class='ocrx_word' id='word_1_233' title='bbox 1299 3203 1424 3290; x_wconf 87' lang='lat' dir='ltr'><strong>Papiam</strong></span> 
     </span>
     <span class='ocr_line' id='line_1_32' title="bbox 292 3289 1426 3392; baseline -0.001 -26"><span class='ocrx_word' id='word_1_234' title='bbox 292 3318 360 3367; x_wconf 96' lang='lat' dir='ltr'><strong>uou</strong></span> <span class='ocrx_word' id='word_1_235' title='bbox 392 3300 515 3368; x_wconf 90' lang='lat' dir='ltr'><strong>habero</strong></span> <span class='ocrx_word' id='word_1_236' title='bbox 553 3300 688 3391; x_wconf 82' lang='lat' dir='ltr'><strong>valane,</strong></span> <span class='ocrx_word' id='word_1_237' title='bbox 715 3302 900 3370; x_wconf 88' lang='lat' dir='ltr'><strong>Bononiam</strong></span> <span class='ocrx_word' id='word_1_238' title='bbox 926 3301 1034 3392; x_wconf 85' lang='lat' dir='ltr'><strong>vadit,</strong></span> <span class='ocrx_word' id='word_1_239' title='bbox 1063 3309 1095 3370; x_wconf 91' lang='lat' dir='ltr'><strong>et</strong></span> <span class='ocrx_word' id='word_1_240' title='bbox 1122 3320 1195 3371; x_wconf 91' lang='lat' dir='ltr'><strong>cum</strong></span> <span class='ocrx_word' id='word_1_241' title='bbox 1221 3289 1426 3371; x_wconf 87' lang='lat' dir='ltr'><strong>Berobardo²</strong></span> 
     </span>
    </p>

    <p class='ocr_par' dir='ltr' id='par_1_12' title="bbox 201 3396 1426 4083">
     <span class='ocr_line' id='line_1_33' title="bbox 201 3396 1425 3491; baseline -0.006 -21"><span class='ocrx_word' id='word_1_242' title='bbox 201 3399 405 3484; x_wconf 74' lang='lat' dir='ltr'><strong>uvaulegato</strong></span> <span class='ocrx_word' id='word_1_243' title='bbox 433 3399 599 3468; x_wconf 79' lang='lat' dir='ltr'><strong>cardinale</strong></span> <span class='ocrx_word' id='word_1_244' title='bbox 617 3396 775 3468; x_wconf 86' lang='lat' dir='ltr'><strong>Ostiense</strong></span> <span class='ocrx_word' id='word_1_245' title='bbox 793 3400 919 3468; x_wconf 88' lang='lat' dir='ltr'><strong>iaciens</strong></span> <span class='ocrx_word' id='word_1_246' title='bbox 939 3398 1256 3491; x_wconf 84' lang='lat' dir='ltr'><strong>confederationem,</strong></span> <span class='ocrx_word' id='word_1_247' title='bbox 1285 3401 1425 3468; x_wconf 88' lang='lat' dir='ltr'><strong>Parmam</strong></span> 
     </span>
     <span class='ocr_line' id='line_1_34' title="bbox 292 3495 1425 3588; baseline -0.004 -23"><span class='ocrx_word' id='word_1_248' title='bbox 292 3497 397 3566; x_wconf 89' lang='lat' dir='ltr'><strong>rediit.</strong></span> <span class='ocrx_word' id='word_1_249' title='bbox 424 3498 540 3586; x_wconf 87' lang='lat' dir='ltr'><strong>ibique</strong></span> <span class='ocrx_word' id='word_1_250' title='bbox 558 3504 689 3587; x_wconf 90' lang='lat' dir='ltr'><strong>sumpta</strong></span> <span class='ocrx_word' id='word_1_251' title='bbox 704 3501 848 3587; x_wconf 92' lang='lat' dir='ltr'><strong>peouuia</strong></span> <span class='ocrx_word' id='word_1_252' title='bbox 865 3515 925 3588; x_wconf 91' lang='lat' dir='ltr'><strong>pro</strong></span> <span class='ocrx_word' id='word_1_253' title='bbox 944 3500 1050 3587; x_wconf 92' lang='lat' dir='ltr'><strong>ipsius</strong></span> <span class='ocrx_word' id='word_1_254' title='bbox 1064 3501 1204 3569; x_wconf 88' lang='lat' dir='ltr'><strong>civitatis</strong></span> <span class='ocrx_word' id='word_1_255' title='bbox 1224 3495 1425 3582; x_wconf 88' lang='lat' dir='ltr'><strong>commenda,</strong></span> 
     </span>
     <span class='ocr_line' id='line_1_35' title="bbox 291 3595 1425 3687; baseline 0 -23"><span class='ocrx_word' id='word_1_256' title='bbox 291 3599 441 3666; x_wconf 90' lang='lat' dir='ltr'><strong>sentiens</strong></span> <span class='ocrx_word' id='word_1_257' title='bbox 470 3615 507 3667; x_wconf 91' lang='lat' dir='ltr'><strong>se</strong></span> <span class='ocrx_word' id='word_1_258' title='bbox 534 3598 633 3665; x_wconf 92' lang='lat' dir='ltr'><strong>uiohil</strong></span> <span class='ocrx_word' id='word_1_259' title='bbox 659 3599 693 3665; x_wconf 95' lang='lat' dir='ltr'><strong>iu</strong></span> <span class='ocrx_word' id='word_1_260' title='bbox 719 3599 792 3666; x_wconf 89' lang='lat' dir='ltr'><strong>aliis</strong></span> <span class='ocrx_word' id='word_1_261' title='bbox 818 3599 992 3687; x_wconf 88' lang='lat' dir='ltr'><strong>prolicere,</strong></span> <span class='ocrx_word' id='word_1_262' title='bbox 1020 3617 1094 3666; x_wconf 90' lang='lat' dir='ltr'><strong>curu</strong></span> <span class='ocrx_word' id='word_1_263' title='bbox 1123 3597 1190 3667; x_wconf 91' lang='lat' dir='ltr'><strong>lilio</strong></span> <span class='ocrx_word' id='word_1_264' title='bbox 1213 3600 1246 3667; x_wconf 96' lang='lat' dir='ltr'><strong>iu</strong></span> <span class='ocrx_word' id='word_1_265' title='bbox 1268 3595 1425 3666; x_wconf 88' lang='lat' dir='ltr'><strong>Alaman-</strong></span> 
     </span>
     <span class='ocr_line' id='line_1_36' title="bbox 212 3692 1424 3785; baseline -0.012 -15"><span class='ocrx_word' id='word_1_266' title='bbox 212 3731 270 3770; x_wconf 63' lang='grc' dir='ltr'><strong>ουτ.</strong></span> <span class='ocrx_word' id='word_1_267' title='bbox 290 3698 377 3765; x_wconf 90' lang='lat' dir='ltr'><strong>uiam</strong></span> <span class='ocrx_word' id='word_1_268' title='bbox 404 3699 590 3785; x_wconf 89' lang='lat' dir='ltr'><strong>revertitur,</strong></span> <span class='ocrx_word' id='word_1_269' title='bbox 618 3698 790 3764; x_wconf 92' lang='lat' dir='ltr'><strong>transitum</strong></span> <span class='ocrx_word' id='word_1_270' title='bbox 816 3697 943 3766; x_wconf 87' lang='lat' dir='ltr'><strong>iaciens</strong></span> <span class='ocrx_word' id='word_1_271' title='bbox 963 3715 1024 3785; x_wconf 91' lang='lat' dir='ltr'><strong>per</strong></span> <span class='ocrx_word' id='word_1_272' title='bbox 1046 3696 1223 3785; x_wconf 87' lang='lat' dir='ltr'><strong>Veronam,</strong></span> <span class='ocrx_word' id='word_1_273' title='bbox 1251 3714 1348 3784; x_wconf 90' lang='lat' dir='ltr'><strong>quem</strong></span> <span class='ocrx_word' id='word_1_274' title='bbox 1365 3692 1424 3762; x_wconf 90' lang='lat' dir='ltr'><strong>sibi</strong></span> 
     </span>
     <span class='ocr_line' id='line_1_37' title="bbox 290 3791 1426 3876; baseline -0.003 -14"><span class='ocrx_word' id='word_1_275' title='bbox 290 3795 507 3866; x_wconf 88' lang='lat' dir='ltr'><strong>Veronenses</strong></span> <span class='ocrx_word' id='word_1_276' title='bbox 540 3795 690 3863; x_wconf 87' lang='lat' dir='ltr'><strong>hilariter</strong></span> <span class='ocrx_word' id='word_1_277' title='bbox 725 3802 976 3866; x_wconf 90' lang='lat' dir='ltr'><strong>concesseruut.</strong></span> <span class='ocrx_word' id='word_1_278' title='bbox 1020 3793 1094 3876; x_wconf 84' lang='lat' dir='ltr'><strong>Quo</strong></span> <span class='ocrx_word' id='word_1_279' title='bbox 1122 3813 1258 3865; x_wconf 91' lang='lat' dir='ltr'><strong>reverso</strong></span> <span class='ocrx_word' id='word_1_280' title='bbox 1285 3797 1318 3862; x_wconf 95' lang='lat' dir='ltr'><strong>iu</strong></span> <span class='ocrx_word' id='word_1_281' title='bbox 1343 3791 1426 3862; x_wconf 86' lang='lat' dir='ltr'><strong>Alo-</strong></span> 
     </span>
     <span class='ocr_line' id='line_1_38' title="bbox 289 3887 1424 3986; baseline -0.006 -24"><span class='ocrx_word' id='word_1_282' title='bbox 289 3897 465 3986; x_wconf 90' lang='lat' dir='ltr'><strong>mauuiam,</strong></span> <span class='ocrx_word' id='word_1_283' title='bbox 493 3895 640 3962; x_wconf 90' lang='lat' dir='ltr'><strong>instabat</strong></span> <span class='ocrx_word' id='word_1_284' title='bbox 667 3900 817 3986; x_wconf 89' lang='lat' dir='ltr'><strong>tempus,</strong></span> <span class='ocrx_word' id='word_1_285' title='bbox 844 3900 880 3963; x_wconf 92' lang='lat' dir='ltr'><strong>ut</strong></span> <span class='ocrx_word' id='word_1_286' title='bbox 906 3895 1026 3983; x_wconf 91' lang='lat' dir='ltr'><strong>captivi</strong></span> <span class='ocrx_word' id='word_1_287' title='bbox 1052 3895 1191 3964; x_wconf 90' lang='lat' dir='ltr'><strong>Bohemi</strong></span> <span class='ocrx_word' id='word_1_288' title='bbox 1217 3893 1359 3962; x_wconf 89' lang='lat' dir='ltr'><strong>redirent</strong></span> <span class='ocrx_word' id='word_1_289' title='bbox 1385 3887 1424 3957; x_wconf 93' lang='lat' dir='ltr'><strong>ad</strong></span> 
     </span>
     <span class='ocr_line' id='line_1_39' title="bbox 288 3989 1426 4083; baseline -0.006 -22"><span class='ocrx_word' id='word_1_290' title='bbox 288 3994 398 4062; x_wconf 87' lang='lat' dir='ltr'><strong>locum</strong></span> <span class='ocrx_word' id='word_1_291' title='bbox 433 3993 623 4062; x_wconf 90' lang='lat' dir='ltr'><strong>condictum</strong></span> <span class='ocrx_word' id='word_1_292' title='bbox 658 3995 751 4061; x_wconf 84' lang='lat' dir='ltr'><strong>iuxta</strong></span> <span class='ocrx_word' id='word_1_293' title='bbox 784 4001 892 4083; x_wconf 87' lang='lat' dir='ltr'><strong>pacta.</strong></span> <span class='ocrx_word' id='word_1_294' title='bbox 935 3993 1177 4062; x_wconf 92' lang='lat' dir='ltr'><strong>Niohilomiuus</strong></span> <span class='ocrx_word' id='word_1_295' title='bbox 1204 3994 1337 4060; x_wconf 86' lang='lat' dir='ltr'><strong>mittitur</strong></span> <span class='ocrx_word' id='word_1_296' title='bbox 1365 3989 1426 4057; x_wconf 88' lang='lat' dir='ltr'><strong>lilia</strong></span> 
     </span>
    </p>
   </div>
   <div class='ocr_carea' id='block_1_3' title="bbox 292 4121 1424 4263">
    <p class='ocr_par' dir='ltr' id='par_1_13' title="bbox 292 4121 1424 4263">
     <span class='ocr_line' id='line_1_40' title="bbox 323 4121 1424 4194; baseline -0.005 -17"><span class='ocrx_word' id='word_1_297' title='bbox 323 4126 353 4188; x_wconf 82' lang='lat'><strong>1)</strong></span> <span class='ocrx_word' id='word_1_298' title='bbox 372 4139 429 4178; x_wconf 90' lang='lat' dir='ltr'><strong>cum</strong></span> <span class='ocrx_word' id='word_1_299' title='bbox 452 4125 484 4178; x_wconf 84' lang='lat' dir='ltr'><strong>ab</strong></span> <span class='ocrx_word' id='word_1_300' title='bbox 509 4127 634 4194; x_wconf 78' lang='lat' dir='ltr'><strong>ergiiuzte</strong></span> <span class='ocrx_word' id='word_1_301' title='bbox 657 4125 699 4180; x_wconf 89' lang='lat' dir='ltr'><strong>ich</strong></span> <span class='ocrx_word' id='word_1_302' title='bbox 717 4127 784 4181; x_wconf 86' lang='lat' dir='ltr'><strong>uach</strong></span> <span class='ocrx_word' id='word_1_303' title='bbox 802 4127 902 4187; x_wconf 80' lang='lat' dir='ltr'><strong>Peneus</strong></span> <span class='ocrx_word' id='word_1_304' title='bbox 921 4125 1064 4194; x_wconf 81' lang='lat' dir='ltr'><strong>vorsoblag.</strong></span> <span class='ocrx_word' id='word_1_305' title='bbox 1118 4127 1149 4194; x_wconf 82' lang='lat'><strong>2)</strong></span> <span class='ocrx_word' id='word_1_306' title='bbox 1168 4125 1363 4182; x_wconf 82' lang='lat' dir='ltr'><strong>bertrandum</strong></span> <span class='ocrx_word' id='word_1_307' title='bbox 1382 4121 1424 4175; x_wconf 90' lang='lat' dir='ltr'><strong>der</strong></span> 
     </span>
     <span class='ocr_line' id='line_1_41' title="bbox 292 4194 698 4263; baseline 0.007 -18"><span class='ocrx_word' id='word_1_308' title='bbox 292 4205 386 4246; x_wconf 87' lang='lat' dir='ltr'><strong>namen</strong></span> <span class='ocrx_word' id='word_1_309' title='bbox 405 4194 452 4246; x_wconf 92' lang='lat' dir='ltr'><strong>des</strong></span> <span class='ocrx_word' id='word_1_310' title='bbox 470 4195 698 4263; x_wconf 76' lang='lat' dir='ltr'><strong>cardiuellegatan.</strong></span> 
     </span>
    </p>
   </div>
   <div class='ocr_carea' id='block_1_4' title="bbox 1475 4707 1486 4843">
    <p class='ocr_par' dir='ltr' id='par_1_14' title="bbox 1475 4707 1486 4843">
     <span class='ocr_line' id='line_1_42' title="bbox 1475 4707 1486 4843; baseline 0 0"><span class='ocrx_word' id='word_1_311' title='bbox 1475 4707 1486 4843; x_wconf 92' lang='lat' dir='ltr'><strong>l</strong></span> 
     </span>
    </p>
   </div>
   <div class='ocr_carea' id='block_1_5' title="bbox 0 0 1523 4878">
    <p class='ocr_par' dir='ltr' id='par_1_15' title="bbox 0 0 1523 4878">
     <span class='ocr_line' id='line_1_43' title="bbox 0 0 1523 4878; baseline 0 0"><span class='ocrx_word' id='word_1_312' title='bbox 0 0 1523 4878; x_wconf 95' lang='lat' dir='ltr'><strong> </strong></span> 
     </span>
    </p>
   </div>
  </div>
 </body>
</html>
