3096 4882
271 175 343 246 200
606 205 708 251 111111
729 203 864 250 rouwras
885 202 939 247 uas
960 202 1075 248 aarunu.

270 348 317 416 tui
336 344 437 415 debiti
458 343 611 412 adiutorii
633 344 867 431 commisimus,
895 348 929 410 et
946 360 1006 430 pro
1023 341 1222 410 defensione
1244 341 1348 430 ipsius
1368 348 1400 411 et

269 436 461 513 insularum1
479 442 692 532 imperialium
715 443 942 530 assumptione
956 443 1148 510 intravimus
1160 440 1398 509 Lombardiam.

270 543 352 613 Cum
386 561 468 630 ergo
502 543 640 628 largitor
675 542 818 610 omnium
853 542 1050 629 gratiarum,
1078 542 1134 628 qui
1161 557 1219 608 cor
1243 545 1400 629 nostrum,

271 642 363 732 quod
380 644 414 709 in
430 660 531 710 manu
555 643 627 709 eius
644 646 706 730 est,
733 639 905 707 altitudine
922 640 1043 707 occulti
1066 641 1117 709 sui
1136 640 1268 708 consilii
1289 645 1400 708 eontra

272 743 543 811 deliberationem
568 746 715 809 nostram
742 738 784 806 ad
809 737 1024 827 procedentia
1049 739 1083 806 in
1106 740 1279 827 premissis
1306 738 1401 806 salu-

163 903 164 907 ,
270 843 362 910 brius
388 841 570 930 inclinavit,
598 840 746 928 auspicia
765 844 798 906 et
814 855 993 906 successus
1019 840 1175 927 propinet
1199 839 1401 926 inopinatos,

273 946 307 1010 et
332 940 418 1008 ultra
452 940 595 1006 humane
626 938 789 1027 sapientie
815 936 1057 1025 providentiam
1083 954 1264 1025 prosperos
1292 943 1325 1004 et
1350 936 1404 1004 ie·

269 1039 373 1129 lices,
400 1041 446 1106 ita
473 1037 563 1125 quod
589 1038 692 1123 louge
719 1036 832 1125 plures
860 1037 1009 1104 civitates
1037 1042 1071 1103 et
1096 1044 1207 1104 castra
1233 1054 1306 1103 cum
1334 1036 1402 1103 suis

270 1137 530 1223 habitatoribus,
565 1154 663 1223 quam
698 1135 808 1205 divine
840 1136 997 1202 memorie
1023 1133 1188 1203 chricus
1214 1137 1401 1225 imperator,

269 1237 492 1326 predecessor
518 1242 643 1325 noster,
671 1235 795 1324 habuit,
823 1234 919 1302 uobis
947 1233 1115 1302 fidelitatis
1143 1235 1299 1320 homagia
1320 1251 1402 1323 pre-

271 1337 431 1426 stiterint,
467 1340 501 1403 et
526 1333 617 1422 quod
643 1340 735 1401 tanta
768 1338 821 1401 est
846 1333 943 1401 nobis
974 1351 1051 1420 pars
1078 1335 1113 1400 in
1138 1332 1219 1401 urbe
1245 1331 1404 1423 Romana,

271 1433 361 1522 quod
379 1434 475 1522 quasi
493 1451 552 1522 prc
571 1440 661 1502 certo
679 1432 855 1522 credimus,
883 1430 974 1519 quod
993 1433 1027 1499 in
1052 1433 1270 1500 coronatione
1290 1437 1406 1501 nostra

269 1533 429 1623 imperiali
460 1535 494 1600 in
520 1534 594 1622 ipsa
626 1532 706 1600 urbe
733 1530 970 1600 nuilusnobis
997 1532 1107 1619 possit
1132 1531 1345 1600 difficultates
1372 1536 1405 1598 et

269 1632 505 1721 impedimenta
523 1649 712 1720 procurare.
756 1629 864 1711 Quare
884 1631 1108 1698 sinceritatem
1134 1635 1168 1698 et
1194 1629 1293 1698 iidem
1317 1638 1406 1698 tuam

270 1731 332 1799 sub
366 1731 479 1801 debito
515 1749 581 1818 quo
616 1730 713 1798 nobis
749 1735 782 1797 at
814 1729 881 1796 ldie
916 1734 972 1796 tue
1006 1730 1075 1796 iure
1109 1731 1233 1798 teneris
1264 1729 1406 1797 naturali

267 1833 389 1918 pariter
415 1837 450 1898 et
475 1831 571 1919 civili,
598 1831 632 1897 in
659 1829 772 1918 specie
791 1833 824 1895 et
849 1828 883 1894 iu
909 1845 1046 1918 genere,
1074 1846 1114 1896 ac
1140 1846 1236 1896 sacro
1263 1829 1404 1917 imperio

269 1931 363 1997 cuius
379 1935 412 1996 te
430 1928 609 1996 membrum
625 1930 778 1996 novimus
797 1927 989 2017 principale,
1015 1928 1227 2016 presentibus
1246 1926 1404 1995 obtesta-

266 2045 349 2117 mur,
375 2029 582 2116 requirentes
610 2029 698 2096 omui
723 2027 883 2095 instantia
907 2031 941 2093 et
966 2032 1135 2117 rogantes,
1165 2029 1319 2115 quatinus
1349 2029 1404 2096 in-

199 2185 203 2197 .
269 2125 370 2194 dilate
388 2131 420 2194 te
444 2129 533 2194 omni
557 2125 749 2194 fortitudine
775 2130 808 2192 et
831 2127 982 2214 potentia
1007 2144 1074 2213 qua
1098 2126 1213 2194 valeas
1230 2143 1343 2217 pares,
1373 2129 1406 2192 et

269 2223 312 2292 ad
337 2225 520 2313 parandum
546 2242 663 2293 omncs
690 2225 814 2292 amicos
847 2222 964 2291 fideles
992 2229 1025 2291 et
1050 2224 1204 2292 subditos
1231 2243 1320 2292 nunc
1348 2226 1404 2293 in-

269 2322 384 2415 ducas,
410 2329 446 2392 ut
472 2325 672 2393 continuatis
699 2323 913 2411 processibus
941 2321 983 2390 ad
1000 2341 1064 2390 nos
1092 2324 1255 2392 accedere
1282 2323 1405 2392 valea-

269 2425 322 2512 tis,
348 2426 512 2513 recepturi
536 2424 665 2513 palmas
690 2422 871 2511 imperialis
902 2423 1063 2513 triumphi,
1092 2441 1175 2511 quas
1203 2424 1276 2490 sine
1304 2427 1340 2492 te
1368 2440 1407 2491 ao

269 2524 335 2590 tuis
369 2524 481 2592 amicis
509 2541 628 2612 capere
658 2520 902 2611 quodammodo
928 2538 992 2588 uos
1019 2521 1165 2613 tederet,
1191 2540 1235 2590 ue
1262 2541 1282 2590 a
1308 2527 1405 2591 tanto

212 2627 213 2630 ’
269 2623 433 2711 principio
461 2622 682 2691 excludamini
709 2620 839 2690 desidia
864 2620 1010 2707 aliquali.
1053 2620 1160 2707 Surge
1186 2627 1322 2707 ergoet
1351 2641 1408 2690 ar-

270 2722 332 2789 mis
365 2723 514 2809 potentie
547 2729 603 2790 tue
630 2713 686 2789 le2
712 2718 893 2808 circumda,
929 2726 963 2786 et
988 2719 1061 2787 aliis
1089 2720 1240 2788 omnibus
1266 2727 1408 2808 poster-

271 2822 359 2904 gatis
387 2838 548 2909 recupera
573 2821 763 2909 imperium,
791 2818 902 2887 exalta
928 2835 1085 2903 generum
1112 2825 1145 2887 et
1167 2818 1284 2908 liliam,
1314 2825 1349 2887 te
1377 2825 1411 2888 et

169 2961 171 2964 -
273 2917 405 2986 domum
439 2925 528 2986 tuam
560 2919 593 2984 in
620 2925 832 3008 perpetuum,
860 2922 893 2984 et
919 2918 1018 3004 quasi
1045 2918 1129 2985 alter
1155 2920 1219 2986 eris
1245 2920 1410 2986 veraciter

272 3017 460 3103 imperator.
503 3016 681 3085 Pecuniam
706 3035 775 3086 non
801 3024 908 3105 petas,
935 3017 999 3083 imo
1022 3018 1133 3105 recipe
1151 3036 1210 3106 per
1230 3023 1261 3085 tc
1277 3018 1407 3106 ipsum;

272 3132 388 3182 manus
421 3115 645 3184 misericordie
670 3116 734 3185 Dei
760 3115 857 3184 nobis
884 3119 998 3202 aperte
1026 3121 1117 3203 suut,
1146 3122 1236 3184 astra
1261 3116 1408 3185 arridere

272 3211 404 3304 iubent,
440 3213 605 3282 fortunam
639 3214 877 3304 patefecerunt.
923 3211 999 3280 Non
1026 3216 1236 3301 negligamus
1262 3215 1338 3305 illa,
1366 3231 1409 3283 ne

271 3317 387 3380 nostra
418 3312 655 3399 ingratitudine
683 3332 723 3382 ac
749 3315 882 3401 pigritia
913 3310 1087 3397 indignata
1114 3317 1198 3383 seris
1225 3312 1409 3382 difficulta-

272 3409 361 3478 tibus
388 3409 544 3480 claudant
569 3415 694 3498 gratias
721 3413 941 3501 supradictas.
981 3411 1052 3480 Nos
1073 3414 1160 3480 enim
1180 3413 1279 3482 etiam
1296 3430 1409 3501 usque

272 3508 315 3579 ad
349 3510 548 3596 sanguinem
580 3513 613 3577 in
647 3513 818 3602 premissis
852 3511 959 3600 parati
991 3529 1105 3579 sumus
1135 3530 1198 3580 uos
1226 3529 1408 3600 exponere,

274 3614 308 3677 et
343 3611 429 3676 sicut
462 3611 586 3677 amicus
624 3628 661 3680 es
694 3613 846 3679 novimus
882 3609 973 3697 quod
1005 3611 1092 3678 nolis
1127 3630 1189 3680 nos
1218 3611 1349 3698 absque
1376 3617 1409 3678 te

272 3707 456 3798 procedere
472 3709 506 3775 in
526 3707 664 3778 eisdem.
708 3709 829 3778 Datum
847 3707 968 3800 cumis,
993 3709 1041 3777 iiii
1067 3709 1141 3778 idus
1164 3711 1288 3801 apulie,
1316 3726 1408 3778 aurio

270 3809 367 3893 regni
394 3809 500 3876 nostri
525 3809 593 3876 xiii.

307 3997 337 4063 l]
356 3997 391 4052 So
411 3999 567 4056 verbessere
584 3999 624 4055 ich
642 4001 790 4056 insularum.
825 3999 857 4065 2]
877 4004 902 4053 le
921 3999 983 4054 lehlt
1001 3998 1042 4054 bei
1060 3997 1212 4053 lluttbaaus.
