3044 4882
273 182 342 248 306
597 209 738 257 tonsurus
759 211 964 257 rreronrnusrs.
1000 210 1024 278 2,
1043 210 1066 261 2.

271 348 351 433 quid
369 347 472 429 fincte
495 346 651 432 reseram,
676 349 823 417 edicatis.
877 347 939 430 Qui
974 353 1035 421 ait:
1070 349 1146 416 Noa
1178 347 1279 432 mord,
1312 365 1413 433 qaam

272 448 421 516 audistis.
460 447 501 515 Et
526 464 683 514 reversus
711 447 753 515 ad
780 465 911 537 regem,
949 455 1166 538 exspeotatus
1202 449 1289 516 siout
1323 465 1414 535 aqua
1520 455 1521 524 ξ

272 544 393 632 frigida
426 546 534 612 anime
574 546 716 635 sitienti,
756 564 821 632 que
857 555 1012 632 gesserat
1046 554 1080 616 et
1115 543 1196 634 quid
1231 542 1413 613 Ottakarus
1520 541 1521 606 l

273 643 501 733 responderit,
542 647 714 714 enarravit.
765 645 995 715 Dissimulavit
1030 665 1108 735 rex,
1143 646 1296 730 cogitans
1329 642 1414 711 illud
1520 707 1521 716 ,

274 743 535 812 Salomonioum:
561 744 733 832 „Tempus
759 743 931 834 loquendi,
948 751 1079 834 tempus
1107 743 1251 834 tacendi,
1278 750 1413 832 tempus

273 841 363 933 belli,
392 848 522 928 tempus
548 839 677 929 pacis“.
710 842 752 910 Et
778 844 865 911 siout
890 842 1086 912 Prudentius
1113 844 1176 910 ait:

370 940 522 1032 „lllagna
549 940 681 1031 cadunt,
708 940 822 1010 inllato
847 950 993 1033 crepant,
1020 940 1198 1010 tumefacta
1212 946 1415 1029 premuntur.

396 1037 570 1107 Scandunt
595 1040 689 1108 celso
714 1039 867 1133 humiles,
894 1041 1067 1111 truduntur
1093 1041 1137 1109 ad
1161 1043 1226 1108 ima
1245 1035 1416 1109 seroces.“

269 1219 322 1288 lte
347 1219 486 1288 concilio
511 1219 728 1306 Lugdunensi,
755 1222 921 1308 colloquio
941 1241 1033 1309 pope
1066 1225 1100 1289 ct
1129 1221 1217 1308 repis
1241 1219 1416 1288 Romano-

367 1335 448 1400 mm,
474 1335 517 1384 ac
539 1317 746 1405 profectione
772 1322 916 1389 ciusdem
940 1322 975 1389 ta
1000 1321 1176 1390 Aestatem.
1259 1321 1340 1405 Cap.
1364 1320 1414 1386 ea.

190 1457 256 1510 laic
343 1441 443 1514 Anno
485 1445 609 1515 domini
651 1447 853 1517 m.co.lxx.iv.
886 1467 975 1538 papa
1008 1449 1100 1516 venit
1133 1446 1332 1534 Lugdunum
1365 1445 1415 1514 ad

270 1546 446 1612 concilium
473 1544 719 1636 celebrandum,
748 1565 812 1635 quo
840 1553 892 1616 est
916 1565 1038 1634 magna
1064 1547 1179 1615 civitas
1198 1565 1298 1634 super
1313 1544 1415 1614 Rbo-

269 1641 410 1734 danum,
448 1644 525 1713 olim
567 1644 609 1713 de
649 1664 755 1732 regno
796 1643 987 1714 Arelatensi
1031 1653 1064 1714 et
1104 1645 1242 1713 Romani
1282 1646 1415 1733 imperii
1520 1673 1521 1716 r

266 1741 406 1833 ditione,
435 1743 477 1811 ad
503 1742 594 1830 quod
619 1749 685 1811 tam
713 1743 754 1812 de
783 1745 911 1834 Greeia,
940 1763 1038 1832 qnam
1064 1743 1106 1813 de
1133 1744 1274 1812 diversis
1294 1743 1414 1811 mundi

268 1842 416 1930 partibus
442 1843 643 1930 prelatorum
669 1843 811 1911 maxima
836 1845 994 1912 eonvenit
1020 1841 1205 1912 multitudo.
1245 1841 1416 1928 Religiosi
1520 1869 1521 1900 s

267 1941 368 2008 etiarn
395 1940 437 2008 de
465 1941 580 2009 ordine
606 1939 868 2011 Mendieantium
896 1942 1043 2028 sugillati
1072 1961 1174 2031 super
1199 1943 1267 2010 suis
1295 1947 1414 2008 statu-

266 2040 311 2105 tis
339 2045 373 2107 et
398 2045 477 2107 voto
502 2033 745 2127 professionis1
771 2059 790 2108 a
817 2040 962 2128 quodum
986 2041 1182 2109 Guilhelmo
1201 2041 1410 2108 Brittanniae

268 2141 379 2224 gentis
407 2137 632 2206 subtilissimis
659 2141 876 2231 argumentis,
904 2139 946 2208 ad
973 2139 1191 2209 dissolvenda
1216 2139 1279 2208 hec
1304 2157 1413 2227 repa—

268 2237 348 2322 gula
373 2238 484 2324 magni
510 2239 660 2326 preoipui
686 2237 888 2308 oonlluxere.
945 2239 1019 2308 Fuit
1049 2239 1095 2306 ibi
1119 2237 1276 2308 Albertus
1303 2237 1414 2324 Mag-

266 2329 353 2404 nus²
377 2335 633 2424 llatisponensis
660 2339 842 2426 episcopus
881 2355 982 2426 supra
1019 2338 1138 2428 dictus,
1176 2339 1232 2425 qui
1266 2338 1413 2427 episco-

265 2441 345 2524 patu
380 2435 551 2522 resignato
595 2435 733 2505 Colonie
771 2437 961 2526 requiescit.
1017 2437 1142 2505 Beatus
1183 2436 1327 2504 Thomas
1362 2435 1410 2505 de

265 2531 410 2624 Aquino,
439 2535 569 2604 auditor
594 2535 760 2622 quondam
787 2536 927 2625 predicti
953 2532 1090 2625 Alberti,
1118 2537 1151 2603 in
1177 2536 1231 2604 via
1257 2537 1410 2621 graviter

265 2634 447 2702 infirmatus
473 2636 507 2701 in
534 2632 633 2704 domo
662 2635 894 2703 cisterciensis
922 2633 1058 2725 ordinis,
1087 2651 1151 2722 que
1176 2634 1283 2702 Fossa
1309 2633 1411 2703 Nova
1520 2641 1521 2678 l

265 2732 395 2821 dicitur,
422 2732 654 2802 decumbebat.
693 2731 798 2813 Quam
825 2734 902 2802 dum
928 2733 1094 2802 accedens
1129 2735 1294 2821 aspiceret
1301 2769 1323 2821 ,·
1348 2733 1410 2801 tu·-

265 2833 330 2899 turi
355 2831 509 2918 pressius
536 2833 597 2898 ait:
624 2831 694 2900 Hcc
718 2835 849 2918 repedas
874 2849 950 2900 mcc
982 2836 1017 2900 ta
1049 2830 1413 2912 secrctamsecretam
1520 2895 1521 2898 ,

264 2928 430 3013 lanceae,
456 2931 609 3014 quamam
634 2931 718 3016 elegi
742 2947 824 2998 cam.
876 2931 973 3001 Pater
999 2933 1097 3000 etiam
1130 2932 1323 3000 monasterii
1348 2933 1410 3000 vi-

265 3027 313 3094 dit
340 3027 457 3096 eadem
483 3028 565 3096 hora
592 3028 720 3096 stellam
747 3029 985 3100 lucidissimam
1012 3035 1088 3098 ante
1111 3048 1199 3098 aram
1221 3029 1321 3098 beate
1337 3033 1410 3099 vir-

264 3128 354 3212 ginis
382 3145 419 3194 se
445 3129 638 3218 mittentem,
674 3133 708 3196 et
740 3145 817 3197 mox
853 3131 1011 3219 conieoit,
1048 3129 1137 3217 quod
1170 3131 1220 3198 vir
1254 3135 1409 3221 sanotuS,

264 3227 323 3312 uui
349 3229 416 3293 vite
443 3232 477 3292 et
503 3226 651 3296 doctrine
679 3227 826 3296 claritate
853 3230 1031 3298 eeclesiam
1050 3228 1262 3318 illustrasset,
1282 3227 1409 3297 ibidem

264 3330 358 3393 esset
387 3326 472 3392 siout
497 3325 649 3413 probavit
675 3328 784 3395 exitus
808 3319 1042 3416 pausaturust.
1080 3327 1131 3395 De
1153 3318 1247 3394 eliis*
1273 3326 1409 3396 ordini-

264 3423 327 3492 bus
351 3423 396 3490 ibi
421 3423 650 3492 honestissimi
673 3424 813 3515 luerunt,
840 3429 896 3513 oui
918 3427 1130 3495 adversarios
1156 3424 1407 3495 contundentes

266 3539 347 3590 suas
365 3528 477 3610 partes
494 3523 697 3592 validissime
716 3525 946 3594 detonderunt.
983 3524 1170 3593 Patriorobe
1195 3531 1229 3592 et
1249 3526 1407 3615 episcopi

262 3621 360 3690 “Greci
395 3639 433 3690 se
468 3620 633 3691 redituros
667 3622 709 3691 ad
742 3619 902 3692 unitatem
932 3624 1078 3692 ecclesio
1102 3623 1343 3714 promiserunt,
1369 3630 1409 3694 ‘et

182 3737 183 3740 ’
265 3721 413 3810 spiritum
440 3727 591 3790 sonetum
609 3727 738 3808 epatre
765 3731 799 3791 et
825 3723 891 3792 silio
917 3722 1100 3812 procedere
1126 3739 1215 3791 novo
1243 3721 1402 3811 symbolo

298 3882 484 3948 iporeiam
512 3888 602 3938 ersten
626 3881 699 3950 sylbe
727 3883 814 3938 disses
840 3893 937 3940 prostes
966 3885 1048 3939 endet
1075 3884 1116 3938 die
1140 3883 1216 3937 liiolre
1239 3885 1268 3938 in
1295 3884 1343 3939 dor
1365 3885 1407 3940 bs

263 3951 295 4014 2)
313 3958 400 4005 zuorst
416 3951 491 4006 stood
510 3952 618 4018 Magnus
636 3953 670 4006 de
688 3953 780 4006 ordine
798 3952 992 4009 Predioatorurn
1009 3952 1359 4023 episcopusllatisponensis
1376 3954 1407 4008 in

263 4018 425 4074 taumatibus
443 4020 598 4086 theologicis
616 4026 643 4074 ct
660 4019 764 4090 pbisicis
782 4022 904 4076 eruditas.
921 4023 1016 4077 Beatum
1035 4021 1145 4075 Thomas
1163 4027 1213 4073 etc.
1249 4020 1282 4086 3)
1297 4021 1407 4076 Zasatz:

262 4084 338 4141 Unde
357 4095 384 4140 et
399 4089 426 4141 in
446 4095 553 4157 pectore
571 4090 628 4143 eius
653 4088 731 4142 stella
749 4088 843 4144 dillnsa
861 4092 941 4145 comis
958 4089 1032 4144 nitidi
1052 4091 1122 4157 pingi
1140 4088 1216 4142 solet.
1254 4087 1332 4143 nnus
1349 4092 1407 4144 lra-

261 4159 304 4287 {3
312 4157 501 4276 leonorsntura
519 4155 553 4210 de
572 4197 702 4212 ......
721 4159 762 4210 vir
785 4159 940 4228 religiosus,
963 4160 1097 4213 literarum
1120 4157 1231 4211 seientia
1256 4156 1404 4212 decoratas

333 4228 420 4277 usotz:
440 4238 549 4292 quoque.
