3052 4878
407 237 522 284 nrconnr
544 239 588 286 11.
610 237 751 285 aornour.
773 237 907 286 11111111.
1155 209 1224 280 107

91 374 258 445 Iohannes
294 378 454 463 magister
477 377 512 445 in
538 375 710 462 theologia
741 374 784 444 de
809 375 895 444 Pisis
931 375 1129 446 reoederont
1153 394 1229 446 oum
1245 387 1312 449 1312

92 474 190 563 plena
214 478 385 563 potestate
412 481 446 544 et
470 477 669 544 auctoritate
688 473 882 564 portioiendi
905 479 941 544 et
958 473 1147 564 eomplendi
1162 495 1229 565 pa·

93 572 252 642 rentelam
267 575 353 642 inter
371 573 451 643 dieti
476 574 567 660 regis
592 572 727 642 Roberti
754 573 855 642 tilium
877 578 912 642 et
929 573 1029 644 filiam
1046 575 1138 660 regis
1154 573 1228 643 Ro-

92 689 272 741 manorum.
305 674 399 742 Turro
412 672 473 741 suit
490 671 690 760 quibusdam
704 673 824 764 visum,
843 673 933 760 quod
950 672 1016 741 duo
1037 672 1230 742 sustinerent

92 770 134 839 ad
158 770 312 860 prediota
336 771 498 863 iaoionda,
526 776 559 839 et
576 770 668 859 quod
688 770 843 840 dominus
867 771 1083 860 Pandulpbus
1106 777 1140 840 et
1161 790 1228 859 ego

93 871 214 939 benus
232 869 274 938 ad
291 871 406 940 urbem
422 871 465 940 ad
480 869 629 940 tolienda
649 871 760 939 omnia
777 869 1022 961 impedimenta,
1050 888 1116 958 que
1140 888 1229 960 pos-

92 973 169 1038 sent
204 986 282 1038 esse
308 971 343 1038 in
368 971 563 1060 reoeptione
596 969 742 1038 ioounda
766 971 994 1038 ooronationis
1021 968 1101 1038 dieti
1126 970 1245 1056 regis,

91 1067 210 1136 Visum
235 1069 334 1137 etiam
360 1068 431 1160 tuit,
458 1067 550 1158 quod
574 1067 733 1158 predictis
757 1066 891 1138 duobus
918 1068 1010 1138 tratri
1028 1067 1169 1138 Iohanni
1195 1073 1231 1138 et

91 1169 253 1253 magistro
285 1167 426 1236 Iohanni
451 1167 585 1236 daretur
611 1167 831 1258 ambassiata,
867 1169 952 1236 siout
977 1173 1011 1237 et
1042 1167 1159 1260 nobis,
1186 1166 1230 1238 ad

91 1265 467 1359 dominumlohaonem,
494 1266 628 1335 tratrem
652 1269 744 1354 regis
765 1264 910 1357 Roberti,
938 1272 972 1336 et
986 1266 1030 1335 ad
1046 1265 1228 1358 Romanos,

91 1371 126 1434 et
141 1364 234 1452 quod
251 1372 454 1454 ponerentur
469 1367 504 1433 in
519 1365 638 1436 littera
672 1367 806 1450 Faetum
822 1373 875 1434 est
891 1366 951 1436 sio.
989 1365 1092 1436 Simul
1108 1367 1229 1434 ivimus

89 1465 176 1533 satis
201 1463 414 1556 festinanter,
443 1465 592 1533 seientes
619 1464 709 1553 quod
733 1464 886 1533 dominus
913 1483 972 1532 rex
998 1483 1068 1534 non
1092 1465 1229 1534 multum

88 1561 239 1634 tardaret
263 1569 341 1652 post
364 1582 438 1656 nos,
464 1581 531 1632 neo
556 1565 654 1632 etiam
681 1563 806 1633 domini
833 1561 1031 1632 cardinales.

168 1660 376 1730 continuatis
395 1663 505 1749 dietis,
523 1661 577 1730 die
596 1662 763 1733 dominioa
784 1667 862 1730 ante
880 1660 1001 1730 testum
1017 1659 1228 1730 aseensionis
1246 1680 1306 1753 111.

87 1760 225 1829 Domini
235 1763 386 1830 venimus
395 1760 541 1831 Romam.
550 1760 674 1831 Litoris
689 1761 858 1832 erodentia
867 1760 1002 1830 domino
1013 1758 1153 1828 Iohanni
1164 1757 1229 1828 da·
1263 1735 1298 1792 ³⁰

89 1862 144 1951 tis,
169 1860 455 1950 respondit‘nobis
475 1860 630 1952 breviter,
658 1860 750 1949 quod
770 1860 803 1926 in
829 1861 1008 1928 erastinum
1028 1860 1228 1948 veniremus

87 1960 166 2048 ipse
183 1977 244 2047 pro
260 1977 324 2029 suo
342 1959 494 2050 oonsilio,
522 1959 613 2046 quod
637 1965 708 2028 erat
723 1962 758 2029 in
776 1960 901 2048 oampis
928 1964 1005 2028 ante
1022 1964 1160 2047 pontem
1187 1955 1229 2024 de

87 2057 230 2148 Mollen,
255 2058 438 2150 mandaret,
465 2062 499 2126 et
516 2063 596 2126 tuno
615 2063 693 2128 anto
712 2075 774 2128 eos
791 2075 1066 2148 proponeremus,
1092 2074 1160 2144 que
1187 2072 1230 2124 ax

87 2161 184 2246 parte
202 2155 327 2226 domini
344 2159 434 2244 regis
449 2155 669 2229 Romanorum
683 2156 792 2227 dioere
804 2157 1014 2226 haberemus.
1039 2155 1141 2226 Mane
1159 2153 1230 2224 tui-

88 2273 166 2324 mus
180 2253 222 2324 ad
241 2273 315 2324 euro
330 2257 470 2326 reversi.
488 2255 673 2346 Respondit
689 2256 799 2349 nobis,
815 2255 906 2344 quod
922 2254 1030 2325 adhue
1043 2253 1231 2323 noniuerat

90 2356 141 2423 eis
160 2355 306 2446 loeutus,
331 2354 393 2424 sed
415 2361 494 2444 post
518 2356 749 2426 dormitionem
770 2357 834 2425 iret
855 2355 898 2423 ad
919 2372 990 2424 eos.
1022 2353 1095 2444 Ivit,
1118 2357 1229 2422 etnos

88 2455 222 2522 ivimus.
246 2455 289 2522 Et
304 2453 364 2524 tuit
378 2454 502 2524 ibidem
518 2454 617 2525 nobis
634 2454 768 2544 dietum,
780 2453 870 2543 quod
885 2471 955 2522 non
970 2452 1175 2521 turbaremur
1186 2449 1228 2520 de

88 2569 195 2644 mora,
219 2554 298 2640 quia
313 2554 348 2621 in
367 2556 546 2623 erastinum
563 2554 662 2623 nobis
682 2552 937 2642 responderent.
964 2548 1126 2639 Oeoupati
1146 2551 1229 2620 satis

89 2657 198 2743 erant,
212 2657 249 2719 ut
265 2652 371 2721 oeulis
386 2652 592 2744 videbamus,
607 2654 686 2740 quia
703 2653 859 2722 eontinuo
874 2654 1119 2740 suprapontem
1132 2655 1166 2718 et
1176 2649 1229 2718 oi-

89 2750 363 2820 traotmaebinis
375 2755 409 2819 et
423 2751 553 2820 balistis
569 2759 602 2820 et
615 2750 737 2838 gladiis
759 2750 995 2841 oonssigebont,
1007 2749 1115 2818 otiam
1129 2766 1227 2817 unam

87 2855 220 2938 partem
236 2851 350 2938 pontis
370 2855 581 2939 aooeperant.
616 2851 667 2920 De
688 2868 755 2938 quo
772 2850 908 2918 muttum
926 2847 1133 2939 dolebamus,
1151 2847 1229 2934 quio

87 2948 204 3037 plures
221 2949 268 3017 ibi
284 2949 518 3042 moriebantur,
537 2955 570 3018 et
584 2949 627 3017 ad
646 2949 795 3019 tollenda
811 2947 1002 3017 huiusmodi
1018 2963 1229 3016 veneramus.

167 3046 205 3114 In
220 3049 408 3138 erastinum,
432 3048 498 3117 hoo
519 3055 573 3118 ost
593 3047 647 3116 die
663 3049 775 3116 martis
797 3053 874 3116 ante
895 3049 1140 3137 ascensionem,
1162 3063 1229 3114 ve·
1256 3073 1308 3114 nn

86 3147 202 3214 nimus
229 3151 263 3214 et
289 3146 523 3216 ambassiatam
542 3149 789 3238 proposuimus,
817 3164 882 3235 que
908 3146 1007 3214 nobis
1034 3151 1107 3214 orat
1132 3161 1229 3214 11111-
1272 3127 1289 3182 ²

85 3246 199 3312 missa
214 3246 277 3314 sub
291 3245 408 3313 litteris
425 3245 605 3315 erodentia.
636 3247 679 3314 Et
693 3251 728 3314 ut
743 3246 860 3315 melius
880 3243 1049 3335 reoordor,
1067 3244 1134 3312 ista
1152 3241 1229 3312 fuit:

87 3342 186 3432 quod
211 3343 366 3414 dominus
392 3362 452 3414 rex
476 3343 697 3414 Romanorum
724 3344 890 3413 salutabat
915 3362 1009 3434 eum,
1037 3347 1071 3412 et
1096 3342 1137 3410 de
1164 3341 1231 3411 ad-

84 3445 198 3510 ventu
222 3460 286 3512 suo
313 3443 448 3512 mrdtum
474 3442 653 3533 gaudebat,
681 3461 755 3512 oum
774 3442 873 3512 irater
891 3461 974 3512 suus
992 3459 1052 3512 1111
1066 3440 1231 3511 Robertus

85 3543 205 3630 ipsum
234 3542 386 3610 misisset
410 3541 453 3610 ad
478 3542 712 3612 honorandum
739 3559 813 3612 eum
844 3544 879 3611 iu
905 3561 967 3612 sua
992 3541 1229 3630 eoronationo,

83 3642 196 3730 prout
208 3641 243 3708 in
259 3641 390 3731 titteris,
417 3658 502 3728 quas
527 3641 636 3710 dietus
656 3640 809 3710 dominus
832 3659 891 3710 rex
907 3639 1075 3710 Robertus
1093 3639 1229 3708 domino

85 3740 169 3826 regi
188 3737 408 3808 Romanorum
434 3739 499 3808 11111
525 3739 644 3809 diebus
670 3741 806 3810 miserat
829 3739 961 3829 plenius
988 3737 1229 3826 eontinebatur,

83 3845 123 3907 et
142 3837 221 3905 illas
237 3837 339 3907 oredo
357 3837 492 3906 habere.
531 3837 627 3908 Unde
648 3841 757 3928 ipsum
776 3858 818 3908 ex
840 3843 934 3928 parte
952 3837 1030 3906 dieti
1052 3838 1142 3924 regis
1167 3851 1229 3903 ro-

83 3937 265 4027 gavimus,
291 3942 326 4005 ut
352 3939 500 4026 reoeptio
527 3955 590 4007 sua
622 3939 656 4005 in
681 3939 796 4007 urbem
823 3943 857 4008 ot
887 3937 1059 4008 ooronatio
1085 3933 1228 4024 paoiiroo

83 4037 171 4105 sine
200 4033 292 4122 briga
316 4043 436 4124 posset
461 4034 541 4126 deri,
569 4035 661 4125 quod
686 4036 853 4106 laboraret
875 4053 943 4105 una
959 4034 1145 4124 nobisoum,
1173 4033 1229 4120 qui

81 4136 233 4226 propter
257 4134 320 4202 hoo
345 4133 563 4226 mittebamur,
591 4136 760 4223 qrromodo
779 4155 845 4225 pax
867 4138 961 4204 11111
982 4134 1068 4202 inter
1087 4133 1229 4202 Ursinos

82 4241 121 4306 et
153 4229 418 4325 Columnonses,
446 4238 480 4302 et
504 4234 533 4304 si
559 4233 669 4306 subito
704 4233 792 4305 diota
817 4254 883 4324 pax
908 4233 979 4304 11111
1004 4250 1072 4302 aon
1096 4237 1228 4324 posset,
