3052 4878
423 213 539 260 urcouxr
561 215 605 260 rr.
627 214 767 262 nonnum.
790 214 923 264 nenxrro.
1195 186 1236 257 91

109 351 271 420 licentiam
297 368 372 420 eum
396 350 453 420 illo
479 349 578 421 lrutre
605 357 685 422 uoto
709 369 769 443 pro
794 353 874 422 uino
900 351 1056 423 habendo
1080 352 1182 423 eundi
1207 354 1241 422 iu
1261 367 1323 422 1311

109 449 252 520 Rubeoh.
292 449 573 520 Deliberaverunt
597 452 683 543 ipsi,
710 469 846 540 exque
873 451 989 520 sooius
1014 469 1109 522 meus
1135 452 1244 522 iverat

110 567 162 640 pro
188 567 266 620 mea
291 548 506 638 expeditione
527 549 570 620 ad
593 551 785 640 exereitum,
812 555 846 619 et
871 549 961 637 quod
988 549 1088 619 alium
1114 552 1242 622 sosium

109 665 214 718 neum
247 665 321 718 oum
352 648 532 738 nepotibus
559 651 661 741 mele,
688 649 812 718 larnilia
837 654 872 717 et
896 649 998 718 rebus
1025 647 1242 741 dimittebam,

109 746 197 836 quud
229 764 296 833 ego
322 750 526 837 reverterer,
562 754 596 816 et
619 749 877 820 lieentiaverunt
903 765 955 817 me
981 766 1049 817 una
1074 765 1148 817 oum
1172 767 1241 818 uuo

110 846 202 916 sooio
226 863 301 915 meo
323 844 365 914 de
384 844 539 915 iratribus
557 845 636 938 illis,
663 851 697 916 et
716 865 837 916 navem
857 851 1068 937 paraverunt,
1095 851 1130 916 et
1147 847 1242 935 plura

108 962 189 1016 resa
214 943 257 1014 ad
283 946 395 1014 vinum
421 943 626 1034 ponendum.
652 946 712 1014 llis
740 945 837 1016 laetis
864 945 975 1016 nullus
1001 947 1101 1015 seivit
1125 947 1241 1016 inten-

108 1045 230 1114 tionem
256 1061 372 1113 meam.
398 1043 579 1132 Postquam
606 1045 653 1115 lui
679 1045 766 1114 rdtra
791 1063 922 1135 aquarn,
949 1044 995 1114 ivi
1017 1044 1060 1114 ad
1086 1050 1240 1135 rastrum,

108 1148 140 1213 et
163 1141 230 1212 leei
257 1143 367 1212 omnia
391 1160 476 1212 vasa
499 1143 627 1232 impleri
655 1143 697 1213 de
723 1144 814 1213 bono
839 1145 919 1212 vine
941 1143 1029 1213 etin
1049 1161 1242 1214 navemre·

106 1243 196 1331 poni.
230 1241 273 1310 Et
306 1247 387 1312 tuno
417 1241 487 1312 dixi
514 1243 720 1332 castellano,
747 1241 839 1330 quod
864 1260 933 1311 non
959 1244 1165 1331 permitteret
1188 1259 1242 1312 me

108 1339 275 1410 resedere.
312 1340 388 1410 lloo
413 1339 498 1431 leoi,
525 1358 569 1409 ne
595 1342 642 1410 illi
668 1343 725 1430 qui
750 1347 979 1410 remanserant
1013 1342 1099 1410 male
1131 1341 1242 1412 habe-

107 1445 189 1509 rent
215 1435 281 1508 Abi
306 1439 370 1508 hee
396 1441 546 1510 seientes
573 1439 773 1530 eredebant,
800 1438 892 1527 quod
916 1439 1082 1509 violenter
1106 1459 1159 1510 me
1186 1446 1242 1510 te-

105 1542 216 1629 neret,
245 1542 279 1606 et
302 1537 428 1606 nullum
451 1540 572 1608 malum
597 1540 722 1610 nostris
748 1538 917 1629 leserunt,
945 1537 1007 1607 sed
1033 1540 1117 1608 satis
1144 1540 1243 1609 simul

105 1637 269 1725 biberunt,
297 1643 330 1706 et
344 1639 379 1706 in
399 1640 579 1709 erastinum
597 1655 658 1709 eos
681 1654 800 1709 omnes
816 1637 1053 1728 liberaverunt,
1080 1638 1160 1726 quia
1174 1655 1241 1708 ve·-

106 1741 228 1806 nerunt
251 1737 360 1806 littere
386 1736 612 1806 cardinalium.

179 1834 262 1905 Post
278 1835 343 1904 heo
360 1833 421 1906 luit
439 1834 658 1906 deliberatum
673 1837 709 1906 in
725 1835 868 1906 oonsilio
891 1835 996 1924 regis,
1023 1833 1113 1922 quod
1134 1833 1245 1904 littera

105 1933 232 2004 dondni
257 1934 361 2021 legati
385 1933 568 2026 videretur,
595 1943 628 2004 et
642 1936 671 2004 si
696 1937 771 2024 ipse
796 1937 917 2024 posset
941 1934 1062 2004 virtute
1089 1952 1150 2004 sue
1177 1953 1243 2003 au-

105 2033 270 2103 ctoritatis
288 2049 413 2123 ponere
429 2036 629 2104 sententiam
647 2033 1001 2104 exeommunioationis
1019 2038 1136 2102 eontra
1153 2033 1241 2123 illos,

103 2133 163 2220 qui
188 2133 316 2201 nollenl
334 2131 481 2225 obedire,
510 2133 601 2222 quod
622 2133 858 2221 requireretur.
882 2131 957 2218 Ego
976 2133 1100 2204 missus
1119 2131 1162 2202 ad
1177 2130 1243 2201 do·

103 2233 229 2301 minum
253 2233 413 2319 legatum.
448 2232 587 2322 Cepiam
616 2249 677 2300 sue
702 2231 810 2302 littere
836 2230 914 2298 mihi
941 2229 1049 2322 dedit,
1077 2248 1142 2319 que
1168 2231 1243 2320 ple·

102 2332 244 2398 nissima
270 2331 313 2400 ad
340 2333 451 2401 omnia
475 2333 541 2401 ista
567 2329 722 2400 laoienda
748 2335 828 2400 erat.
866 2328 944 2417 lpse
970 2330 1047 2398 mihi
1073 2329 1157 2399 dixit
1184 2347 1243 2398 se·

104 2436 207 2518 mete,
236 2434 270 2498 et
284 2429 389 2500 voluit
407 2430 498 2519 quod
514 2429 650 2500 domino
669 2431 742 2516 regi
760 2427 914 2520 dicerem,
942 2428 1112 2515 quomodo
1129 2446 1244 2517 pamm

104 2527 211 2596 ltaliei
252 2534 369 2598 ourani
400 2528 443 2598 de
480 2528 879 2599 exeommunicationibus
906 2525 1037 2596 alieubi.
1063 2528 1106 2596 Et
1130 2527 1244 2615 posuit

109 2627 297 2716 exemplum
325 2627 367 2698 de
392 2629 602 2718 Florentinis,
629 2629 686 2715 qui
711 2626 896 2695 sententias
923 2624 1047 2694 domini
1073 2622 1242 2694 Ostiensis

104 2744 220 2814 parum
247 2733 456 2796 duraverunt.
482 2727 564 2796 ltem
591 2724 633 2795 de
658 2723 943 2814 Bononiensibus,
971 2725 1028 2812 qui
1056 2725 1242 2794 sententias

106 2821 231 2894 domini
247 2824 476 2914 Neapeleonis
496 2824 752 2914 vilipenderent
777 2823 860 2892 Item
877 2821 1002 2892 domini
1019 2821 1061 2891 de
1075 2824 1242 2909 Peregrue

108 2924 293 2993 sententias
319 2923 593 2994 Mediolanenses
619 2941 689 2993 non
715 2925 924 2994 duraverunt.
949 2921 1046 2992 Unde
1073 2922 1139 2992 nisi
1163 2921 1243 3007 gla-

108 3019 183 3090 dius
209 3024 389 3092 materialis
417 3041 478 3093 eos
505 3024 607 3093 duoat
630 3023 759 3092 ratione
786 3021 911 3090 timoris
938 3021 981 3089 ad
1007 3021 1242 3112 obedientiam,

107 3119 239 3206 gladius
267 3122 449 3211 spiritualis
466 3140 546 3191 non.
573 3120 669 3190 Unde
690 3139 760 3190 non
780 3119 977 3189 intendebat
991 3120 1134 3208 aliquam
1157 3138 1244 3190 sen-

108 3220 243 3288 tentiam
260 3222 614 3292 excommunicationis
628 3237 755 3308 ponere
773 3235 875 3308 super
894 3220 1037 3310 aliquos,
1055 3219 1122 3288 nisi
1136 3219 1243 3309 primo

109 3320 318 3389 sanctitatem
343 3327 491 3390 uestram
517 3320 717 3389 consuleret.
957 3385 959 3390 .

184 3417 258 3486 Non
282 3419 440 3488 reeordor
458 3418 500 3487 de
520 3420 593 3488 aliis
617 3435 739 3504 magne
760 3416 917 3485 memorie
937 3413 1049 3501 dignis
1072 3421 1149 3484 ante
1166 3414 1244 3482 Bri-

106 3514 195 3582 xiam
220 3514 315 3586 laetis
342 3524 521 3608 postquam
546 3517 591 3585 ibi
618 3515 664 3586 lui
688 3533 858 3606 reversuS,
885 3515 950 3584 nisi
976 3514 1020 3582 de
1045 3533 1124 3605 uno,
1153 3510 1244 3601 qued

107 3611 188 3682 mihi
220 3632 353 3707 semper
376 3607 557 3705 'displiouit
595 3614 790 3686 Cardinales
817 3612 918 3682 eredo
946 3631 1081 3704 omnes,
1109 3612 1165 3700 qui
1190 3610 1242 3678 brs

107 3709 227 3782 diebus
259 3717 296 3785 in
330 3713 494 3784 Cremona
526 3721 560 3784 et
595 3714 739 3784 Sucoine
777 3713 991 3782 morabantur
1023 3717 1159 3800 propter
1191 3711 1243 3778 sui

106 3809 266 3882 maiorem
292 3815 570 3904 commoditatem,
597 3813 729 3883 luerunt
753 3811 945 3900 frequenter
970 3811 1089 3899 regati,
1118 3813 1151 3876 et
1176 3807 1243 3877 eli-

107 3910 244 3996 quando
276 3930 344 3999 ege
374 3912 421 3983 lui
455 3931 616 4003 presenS,
644 3912 685 3980 ab
720 3911 835 3981 amieis
869 3916 902 3980 et
929 3908 1090 3978 uxoribus
1117 3924 1242 3996 eorum,

107 4009 171 4096 qui
197 4008 235 4078 de
261 4009 425 4082 Cremona
457 4012 588 4081 obviam
622 4009 756 4080 domino
783 4011 854 4097 regi
880 4007 1012 4078 luerant
1037 4008 1072 4074 in
1098 4007 1243 4076 oamisiis

104 4123 191 4174 oum
212 4111 361 4197 eorrigiis
387 4113 422 4180 in
447 4111 546 4202 eollo,
572 4116 609 4178 ut
633 4109 772 4199 predixi,
800 4126 886 4196 quos
910 4115 1089 4192 antequam
1109 4107 1245 4174 intraret

106 4203 305 4279 Cremonam
331 4211 420 4282 misit
446 4209 489 4280 ad
515 4226 667 4278 oaroeres
694 4210 729 4278 in
744 4207 886 4278 diversis
902 4206 1031 4294 eastris,
1059 4205 1150 4292 quod
1176 4204 1244 4276 do-
