3052 4878
281 176 350 248 itt
571 204 733 252 cunorrcor
755 205 792 250 mr
812 204 938 252 caereus
958 204 1113 251 nnunnmr.

279 345 428 433 eorporis
455 347 489 412 et
513 345 685 431 sanquinis
711 342 844 412 Domini
870 349 1078 411 sacramenta
1089 335 1114 433 ¹,
1142 344 1289 412 servanti
1313 341 1399 411 iidem

277 446 312 512 in
339 444 491 534 salutem,
518 442 631 511 sedin
651 442 807 511 iudicium
830 443 1082 527 transgressori.
1119 441 1197 531 lpse
1213 450 1319 510 autem
1334 443 1399 509 lri-

280 542 411 611 dericrrs
429 539 647 611 industriam
667 559 834 631 reversus,
860 542 1094 630 promissionis
1113 558 1212 627 quam
1238 542 1299 610 suh
1325 541 1401 608 sacri

281 643 429 730 eorporis
456 640 577 710 Christi
608 641 796 729 sumptione
822 639 947 708 lecerat
972 640 1113 729 oblituS‚
1140 657 1254 727 regem
1280 658 1317 708 se
1341 637 1402 707 lle·

279 759 410 808 manum
442 741 634 809 nominabat
669 742 755 809 sicut
778 741 868 827 prins
896 745 930 807 et
955 730 1152 808 scribebat².
1195 739 1291 809 Unde
1317 740 1403 807 etiam

279 845 357 929 post
382 841 512 926 aliquos
540 857 647 908 annos
675 858 694 906 a
720 838 884 927 pediculis
912 845 965 905 est
990 839 1134 907 occisus

353 938 497 1006 Domino
521 939 633 1025 itaque
649 936 811 1006 Ludwioo
833 939 867 1005 in
886 955 1000 1023 regem
1015 935 1199 1005 Romanum
1220 936 1402 1006 confirmato

279 1037 361 1106 nihil
392 1037 434 1105 de
467 1037 619 1106 omnihus
652 1055 717 1124 que
751 1036 923 1106 advirum
955 1037 1140 1124 sapientem
1167 1042 1200 1104 et
1225 1037 1319 1122 regni
1344 1053 1404 1122 gu-

280 1136 489 1204 bernatorem
515 1136 727 1225 pertinebant
751 1137 815 1206 sihi
841 1134 957 1220 deluit,
984 1137 1049 1202 nisi
1072 1134 1163 1222 quod
1187 1135 1335 1221 linquam
1357 1134 1407 1201 la-

279 1236 380 1302 tinam
407 1237 537 1303 minime
563 1235 737 1304 intellexit.
776 1236 827 1304 Ex
853 1252 919 1321 quo
945 1235 1033 1302 inter
1050 1234 1115 1302 alia
1136 1251 1201 1320 que
1227 1235 1260 1302 ei
1286 1250 1406 1302 evene-

280 1339 356 1400 runt
375 1334 461 1402 mola
475 1332 739 1420 indignationem
755 1334 878 1402 domini
895 1349 993 1423 pape,
1011 1332 1136 1402 domini
1148 1332 1308 1401 Iohannis
1326 1333 1408 1401 xxii.

279 1433 425 1500 incurrit.
479 1431 577 1513 Quod
612 1436 752 1522 sumpsit
784 1435 909 1500 initium
935 1432 993 1500 toli
1019 1431 1130 1501 modo.
1179 1431 1303 1500 Habuit
1329 1432 1408 1504 enim

280 1531 447 1619 quendam
473 1533 716 1622 cancellarium,
745 1534 801 1620 qui
826 1530 1008 1600 vocabatur
1034 1531 1194 1616 magister
1214 1530 1345 1600 Ulrious
1369 1528 1407 1597 de

278 1628 443 1720 Augusta,
470 1633 524 1699 oui
549 1650 644 1700 suum
681 1632 826 1718 sigillum
852 1636 886 1699 et
912 1631 1023 1698 omnia
1048 1629 1225 1698 scribenda
1251 1635 1287 1697 et
1313 1645 1408 1718 erpe-

280 1729 403 1798 dienda
429 1730 570 1799 fideliter
595 1729 848 1798 commendavit.
896 1728 957 1796 Hic
983 1729 1024 1797 de
1052 1729 1195 1815 quodam
1223 1729 1356 1796 crimine
1381 1731 1410 1795 et

279 1828 394 1897 infami
420 1828 509 1916 apud
535 1846 648 1915 regem
674 1836 728 1897 est
753 1833 932 1897 accusatus
956 1827 1194 1915 aquibusdam
1219 1827 1262 1896 de
1288 1834 1409 1917 poten-

280 1927 380 2016 tibus
408 1928 528 2013 quibus
555 1930 628 2016 ipse
654 1946 713 1996 rex
738 1929 868 1996 iusticia
889 1927 1164 2015 complementum
1190 1944 1260 1995 non
1285 1930 1410 2016 poterat

281 2025 454 2095 commode
490 2025 672 2112 denegare.
716 2025 925 2115 Quapropter
954 2032 1068 2114 partes
1103 2044 1182 2094 suas
1216 2025 1410 2114 interposuit

282 2131 316 2192 et
330 2143 390 2213 per
405 2123 547 2212 quedam
565 2126 687 2212 placita
704 2125 747 2193 ad
767 2126 833 2194 hoc
857 2124 1012 2214 perduxit
1038 2124 1129 2213 quod
1152 2124 1325 2215 predictus
1343 2142 1409 2192 ma-

281 2225 387 2310 gister
412 2223 542 2292 Ulrious
576 2223 714 2292 deberet
746 2243 783 2293 se
816 2241 889 2293 eum
921 2226 1163 2312 quinquaginta
1187 2224 1326 2313 prelatis
1353 2241 1411 2291 ex·
1503 2281 1504 2310 p

280 2340 423 2411 purgare
438 2322 492 2391 de
519 2322 668 2392 obiectis,
712 2321 809 2405 Quod
837 2341 911 2392 oum
936 2322 1058 2391 lactum
1077 2325 1112 2391 in
1132 2323 1312 2409 Nurnberg
1330 2322 1411 2390 luis-

281 2427 351 2511 set,
386 2423 547 2508 magister
577 2422 707 2491 Ulrious
743 2421 854 2491 olireio
888 2429 941 2491 est
973 2423 1173 2491 cancellarie
1201 2429 1235 2490 et
1257 2420 1410 2510 ,dignitati

279 2521 419 2609 pristine
445 2523 626 2590 restitutus.
667 2521 795 2591 Eodem
822 2528 970 2610 tempore
995 2521 1148 2590 dominus
1164 2521 1412 2590 Ludwiousrex
1502 2575 1503 2606 ff

279 2619 500 2690 Rornanorum
518 2620 697 2690 festinabat
713 2640 772 2710 pro
788 2623 895 2708 gratia
914 2619 1007 2690 sedis
1021 2621 1208 2708 apostolice
1225 2621 1412 2709 solempnes

281 2718 324 2788 ad
361 2723 483 2788 curiam
514 2722 642 2788 mittere
677 2722 813 2790 nuntios
846 2738 912 2789 una
946 2738 1020 2788 oum
1054 2721 1171 2788 litteris
1197 2720 1413 2796 voluntariam

281 2818 503 2888 obedientiam
521 2825 554 2887 et
571 2837 702 2887 omnem
721 2820 965 2888 subiectionem
982 2819 1243 2887 continentibus.
1284 2820 1337 2887 Ex
1351 2835 1413 2905 quo

278 2917 447 3005 predictus
481 2917 718 3008 cancellarius,
753 2921 934 2987 occasione
967 2917 1172 3004 malignandi
1205 2919 1344 2986 inventa
1372 2913 1413 2984 ad

282 3015 505 3101 supradictam
521 3015 688 3084 infamiam
702 3035 795 3086 suam
810 3016 892 3086 lalse
908 3017 1153 3109 vindicandam,
1174 3017 1303 3085 litteras
1320 3014 1411 3104 Apo·
1501 3041 1502 3083 t

281 3113 400 3182 stolieo
427 3113 622 3201 dirigendas
649 3117 786 3206 vitiavit,
820 3114 904 3184 ialsa
930 3135 990 3206 pro
1017 3118 1106 3184 veris
1133 3115 1323 3207 scribendo,
1351 3114 1414 3183 do-

280 3213 402 3280 minum
428 3233 547 3302 papam
574 3214 715 3283 bestiam
740 3234 760 3282 a
786 3217 866 3283 mari
891 3215 1129 3285 ascendentem
1154 3215 1356 3304 vocitand0‚
1383 3217 1414 3281 et

280 3310 375 3399 plura
400 3313 519 3381 similia
544 3311 587 3380 ad
613 3313 860 3383 similitudinem
876 3315 994 3406 illius,
1023 3316 1079 3402 qui
1106 3313 1273 3400 qnondam
1300 3315 1413 3381 Petrus
1500 3353 1501 3364 .

280 3409 323 3478 do
349 3410 465 3478 Vincis
499 3411 701 3504 vocabatur,
737 3413 914 3505 ponendo,
948 3431 1029 3500 rege
1064 3415 1197 3502 penitus
1228 3414 1413 3500 ignorante.

281 3507 491 3598 Quapropter
524 3509 678 3580 dominus
712 3511 933 3600 Apostolious
968 3519 1189 3602 provocatae,
1223 3512 1278 3580 vel
1304 3513 1414 3600 potius

282 3607 453 3700 deceptus,
481 3615 598 3678 contra
623 3613 732 3698 ipsum
759 3629 874 3697 regem
901 3612 1250 3680 excommunicationis
1273 3617 1416 3678 senten·
1499 3655 1500 3658 ,

282 3709 360 3777 tiam
385 3708 609 3798 promulgavit
635 3716 668 3777 et
693 3716 808 3777 eontra
837 3729 911 3778 eum
937 3729 1038 3798 reges
1066 3716 1099 3778 et
1123 3711 1289 3798 principes
1316 3710 1414 3778 insti-

282 3809 385 3892 gavit.
411 3809 602 3876 lentarum
622 3814 730 3875 autem
745 3808 984 3877 discordiarum
1001 3812 1181 3878 seminator
1201 3815 1267 3876 tarn
1285 3810 1415 3878 occulte

282 3911 348 3974 tarn
363 3906 481 3976 dolose
501 3913 535 3975 et
553 3913 617 3976 tam
634 3907 690 3976 diu
708 3925 823 3976 semen
841 3927 972 3976 suarum
992 3909 1185 3977 malitiarum
1200 3909 1286 3976 inter
1304 3905 1417 3976 mundi

317 4089 349 4155 1)
368 4105 469 4147 sumere
488 4092 590 4149 scheint
607 4110 638 4148 zu
656 4092 752 4148 lehlen.
798 4093 830 4158 2]
849 4094 1015 4150 Belenntlich
1038 4096 1082 4150 hat
1098 4095 1229 4150 Friedrich
1248 4094 1293 4148 der
1313 4093 1416 4148 Schdne

283 4159 341 4210 sein
359 4161 536 4228 rerepreohen
555 4163 624 4216 nieht
646 4161 793 4229 gebrechen
810 4164 863 4216 rrnd
880 4179 935 4219 war
952 4178 981 4218 es
999 4165 1220 4234 vertregsmissig
1238 4163 1297 4218 dass
1315 4175 1346 4218 er
1364 4160 1417 4216 sich
1497 4189 1498 4216 ;

284 4227 360 4281 einen
383 4228 528 4284 romischen
545 4229 624 4298 lrbnig
641 4236 748 4286 nannte.
