3096 4882
437 217 502 262 nna.
525 218 647 264 nussam
668 218 831 264 nunovrcus
851 217 916 264 aar.
1174 189 1240 258 lit

117 353 244 444 leceris,
270 360 304 421 et
327 355 414 422 inter
440 372 504 424 nos
525 373 609 444 quas
630 361 739 424 sortes
764 356 862 424 buius
883 354 990 424 seculi
1007 353 1141 424 fortuna
1158 371 1246 426 con-

118 453 254 522 cesserit
278 455 467 542 partiamur.
506 455 549 523 Et
566 460 603 524 ut
622 455 721 524 nobis
748 452 835 544 dico,
861 460 999 542 paterne
1019 454 1246 543 possibilitate

116 552 275 620 evitabilis
299 546 405 622 ioret1
424 553 480 622 illa
496 555 762 643 communicatio,
788 571 852 639 que
868 553 943 640 plus
960 571 1060 641 quam
1078 553 1246 622 dimidium

115 652 243 720 sustulit
276 653 343 720 vite
377 659 492 721 nostre
519 654 691 743 solatium,
720 658 752 720 et
777 657 926 720 nostram
952 655 1129 722 maturavit
1154 658 1245 722 trans

116 750 193 818 alias
221 751 441 820 contumelias
467 751 676 838 flagitiosiori
703 751 890 820 calamitate
918 753 1081 820 canitiem.
1129 751 1246 836 Pigeat

115 865 190 934 ergo
216 848 283 917 boc
315 851 425 938 ipsum
452 855 578 920 tantum
604 850 646 919 de
673 855 705 918 te
733 867 833 939 super
863 849 1078 918 dicendorum
1106 849 1244 918 exordio

114 949 301 1036 promisisse
319 966 517 1038 sermonem,
536 967 634 1037 quem
653 950 856 1018 subticuisse
871 949 1118 1018 incohercibilis
1137 950 1244 1018 nostri

115 1045 218 1115 cordis
246 1045 443 1134 efflagitatio
468 1064 537 1117 uon
563 1049 723 1136 permisit.

180 1145 291 1214 Habet
307 1149 405 1215 etiam
422 1146 512 1234 quod
527 1165 590 1216 nos
604 1149 755 1236 increpet
771 1146 929 1232 neglecta
941 1146 1134 1234 posteritas,
1153 1142 1244 1231 quod

114 1249 219 1313 tmtos
248 1244 437 1314 Italicorum
457 1251 587 1336 motus,
616 1253 760 1332 quantos
787 1250 866 1333 post
890 1243 1068 1312 Henricum
1095 1259 1243 1312 cesarem

114 1345 283 1430 septimum
317 1351 463 1432 postque
498 1362 578 1434 eos,
607 1362 692 1431 quos
718 1350 835 1413 nostro
853 1342 969 1412 ,codici
994 1345 1075 1412 satis
1102 1342 1245 1412 solerter

112 1441 335 1532 inscripsimus
345 1435 368 1533 ²,
397 1457 481 1531 opus
501 1445 695 1513 immensius
712 1449 746 1511 et
772 1441 948 1512 arduarum
974 1460 1082 1510 rerum
1108 1441 1244 1526 magni-

113 1540 241 1610 tudines
271 1542 491 1632 omiserimus,
519 1541 705 1631 apostolice
730 1543 858 1610 scilicet
881 1539 975 1608 sedis
998 1558 1070 1608 cum
1097 1539 1243 1624 Longo-

112 1637 283 1709 bardcrum
302 1639 563 1710 dominatoribus
581 1643 737 1727 ingentes
755 1646 876 1729 motus,
896 1644 1242 1727 presumptuososque

111 1737 141 1804 in
165 1741 271 1826 ipsam
298 1737 414 1808 sedem
448 1746 631 1826 sancteque
659 1741 804 1808 ecclesie
831 1740 1037 1806 maiestatem
1062 1753 1181 1826 ausus,
1209 1742 1243 1804 et

112 1839 259 1926 utrinque
287 1837 425 1906 dissidia
451 1845 486 1907 et
511 1840 696 1908 simultates
705 1892 714 1928 ,
742 1856 806 1906 nec
832 1855 900 1906 non
927 1842 1041 1925 aperta
1067 1836 1156 1904 bella
1182 1852 1242 1922 per

112 1937 284 2004 univorsos
300 1936 397 2006 lines
423 1937 558 2006 italicos
582 1938 623 2007 ab
637 1936 841 2026 Mediolano,
870 1937 1016 2005 omnium
1038 1952 1152 2003 earum
1166 1932 1243 2003 dis-

112 2036 300 2104 sensionum
311 2042 457 2126 auctore,
472 2036 660 2124 presidibus
674 2035 1035 2126 MapbeoVicecomite
1050 2052 1122 2102 cum
1138 2051 1243 2118 egre-

112 2135 162 2217 gia
176 2133 301 2202 lundis
325 2133 443 2204 domus
461 2137 544 2226 eius,
572 2134 615 2203 ad
634 2153 773 2222 quorum
791 2134 956 2206 factiones
974 2134 1095 2203 besere
1114 2134 1242 2221 prima-

112 2237 158 2300 tes
173 2233 347 2304 lortissimi
366 2251 406 2302 ac
420 2235 640 2304 robustissimi
660 2235 782 2303 Tuscia
800 2239 835 2302 et
845 2232 1093 2318 Longobardie.
1121 2229 1241 2312 Quod-

113 2347 170 2416 que
196 2337 229 2402 et
256 2332 406 2402 similiter
431 2333 570 2402 duorum
598 2351 750 2402 cesarum
775 2333 1009 2402 Germanorum
1035 2332 1242 2400 omiserimus

112 2430 250 2513 grandes
285 2436 379 2498 actus
414 2432 449 2498 in
481 2431 650 2502 discordia
683 2432 878 2521 electorum,
912 2430 1070 2500 Friderioi
1102 2430 1240 2519 seilicet,

112 2527 180 2595 olim
204 2528 339 2598 Rudolli
362 2525 570 2599 Austriensis
597 2530 694 2599 ducis
722 2537 755 2598 et
775 2529 996 2598 Romanorum
1024 2530 1114 2615 repis
1142 2520 1240 2617 nati³,

112 2627 318 2698 etLudovici
342 2630 482 2698 Bavarie
510 2629 616 2720 ducis,
644 2647 824 2716 eorumque
845 2628 1007 2696 terribiles
1034 2644 1242 2714 congressus

112 2742 176 2794 cum
206 2729 348 2817 captura
373 2726 528 2797 iriderici
555 2735 589 2798 et
621 2728 772 2798 eiusdem
797 2724 930 2797 Austrie
958 2726 1074 2816 ducis,
1102 2728 1242 2812 eiusque

110 2826 243 2910 pacifica
270 2826 477 2898 relaxatione
503 2827 641 2896 mirabili
668 2833 703 2896 et
726 2827 899 2917 incredita,
929 2832 962 2894 et
988 2844 1100 2895 eorum
1127 2843 1243 2910 regum

112 2939 166 2992 seu
197 2925 320 2994 ducum
355 2927 583 2996 associatione
610 2925 765 2996 fraterna.
819 2925 986 3012 Quodque
1010 2925 1243 3012 reliquerimus

111 3020 240 3094 dilatata
267 3024 413 3094 dominia
439 3023 538 3094 Canis
566 3025 718 3116 Grandia,
746 3027 965 3114 quesitasque
983 3025 1083 3093 Feltri
1110 3031 1143 3092 et
1159 3023 1242 3092 Bel-

109 3119 173 3189 luni
198 3123 342 3192 diversis
371 3124 586 3194 successibus
606 3127 769 3214 civitates,
798 3124 961 3210 simulque
986 3130 1019 3192 et
1038 3123 1242 3192 Cavolanum

110 3237 205 3308 super
231 3223 443 3309 Liquentiam
470 3229 633 3314 castrum,
661 3241 701 3291 ac
728 3223 947 3292 Sarravallum
975 3240 1049 3290 oum
1076 3220 1241 3290 Cadubrio

110 3325 140 3386 et
163 3322 305 3409 plurima
339 3323 518 3410 municipia
550 3324 623 3392 eius
651 3339 720 3390 ore.
770 3323 1139 3407 Pretermiserimusque
1165 3338 1242 3389 mo-

108 3427 213 3490 menta
238 3421 385 3506 insignia
412 3427 525 3490 nostre
552 3421 655 3510 urbis,
683 3420 918 3489 dissensiones
946 3420 988 3489 ad
1007 3421 1128 3508 placita
1153 3417 1242 3508 apud

109 3533 203 3604 reges
231 3518 380 3608 prelatos
406 3517 624 3610 Alamannia,
660 3525 694 3588 et
719 3537 907 3590 consensus
940 3521 1082 3607 partium
1108 3526 1142 3587 et
1167 3518 1242 3586 dis·-

109 3634 244 3709 sensus,
275 3636 472 3706 quamquam
509 3636 568 3687 eas
595 3620 668 3687 vias
694 3621 759 3707 ipsi
784 3618 1140 3708 perambulaverimus,
1168 3621 1243 3684 acta

109 3716 239 3802 singula
264 3719 543 3807 recensuerimus
572 3720 944 3787 etcomrectaverimus
971 3717 1119 3786 assiduis
1141 3715 1241 3801 lega-

108 3815 261 3907 tionibus,
291 3817 342 3886 sic
367 3816 558 3885 volentibus
587 3822 620 3884 et
645 3818 843 3903 urgentibus
862 3816 1020 3886 Paduano
1041 3816 1165 3905 populo
1184 3817 1241 3882 in-

110 3915 236 4000 quieti..
251 3965 261 3986 .
278 3966 287 3986 .
303 3907 335 3984 .⁴
361 3915 516 3986 domiuus
543 3916 743 3988 Beltrandus
771 3916 812 3986 de
838 3917 962 3986 Pozeto
989 3916 1074 3985 tituli
1094 3915 1128 3983 S.
1145 3912 1241 3984 ular-

140 4163 170 4228 l)
188 4164 255 4218 Statt
271 4163 427 4220 inevitabilis
446 4168 486 4219 sit.
522 4165 552 4230 2)
569 4171 709 4232 contigisse
721 4169 815 4222 scimus
833 4165 934 4220 sobeint
952 4179 983 4216 zu
1001 4162 1095 4219 leblen.
1120 4161 1151 4228 3]
1162 4159 1241 4216 Solita

110 4234 211 4299 nepotis
228 4233 346 4288 beissen.
380 4236 412 4302 t]
430 4235 492 4290 Hier
510 4234 609 4292 seboim
627 4238 728 4302 einiges
746 4251 777 4289 zu
795 4233 889 4292 leblen.
