3096 4882
294 151 364 221 118
623 179 689 226 111.
712 179 834 226 uussnrr
855 177 1019 224 nuccrrcus
1040 177 1105 224 111.

208 330 276 386 1328
293 317 518 407 stipendiariis
550 317 752 405 erogabant,
781 315 890 404 deque
915 317 996 404 ipsis
1025 318 1130 386 sacris
1157 316 1241 386 locis
1265 333 1407 404 equorum
1517 333 1518 416 p

294 417 436 507 stabula,
463 416 570 504 pulsis
590 416 767 485 antistibus
789 419 823 482 et
840 415 986 505 prelatis,
1004 414 1161 486 fecerant.
1195 415 1288 484 Hanc
1306 421 1409 502 111111-
1517 417 1518 490 g

294 520 346 586 nis
364 515 623 584 vicecomitibus
648 513 832 584 Mediolani
854 532 968 582 sevam
984 517 1108 584 rabiem
1134 516 1276 602 nequius
1294 515 1411 602 cepisse

296 622 329 685 et
355 615 442 684 adeo
469 631 726 704 perseverasse,
755 619 789 682 ut
815 614 880 701 ipsi
906 616 1039 701 tyranni
1065 616 1227 682 ecclesias
1255 618 1287 682 et
1309 612 1411 702 prela-

295 721 387 784 turas
423 713 466 780 de
499 713 605 804 facto,
633 718 745 801 spreta
776 714 886 800 papali
918 713 1000 782 sede
1028 718 1061 781 et
1085 712 1325 802 iurisdictione,
1351 712 1412 778 suis
1517 777 1518 804 ἶ

296 812 473 882 clientibus
506 818 540 881 et
579 813 735 900 personis
776 809 924 898 indignis
968 811 1166 882 conferrent.
1218 811 1414 880 Promovisse
1517 819 1518 888 3

295 915 432 1003 primum
468 916 502 978 et
536 928 605 980 non
637 910 737 979 alium
769 910 832 977 hec
867 911 977 979 omnia
1008 916 1175 980 momenta
1201 928 1314 980 senem
1337 909 1417 976 illum
1517 919 1518 922 ’

295 1013 515 1079 inveteratum
543 1009 704 1078 malorum
729 1008 908 1096 Mapheum
926 1009 1181 1098 vicecomitem,
1207 1009 1259 1077 his
1274 1006 1416 1077 nefandis

296 1109 427 1179 actibus
447 1108 613 1177 abstinere
636 1108 925 1196 archiepiscopum
940 1107 1124 1178 Mediolani
1151 1115 1184 1177 et
1210 1109 1295 1178 alios
1313 1107 1418 1196 pulsos

296 1209 445 1298 prelatos
472 1209 506 1274 fn
532 1225 626 1298 pace,
654 1208 727 1276 sine
753 1208 914 1275 restitutis
940 1207 1025 1276 locis
1051 1206 1177 1296 prediis
1205 1214 1239 1276 et
1264 1207 1358 1276 honis
1382 1201 1419 1272 ad

298 1308 460 1376 ecclesias
476 1307 714 1398 spectantibus
731 1305 850 1392 quibus
868 1324 962 1375 sacre
980 1306 1132 1374 coluntur
1150 1307 1305 1375 ecclesie.
1335 1305 1419 1372 Illum

295 1406 476 1494 Mapheum
508 1407 712 1494 stirpemque
747 1407 818 1473 eius
854 1406 955 1473 tantis
990 1406 1085 1474 malis
1118 1406 1292 1496 nutritam,
1327 1409 1361 1471 ut
1383 1400 1419 1469 do

295 1508 385 1574 iusto
402 1523 466 1572 usu
486 1504 635 1595 abusum,
651 1510 685 1572 et
707 1504 749 1573 dc
766 1505 912 1591 equitate
930 1506 1137 1592 iniquitatem
1157 1505 1330 1594 fecissent,
1351 1519 1418 1570 mo-

298 1606 414 1673 nuisse
442 1603 634 1693 abstineret,
662 1604 874 1672 christianum
902 1603 1023 1672 cultum
1049 1605 1083 1672 in
1111 1621 1151 1671 ea
1176 1604 1258 1671 urbe
1286 1598 1422 1671 exerceri

297 1722 357 1793 per
392 1720 492 1772 veros
527 1703 673 1792 prelatos
708 1704 952 1792 permitterent3
979 1701 1040 1772 scd
1066 1702 1221 1771 mandata
1246 1701 1422 1791 apostolica

298 1808 496 1891 spernentes
513 1819 582 1870 non
599 1800 699 1870 modo
720 1799 888 1889 destitere,
916 1800 978 1871 sed
998 1801 1154 1871 infandos
1177 1808 1272 1869 actus
1300 1815 1421 1886 ansere,

296 1895 415 1989 preces
431 1900 615 1989 apostolice
632 1900 896 1969 mansuetudinis
917 1907 1108 1991 1111111111,
1137 1898 1259 1968 deinde
1283 1919 1320 1969 se
1336 1901 1421 1987 ipsos

299 2000 676 2068 excommunicationum
698 2000 840 2068 vinculis
860 1999 1072 2089 innodantes,
1100 2005 1133 2068 ct
1150 2000 1254 2068 verba
1275 2006 1423 2088 proterva

297 2100 332 2166 in
359 2116 486 2166 sacram
513 2098 689 2166 ecclesiam
714 2100 890 2186 ipsumque
916 2100 1136 2186 apostolicum
1162 2100 1337 2188 iactantes,
1363 2111 1421 2184 quc

299 2195 474 2264 manifeste
502 2196 631 2264 heresis
652 2198 853 2283 ignominias
873 2202 907 2264 et
922 2198 1139 2266 intolerabilis
1166 2197 1348 2267 christiane
1373 2211 1424 2262 11-

300 2296 435 2383 ligionis
463 2301 671 2384 contemptos
699 2302 732 2364 et
756 2297 956 2384 pertinaciae
984 2297 1217 2366 ostendebant
1262 2295 1425 2385 Aquibus

301 2394 449 2462 similiter
466 2395 627 2464 canonice
644 2397 677 2462 et
694 2394 909 2483 solempniter
924 2397 1049 2487 moniti,
1077 2413 1139 2465 nec
1155 2395 1323 2463 abstinero
1342 2390 1426 2483 passi

299 2493 354 2564 vel
388 2493 429 2560 ab
463 2493 692 2562 ecclesiastica
726 2496 907 2564 monitione
943 2497 1098 2585 correcti,
1132 2501 1272 2583 peccata
1299 2489 1426 2562 infanda

300 2593 550 2662 accumulavere
576 2595 735 2683 peccath,
764 2593 1019 2662 Sarracenornm
1043 2599 1075 2662 et
1101 2593 1237 2661 aliarum
1264 2591 1427 2682 supersti-

300 2694 425 2760 tionum
453 2699 564 2761 seotas
593 2699 625 2760 et
649 2694 805 2761 materias
831 2695 956 2782 imitati,
982 2697 1020 2761 ut
1046 2698 1079 2761 et
1104 2692 1169 2780 ipsi
1197 2693 1373 2760 sarraceni
1396 2691 1426 2756 et

278 2801 279 2804 ’
300 2791 437 2860 heretici
462 2791 640 2860 manifesti.
681 2792 821 2879 Insuper
846 2794 1004 2860 monitum
1031 2791 1119 2859 hunc
1136 2791 1346 2860 Ludovicum
1362 2790 1427 2858 Ba-

301 2908 413 2958 varum
446 2891 574 2958 illorum
609 2890 831 2959 hereticorum
862 2891 1028 2959 erroribus
1063 2888 1275 2977 infandisque
1305 2889 1426 2958 actibus

300 3006 371 3056 non
389 2988 564 3076 adherere3
592 2987 665 3080 sed,
684 2991 712 3058 11
734 2989 776 3058 ad
794 3007 924 3058 sacrum
942 2990 1069 3078 imperii
1089 2989 1219 3056 culmen
1234 2990 1426 3077 aspirasset,

300 3086 377 3155 r'llcs
404 3093 438 3154 11
463 3089 653 3157 consimiles
680 3090 871 3174 abhorrere,
899 3095 932 3157 et
956 3089 1027 3157 veri
1053 3087 1111 3154 frlii
1138 3094 1354 3156 sacrosancte
1373 3102 1429 3154 ec·

304 3184 406 3253 111111
433 3205 524 3255 more
551 3187 593 3256 ad
618 3187 694 3256 illos
721 3186 934 3278 repellendos
961 3193 995 3255 et
1019 3185 1222 3255 refellendos
1240 3193 1308 3254 tam
1323 3184 1429 3275 pravis

304 3284 442 3352 ausibus
477 3285 619 3354 ecclesie
645 3293 755 3356 astare
774 3293 815 3354 ct
841 3289 976 3356 servire.
1025 3285 1092 3354 Sed
1118 3284 1189 3375 ille,
1218 3287 1313 3353 cuius
1341 3295 1429 3352 mens

303 3385 338 3450 in
364 3384 540 3451 ecclesium
567 3384 668 3454 effera
694 3405 806 3455 earum
832 3385 1042 3474 tyrannidum
1065 3390 1348 3472 tyrannorumque
1365 3383 1432 3451 lta-

302 3481 442 3551 licorum
472 3484 543 3549 iura
575 3489 690 3552 tencre
725 3487 841 3574 spiritu
872 3484 1037 3554 diabolico
1064 3486 1334 3573 coniectaverat,
1369 3497 1433 3548 nou

304 3579 405 3650 modo
437 3599 505 3649 nou
542 3580 684 3673 destitit,
719 3585 778 3652 sed
811 3587 971 3654 vicarium
997 3602 1094 3653 suum
1120 3589 1323 3670 gentemque
1352 3580 1434 3648 Ger-

305 3699 435 3749 manam
469 3680 630 3750 adversus
666 3682 810 3752 ecclesie
843 3688 967 3752 monita
996 3688 1150 3772 potenter
1176 3683 1378 3771 transmisit,
1405 3681 1434 3744 et

306 3798 344 3847 se
376 3779 558 3849 hereticum
584 3787 617 3848 et
643 3780 826 3850 divinarum
860 3784 1134 3852 constitutionum
1168 3781 1317 3848 exhibuit
1352 3795 1435 3847 corr-

305 3885 511 3967 temptorem.
550 3880 630 3949 Post
657 3899 720 3967 que
748 3881 900 3950 cumbis
927 3883 1078 3971 tyrannis
1105 3883 1275 3948 consortia
1293 3885 1327 3948 et
1351 3895 1434 3947 con-

304 3976 486 4048 iurationes
505 3979 647 4049 nefarias
666 3981 747 4069 iniit,
776 3980 853 4048 dum
873 3980 915 4049 ad
933 4000 993 4051 eos
1015 3979 1195 4050 sectandos
1220 3985 1254 4047 et
1270 3976 1435 4046 fovendos

305 4093 419 4145 eorum
443 4077 595 4148 ductibus
614 4087 648 4149 et
669 4082 872 4168 sumptuosis
893 4079 1132 4150 commeatibus
1151 4079 1186 4147 in
1201 4077 1330 4146 ltaliam
1352 4093 1435 4144 con-

304 4173 490 4245 descendit.
532 4178 623 4248 Feda
648 4179 711 4247 hec
737 4179 877 4249 dissidia
904 4180 1042 4250 assidue
1068 4178 1164 4248 labes
1187 4179 1252 4246 iam
1272 4194 1361 4265 pene
1381 4191 1438 4263 per
