3028 4878
271 239 341 310 396
591 267 733 316 33333333
753 266 959 314 urcronurnsrs.
995 268 1019 332 5,
1037 267 1061 318 3.

188 419 254 472 1332
270 407 398 496 tigissc,
426 403 516 494 quod
542 405 718 496 Cumanos,
746 411 880 493 gentem
900 405 1068 474 crudelem
1085 409 1118 473 et
1135 405 1277 492 impiam,
1306 421 1401 491 super

270 504 531 573 Christianorum
563 507 729 573 interitum
756 503 967 594 adduxisset,
1003 505 1180 572 humanum
1206 503 1400 586 sanguinem

270 603 368 672 avide
394 605 570 693 sitientem,
598 605 684 671 sicut
701 603 779 672 olim
794 602 836 671 ad
853 599 1021 670 Amasiam
1048 620 1161 688 regem
1183 599 1266 669 luda
1284 600 1420 668 dictum·

270 709 322 770 est
355 709 470 771 contra
503 702 658 771 idumeos
692 707 918 790 pugnantem:
951 699 1005 790 „O
1032 719 1110 790 rex,
1137 717 1180 767 ne
1215 698 1402 785 egrediatur
1493 755 1494 788 ,

269 789 376 870 tecum
404 804 569 869 exercitus
595 800 709 889 lsrael,
738 818 806 868 non
832 806 884 868 cst
910 801 995 866 enim
1023 798 1176 867 dominus
1207 815 1280 865 curn
1305 796 1404 865 lsrael

270 907 303 968 ct
328 902 456 968 cunctis
485 899 559 967 siliis
584 898 725 967 Etlraim.
761 896 859 979 Quod
885 901 913 965 si
939 905 1037 985 putas
1068 900 1103 965 in
1129 896 1247 965 rohore
1275 895 1402 963 exerei-
1493 957 1494 960 ,

269 1007 323 1067 133
337 999 425 1067 bella
442 999 639 1086 consistere,
667 998 817 1084 superari
838 1003 871 1064 te
887 995 986 1064 lactet
1003 995 1158 1064 dominus
1187 995 1228 1062 ah
1246 994 1405 1062 hostibus.

268 1097 330 1165 Dei
357 1098 478 1184 quippe
506 1103 558 1164 est
583 1095 741 1163 adiuvare
768 1100 802 1162 31
827 1097 861 1162 in
887 1093 1000 1181 lugam
1026 1090 1257 1163 convertere.“
1291 1094 1335 1162 Et
1364 1092 1406 1159 sic

268 1197 334 1264 hoo
351 1196 489 1283 prelium
511 1202 564 1262 est
584 1195 738 1262 solutum.
771 1193 853 1261 Nam
878 1193 1061 1262 secundum
1084 1193 1285 1260 Salustium:
1312 1190 1405 1282 „Ho-

270 1296 330 1362 stis
358 1294 531 1380 logatione
566 1294 788 1381 captivatione
816 1297 849 1359 ct
874 1293 1097 1380 prostratione
1124 1291 1264 1381 prelium
1292 1289 1403 1360 termi-

174 1477 177 1482 .
249 1398 376 1481 natur,
403 1399 437 1459 et
461 1392 600 1460 victoria
626 1387 868 1479 3333333133.α
901 1392 942 1460 111
970 1389 1110 1458 Ovidius
1137 1388 1232 1456 dicit:

366 1491 506 1580 „Pugna
532 1508 629 1559 suum
656 1490 764 1580 tinem,
793 1507 866 1557 cum
893 1492 980 1559 iacet
1005 1490 1125 1578 hostis,
1152 1483 1289 1556 hahet.“

268 1769 320 1838 Dc
350 1769 451 1854 pestis
480 1771 560 1852 post
588 1767 719 1849 bellum,
753 1770 786 1835 et
817 1767 977 1837 solutione
1011 1767 1181 1838 amborum
1211 1769 1401 1854 fratruele

367 1867 566 1952 copttottote.
1038 1965 1040 1970 ,
1271 1869 1352 1952 Cep.
1378 1882 1402 1932 o.

73 2085 76 2091 .
188 2046 254 2102 1323
343 2028 441 2100 Anno
469 2031 593 2101 domini
618 2031 808 2120 supradicto
834 2034 1048 2101 mcccxxiii.
1067 2037 1186 2101 exacto
1210 2033 1316 2120 prelio
1335 2033 1401 2100 Lu·
1495 2031 1496 2034 ’

269 2129 420 2199 demicus
455 2132 606 2200 civitates
640 2133 768 2219 imperii
797 2132 968 2220 lustravit,
997 2137 1030 2198 31
1056 2130 1300 2219 aquihusdarn
1327 2131 1403 2200 olim

269 2229 334 2296 sihi
351 2231 523 2299 contrariis
543 2229 779 2298 honorabiliter
800 2236 852 2298 cst
873 2236 1062 2318 susceptus.
1096 2229 1274 2298 Heinrious
1298 2238 1404 2298 autem

269 2327 337 2396 dux
369 2327 537 2397 llarinthie
565 2336 598 2396 ct
623 2328 796 2397 Heinrious
832 2328 900 2396 dux
927 2329 1059 2396 Goricie
1086 2327 1128 2395 ad
1156 2345 1230 2396 cum
1256 2331 1400 2415 veniunt,

268 2426 479 2515 postulantes
513 2433 549 2496 31
577 2427 776 2495 Fridcricum
804 2427 958 2516 dimittat,
986 2419 1406 2516 pactaquc1recipiutud
1496 2455 1497 2499 1

270 2543 331 2594 333
365 2527 521 2614 placitum
554 2526 745 2595 voluntatis.
786 2524 849 2606 Qui
876 2526 953 2594 dum
979 2526 1079 2593 nichil
1104 2524 1328 2616 proficerent,
1354 2527 1406 2591 in·

179 2679 180 2684 ,
270 2625 375 2692 aniter
401 2624 444 2693 ad
468 2627 602 2714 propria
636 2631 714 2694 sunt
738 2625 875 2693 reversi.
907 2624 1102 2713 Leupoldus
1138 2625 1270 2711 spirans
1305 2623 1407 2691 adhuc

270 2724 429 2791 minarum
467 2729 500 2791 et
533 2722 642 2813 cedis,
678 2724 860 2811 imperialia
892 2725 1039 2809 insignia
1064 2721 1204 2791 rerldcre
1230 2723 1403 2810 recusavit,

272 2827 306 2888 ct
331 2821 472 2889 necdum
501 2840 538 2890 se
560 2823 684 2891 victum
710 2828 843 2911 propter
869 2819 1001 2890 fratrum
1029 2823 1199 2907 angariam
1225 2820 1403 2888 affirmavit.

271 2919 345 2988 Hoc
372 2926 520 3008 tempore
555 2921 644 2987 misit
669 2919 871 2987 Ludewious
897 2919 1132 2988 Berchtoldum
1159 2919 1200 2987 de
1227 2919 1349 3008 Nyllen
1372 2919 1403 2984 in

273 3018 429 3086 auxilium
463 3017 700 3086 Vicecomitum
731 3018 912 3106 hlemphey
940 3025 972 3086 ct
999 3019 1136 3087 filiorum
1164 3019 1246 3086 clus.
1291 3017 1406 3087 Contra

274 3133 360 3204 qrros
394 3135 482 3204 papa
508 3117 595 3183 misit
619 3116 858 3184 Berhtrandum
891 3119 974 3185 tituli
1002 3119 1108 3185 sancti
1133 3116 1285 3185 hlarcelli
1311 3131 1403 3205 pres·

272 3214 413 3282 hiterum
439 3214 640 3283 cardinalem
667 3220 699 3283 et
724 3217 871 3300 legatum
898 3223 997 3302 atque
1015 3217 1201 3303 Philippum
1218 3215 1319 3283 hlium
1338 3213 1404 3281 lla-

275 3313 336 3380 roli
363 3312 405 3382 de
439 3312 553 3381 Vallas
584 3318 704 3402 postca
737 3332 849 3400 regem
882 3314 1020 3382 Francie
1047 3321 1081 3382 ct
1107 3316 1203 3382 etiam
1229 3315 1405 3383 Berhtruu-

275 3410 351 3479 dum
378 3411 419 3478 de
447 3410 562 3480 ordine
588 3413 764 3502 hlinorum,
792 3413 1052 3480 'lhcolosianum
1083 3412 1124 3480 de
1152 3411 1269 3481 ordine
1297 3409 1405 3480 Prodi-

274 3516 439 3600 catorum,
467 3511 682 3599 inquisitores
716 3511 937 3579 hereticorum
974 3530 1033 3599 per
1063 3510 1307 3579 Lomhardium.
1348 3506 1405 3588 Qui

275 3609 505 3677 iudicaverunt
539 3627 598 3677 cos
632 3609 799 3678 hereticos
835 3610 1333 3678 33313311313133133133333.
1367 3604 1405 3672 Et

275 3716 411 3798 propter
446 3708 510 3776 hoc
542 3706 744 3776 Ludewious
780 3707 888 3776 fautor
915 3708 1133 3776 hereticorum
1159 3707 1324 3776 iudicatus
1348 3707 1403 3791 cst,

276 3813 309 3876 ct
334 3810 481 3896 privatus
517 3808 606 3874 omni
631 3809 700 3874 iure
733 3807 822 3895 quod
850 3808 913 3876 sihi
941 3806 1053 3896 quoad
1078 3807 1249 3896 imperium
1276 3819 1404 3890 compc-

277 3911 347 3975 tere
374 3905 558 3997 videbatur,
587 3911 621 3974 et
646 3905 776 3973 formati
803 3912 880 3974 sunt
906 3913 1022 3974 contra
1040 3924 1113 3974 cum
1132 3923 1312 3994 processus
1330 3918 1404 3987 gra-

274 4022 347 4072 vcs.
382 4003 480 4084 Quod
505 4023 566 4092 pro
590 4004 711 4072 nichilo
730 4011 901 4094 reputans,
929 4005 1183 4094 appellationem
1208 3999 1404 4091 interposuit,

276 4103 452 4174 salubriter
480 4109 515 4170 ut
542 4104 604 4171 sihi
631 4102 736 4171 tuerat
763 4105 868 4170 risum
896 4102 1101 4173 informatus

311 4269 342 4334 1)
361 4282 391 4322 33
412 4269 458 4322 tler
476 4269 566 4336 Lech,
583 4272 609 4322 in
629 4271 676 4325 der
694 4271 733 4324 hs.
752 4269 817 4325 lchlt
835 4283 892 4339 que.
