3052 4878
267 156 313 225 70
585 182 699 228 nrcomr
720 183 764 227 rr.
788 181 929 228 uornorr.
952 180 1084 226 nrunrro.

183 337 250 392 tam
266 341 336 392 rem
363 329 397 390 et
427 322 633 409 suppriorem
664 320 798 389 fratrum
830 318 1074 387 Predioatorum
1099 316 1394 388 Mediolanensium

266 424 355 491 misit
382 421 519 511 Spiram,
548 418 743 506 signiiieans
770 420 811 508 ei,
839 417 929 505 quod
955 417 1111 486 Lausane
1138 418 1241 486 vellet
1257 419 1320 487 sibi
1338 437 1393 488 oe-

267 538 399 589 eurrere
427 538 500 588 oum
517 518 592 586 liliis
611 521 680 587 suis
703 525 737 586 et
753 517 843 585 mille
861 522 1069 606 armatorum,
1097 521 1131 584 et
1151 516 1242 604 quod
1265 525 1394 604 gentem

267 639 335 689 non
361 623 492 688 curaret
518 617 684 686 adducere
704 635 870 706 magnam,
898 618 976 705 quia
993 634 1067 684 eum
1087 634 1156 684 uno
1176 615 1307 685 laloone
1328 620 1395 685 sine
1507 680 1515 701 ,Ν

267 721 365 789 armis
382 720 490 809 ipsum
510 716 648 786 duceret
661 735 722 807 per
738 722 840 785 totam
855 714 1096 784 Lumbardiam.
1112 714 1274 784 Dominus
1292 722 1397 784 autem
1514 707 1515 712 ’

267 837 327 887 rex
360 837 412 887 me
444 822 603 907 presente
637 817 754 906 petivit
784 814 849 883 hoo
880 813 1082 903 apredietis
1113 814 1223 902 priore
1258 821 1292 882 et
1316 834 1397 903 sup·
1513 901 1514 910 ἵ

266 920 395 1008 priore,
423 923 529 985 utrum
556 914 750 1004 eraderent,
778 912 869 1001 quod
899 912 1053 982 dominus
1080 911 1187 981 Guido
1214 914 1399 983 intenderet

267 1016 389 1106 iaoere,
405 1015 496 1103 quod
512 1013 701 1083 mandabat.
725 1011 985 1101 Responderunt
1001 1014 1036 1080 in
1058 1013 1184 1080 animas
1203 1031 1292 1103 suas,
1311 1011 1398 1101 quod

266 1118 313 1184 itu
339 1113 530 1183 eredebant.
555 1114 717 1182 Dominus
743 1117 854 1180 autem
881 1113 1016 1180 omnino
1037 1110 1297 1179 verbislratrum
1315 1129 1398 1180 oon-

268 1215 386 1304 iidens,
414 1213 602 1302 specialiter
627 1231 701 1280 cum
726 1230 812 1280 unus
839 1228 953 1279 eorum
978 1210 1115 1299 dioeret,
1144 1227 1181 1278 se
1202 1229 1279 1279 esse
1306 1229 1399 1280 suum

268 1313 509 1402 confessorem,
536 1314 584 1380 sio
609 1312 840 1400 inpreparatus
859 1309 1041 1400 festinavit,
1068 1308 1211 1377 eredens
1231 1309 1322 1397 quod
1339 1313 1401 1378 ista

268 1414 379 1480 omnia
406 1418 523 1480 essent
547 1427 638 1479 vera.
673 1411 715 1478 lit
739 1411 805 1478 ista
830 1407 891 1476 luit
916 1427 984 1478 una
1009 1426 1130 1498 eausa,
1159 1403 1257 1496 quia¹
1284 1410 1400 1478 oonsi-

267 1512 346 1579 lium
372 1510 496 1580 domini
523 1511 613 1596 regis
633 1509 782 1600 immola,
809 1507 888 1576 lioet
914 1508 1080 1577 sanotitati
1105 1514 1216 1577 vestre
1242 1511 1324 1576 tuno
1348 1509 1401 1577 vi-

267 1611 402 1681 deretur
427 1609 625 1700 expediens,
651 1610 782 1676 minime
810 1609 1008 1695 expectavit.

341 1711 380 1778 lu
398 1710 554 1782 illolooo
579 1708 733 1777 dominus
759 1705 918 1775 Rioardus
945 1707 987 1775 de
1011 1706 1222 1775 lisoionibus
1249 1705 1292 1773 de
1313 1707 1401 1774 Ver-

268 1810 363 1877 oellis
399 1809 579 1897 expulsae,
620 1824 688 1876 non
723 1807 879 1875 obstante
912 1805 1135 1895 prohibitione
1168 1805 1260 1893 quod
1291 1807 1402 1874 nullus

268 1926 365 1976 suum
392 1910 622 1995 episcopatum
648 1906 763 1995 exiret,
790 1907 882 1972 venit
902 1923 975 1972 oum
998 1909 1130 1972 eentum
1151 1906 1286 1973 armatis
1304 1907 1404 1992 equi-

269 2008 357 2076 tibus
383 2006 576 2095 Taurinum,
603 2003 721 2073 dieens
753 2003 904 2093 publice,
938 2003 1030 2090 quod
1056 2003 1246 2072 destructus
1274 2010 1348 2072 erat
1373 2011 1405 2072 et

269 2108 322 2175 sui
330 2160 340 2197 ,
368 2111 402 2174 et
428 2105 589 2192 expulsus
617 2107 652 2170 et
676 2102 863 2170 conimatus
889 2110 1025 2191 propter
1047 2109 1175 2191 portem
1198 2105 1345 2193 imperii,
1374 2107 1406 2170 et

270 2204 360 2292 quod
387 2205 474 2272 siout
500 2203 634 2271 domino
661 2220 723 2270 suo
750 2201 792 2269 de
818 2202 875 2269 illo
901 2201 1049 2291 modico,
1075 2200 1165 2290 quod
1192 2204 1241 2270 eis
1268 2220 1405 2270 reman-

269 2310 369 2394 serat,
395 2309 531 2392 paratus
559 2307 630 2369 erat
657 2301 687 2368 ei
714 2303 838 2368 servire
864 2318 972 2387 usque
999 2300 1042 2369 ad
1068 2307 1215 2370 mortem.
1241 2301 1405 2369 Dominus

269 2418 329 2470 rex
353 2402 484 2491 publioe
519 2402 570 2469 sie
595 2398 785 2488 respondit:
818 2400 908 2484 quod
931 2398 1191 2485 compatiebatur
1217 2401 1247 2466 et
1271 2401 1407 2468 multum
1509 2475 1510 2478 Ἴ

268 2505 302 2570 et
324 2503 419 2583 sarim·
453 2505 562 2569 tumeo
586 2500 833 2586 quodpropter
858 2516 952 2565 soom
973 2503 1105 2583 portem
1129 2497 1193 2566 doe
1218 2500 1406 2582 demeteret,
1511 2538 1512 2547 κ

268 2602 390 2669 moon
414 2600 585 2683 credebat,
611 2617 684 2667 eum
717 2599 787 2683 ipse
807 2601 940 2682 portem
964 2599 999 2664 to
1024 2596 1224 2665 lombardie
1249 2615 1315 2664 ooo
1342 2597 1406 2665 leo-
1513 2587 1514 2608 ¹

148 2753 152 2756 .
268 2699 366 2784 beret)
383 2701 446 2767 sed
460 2703 581 2779 totum·
605 2701 807 2783 deopertam
827 2695 924 2764 nollet
940 2700 1048 2764 tenere
1063 2699 1098 2764 to
1114 2695 1324 2778 Looedurdto,
1347 2715 1408 2764 nee
1514 2783 1515 2790 ἵ

263 2817 329 2885 pro
351 2801 450 2884 porte
475 2799 625 2879 venerut,
650 2797 788 2880 sedpro
805 2798 882 2861 toto.
908 2795 959 2862 Ex
977 2797 1044 2864 isto
1068 2795 1171 2863 verbo
1198 2795 1266 2862 lere
1286 2813 1407 2865 omnes
1513 2795 1514 2798 ’

269 2897 375 2966 Guelir
402 2896 586 2984 oonsolati,
614 2900 648 2962 et
676 2896 782 2962 omnis
809 2894 909 2962 homo
936 2892 1024 2963 dieto
1051 2896 1123 2980 regi
1149 2893 1383 2964 benedicebat.

342 2995 465 3064 Postea
487 2999 652 3062 venerunt
680 2991 723 3060 ad
750 3011 825 3062 eum
849 2993 928 3060 illuo
952 3012 1065 3064 eomes
1090 2993 1306 3082 Philipponus
1333 3012 1409 3062 oum

269 3098 340 3162 tota
365 3094 479 3161 militia
503 3093 725 3181 Pupiensium,
754 3093 811 3179 qui
836 3090 984 3183 luerunt,
1012 3098 1047 3160 ut
1070 3091 1200 3182 audivi,
1226 3093 1408 3180 plusquam

269 3191 520 3280 quadringerrti;
546 3191 675 3280 *Symon
701 3190 744 3258 de
769 3187 955 3259 Advocatis
982 3190 1025 3260 de
1045 3191 1209 3260 Veroellis
1236 3209 1310 3258 oum
1339 3191 1409 3260 du-

268 3292 376 3359 eentis
403 3291 559 3359 militibus
586 3290 629 3359 ad
657 3308 757 3379 arma,
784 3296 818 3357 et
843 3289 996 3358 dominus
1022 3287 1190 3358 Antonius
1218 3289 1260 3358 de
1286 3289 1409 3360 Laude

270 3407 344 3457 oum
370 3394 502 3457 eentum
529 3391 663 3458 armatis
690 3394 724 3457 et
748 3387 836 3475 plus,
862 3394 899 3455 ut
923 3388 1103 3458 dicebatur.
1147 3388 1206 3456 lsti
1232 3395 1301 3457 tres
1327 3394 1412 3478 post

270 3488 438 3558 dominum
465 3487 649 3557 Guidonem
682 3486 724 3556 de
752 3487 854 3555 Turre
880 3489 914 3554 in
942 3491 1036 3575 parte
1064 3487 1213 3575 Guelpha
1240 3487 1410 3557 dioeban-

270 3593 321 3658 tur
354 3587 516 3677 maiores,
550 3586 804 3675 prudentiores,
841 3590 874 3652 et
899 3584 1024 3654 domini
1057 3605 1189 3656 suarum
1222 3588 1410 3656 civitatum.

270 3686 452 3755 Consilium
477 3687 615 3754 istorum
640 3684 711 3774 luit,
739 3681 829 3770 quod
857 3684 978 3752 nullam
1005 3693 1132 3773 partem
1158 3687 1347 3773 expositam
1374 3688 1410 3754 in

269 3785 381 3874 aliqua
408 3785 542 3854 civitate
574 3788 751 3873 reponeret
776 3781 885 3850 donee
911 3791 1002 3852 esset
1028 3791 1226 3873 coronatus,
1254 3789 1288 3852 et
1314 3784 1410 3872 quod

269 3885 334 3955 hoo
359 3903 419 3973 pro
447 3885 573 3953 meliori
599 3888 692 3952 esset
714 3881 867 3970 pluribus
893 3883 1077 3952 rationibus
1105 3881 1341 3951 ostendebant.

343 3983 380 4051 ln
407 3983 526 4052 eodem
548 3982 624 4052 loeo
650 3983 741 4050 venit
766 3979 911 4050 marehio
931 3981 1135 4051 Saluoiamm
1156 3984 1244 4050 oiroa
1271 3988 1412 4050 eentum

269 4087 414 4151 armatos
440 4101 553 4153 seeum
579 4082 717 4153 habens.
755 4079 804 4147 lbi
830 4080 934 4149 voluit
959 4081 1067 4149 iurare
1095 4086 1129 4149 et
1153 4080 1263 4150 lacera
1290 4079 1412 4150 fideli·-

304 4205 334 4269 1)
353 4217 431 4274 quare
449 4205 539 4260 uriirde
559 4207 616 4263 dem
634 4207 693 4260 sinn
713 4203 803 4258 besser
821 4203 1000 4273 emspreehen
