3028 4878
499 217 625 264 nrrnnm
647 219 879 264 aramvonurrsrs.
1186 195 1259 262 tro

119 359 243 423 tantum
270 353 361 440 quod
387 353 430 422 de
458 360 549 423 tanta
576 358 778 424 ventositate
810 358 969 426 memoria
996 358 1163 426 bominum
1190 376 1260 427 non

119 455 240 521 existit.
272 453 409 541 Propter
427 458 535 521 tantas
555 457 660 522 eoiam
682 457 769 524 aeris
789 458 969 543 passiones
995 465 1157 526 ventosas
1182 459 1260 546 opi-

117 557 239 619 nantur
272 551 423 620 nonnulli
458 553 564 620 eniam
597 559 676 621 tuno
712 560 921 622 terremotum
957 554 1071 625 luisse.
1106 557 1260 624 Preterea

119 652 224 718 eoiam
251 649 305 740 die
331 649 519 718 immediate
548 651 776 738 subsequente
802 660 879 740 post
902 653 1045 722 medium
1064 672 1125 722 sue
1149 656 1258 722 noetis

116 747 315 837 pregrandis
335 755 509 816 ventorum
528 750 759 838 impetuositas
776 752 935 840 insonuit,
962 752 1023 821 sed
1042 771 1110 820 non
1127 754 1160 830 in
1179 759 1258 820 tau-

116 854 183 914 tum
211 846 349 914 invaluit
375 853 407 913 et
434 847 572 918 duravit
604 846 759 918 Attamen
786 848 1054 938 dampnificativa
1077 869 1117 918 ao
1137 853 1258 919 nociva

114 947 149 1012 in
174 946 294 1013 multis.
330 944 401 1013 Heo
428 964 561 1032 quoque
588 949 774 1016 ventositas
799 948 902 1018 multo
928 951 1032 1018 maior
1053 955 1086 1017 ot
1105 950 1257 1017 nooivior

114 1041 175 1111 luit
200 1050 372 1112 ventorum
398 1045 521 1134 impetu
547 1045 719 1134 prelibato.

406 1527 595 1598 LUPOLDI
619 1530 677 1598 DE
703 1530 958 1600 BEBENBURG

110 1643 388 1715 RII'MATICUM
421 1642 717 1726 QUERULOSUM
744 1647 799 1714 ET
825 1646 1131 1718 LAMEN'IOSUM
1157 1651 1252 1720 DIC-

111 1759 266 1831 TAMEN
298 1761 355 1830 DE
393 1759 620 1829 MODERNIS
656 1761 862 1832 CURSIBUS
895 1765 950 1831 ET
986 1765 1252 1835 DEFECTIBUS

232 1876 362 1946 REGNI
386 1873 442 1944 AC
469 1875 635 1944 IMPERII
659 1875 949 1947 ROMANORUM.
977 1875 1131 1993 (Q)

184 2185 437 2277 Romanorum·
453 2207 611 2276 Cesarum
638 2206 715 2276 dum
741 2212 841 2292 gesta
866 2209 1076 2297 perlegendo

109 2307 296 2375 Chronioas
323 2308 539 2396 revolverem,
565 2309 712 2374 intentus
738 2306 933 2397 inherendo,

106 2405 196 2473 Hino
223 2405 279 2473 diu
306 2405 417 2474 studio
445 2403 551 2493 oapud
581 2407 673 2472 sensi
699 2410 883 2490 gravatum.

104 2503 262 2572 Reoreari
288 2506 428 2592 cupiens
454 2505 567 2570 virens
594 2501 684 2570 adivi
708 2508 847 2592 pratum,

104 2603 172 2671 Ubi
199 2602 298 2671 llores
317 2603 407 2669 varii
433 2602 520 2668 visui
545 2601 633 2668 vires
662 2600 796 2688 dabant,

104 2703 148 2770 Et
176 2706 358 2768 oonoentus
385 2701 494 2767 avium
522 2699 666 2766 auditum
694 2695 915 2767 delectabant.

104 2800 181 2868 Hoo
207 2804 301 2887 prato
327 2817 388 2887 per
414 2799 556 2886 spatium
582 2797 802 2883 longinquum
828 2797 937 2864 libens
965 2799 1020 2884 ivi,

106 2899 234 2985 Capitis
261 2897 476 2983 gravedinem
503 2895 613 2964 donee
640 2903 782 2963 amotam
810 2897 904 2965 solvi.

105 2995 256 3065 Tandem
283 2998 367 3085 prati
393 2996 511 3065 semita
537 2993 670 3062 deserto
697 3011 748 3060 me
776 2995 957 3082 ooniunxit,

105 3094 210 3163 Cuius
237 3094 305 3162 lata
329 3095 469 3162 vastitas
496 3092 587 3162 oordi
613 3093 760 3160 timorem
787 3093 902 3160 iunxit.
1204 3088 1250 3158 10

105 3192 177 3262 Sed
203 3192 316 3261 odoris
343 3193 491 3259 suavitas
517 3191 605 3258 huno
630 3191 746 3278 prooul
772 3189 935 3276 ellugavit

103 3293 158 3360 Ex
183 3290 319 3358 deserto
345 3288 504 3377 prodiens
533 3293 566 3356 et
591 3307 643 3356 me
671 3288 851 3357 letilioavit.

104 3389 191 3456 Nam
218 3388 280 3455 beo
307 3389 518 3456 aromaticum
545 3406 674 3456 omnem
701 3388 781 3456 vioit
806 3386 954 3476 odorem,

104 3487 150 3554 Et
174 3485 364 3575 predulcem
391 3486 504 3570 gustui
530 3503 604 3554 meo
631 3485 723 3554 dedit
749 3503 915 3573 saporem.

104 3583 180 3654 Hee
206 3585 286 3651 mira
313 3585 525 3672 oonspioiens
551 3583 718 3652 desertum
745 3601 813 3651 non
845 3583 974 3670 expavi,
1203 3581 1247 3647 15

106 3681 177 3752 Sed
202 3683 311 3770 ipsum
338 3699 411 3750 oum
437 3681 561 3768 gaudio
589 3683 787 3769 quantocius
814 3683 945 3750 intravi.

180 3881 262 3949 Post
285 3879 370 3947 ultra
396 3877 616 3966 progrediens
644 3877 757 3946 sedern
784 3877 853 3945 vidi
884 3877 1024 3944 looatam

102 3979 189 4048 Mire
216 3977 480 4068 pulohritudinis,
507 3995 527 4044 a
552 3985 641 4045 terra
666 3975 883 4065 sublevatam,

103 4077 143 4145 ln
171 4097 237 4165 qua
262 4077 502 4144 venustissima
528 4075 663 4144 domina
688 4074 867 4162 residebat,

10 4239 12 4244 .
102 4175 206 4245 Cuius
233 4176 322 4244 olara
348 4172 451 4242 lanies
479 4175 585 4260 magis
611 4175 684 4244 solo
712 4171 921 4260 splendebat.
1197 4165 1243 4234 20
