3028 4878
454 251 597 299 teusanus
617 254 827 304 ricroaraasts.
863 259 886 320 5,
904 257 927 310 3.
1190 231 1259 300 393

122 389 205 458 dicit
229 390 263 456 in
289 387 513 459 Ecclesiaste:
550 391 696 478 (loesioit
726 394 936 464 ecclesiastes
969 394 1071 465 cerdo
1102 396 1197 465 utilio
1230 401 1263 466 et
1277 411 1343 466 ¹322
1404 439 1405 444 =

121 488 320 573 conscripsit
342 505 509 556 sermones
529 490 707 577 plurimes,
734 511 754 561 a
780 498 956 564 sanctitate
984 497 1068 586 vite,
1096 515 1116 564 a
1142 498 1261 564 since-

122 589 219 654 ritate
258 603 297 654 ac
331 586 471 654 utilitate
512 587 662 657 doctrine
697 593 869 679 plurimum
905 593 1157 663 commendavit
1199 595 1262 664 Hie

120 683 250 752 Albcrti
285 683 402 770 Magni
439 685 569 755 auditor
602 689 703 758 multa
732 693 854 778 scripta
880 711 918 760 ac
945 711 1090 761 summas
1116 694 1260 781 reliquit,

121 786 158 850 in
185 784 305 871 quibus
333 801 461 852 sacram
488 787 680 874 scripturam
707 789 894 881 elucidavit,
923 797 956 860 ct
980 809 1038 880 pre
1062 793 1183 860 ceteris
1209 793 1262 860 sui

123 883 178 950 evi
206 882 248 950 de
282 879 457 951 virtutibus
488 884 639 954 colendis
667 893 700 954 et
726 890 814 955 vitiis
841 887 1009 975 fugiendis
1036 891 1158 959 clarius
1185 890 1260 959 dis-

121 983 261 1070 putavit,
289 983 376 1048 sieut
403 979 535 1050 Oratius
562 983 604 1052 dc
630 984 777 1054 Homero
804 986 896 1055 dicit:

221 1077 309 1170 „Qui
326 1081 405 1166 quid
423 1083 465 1149 sit
482 1081 639 1173 pulcrum,
658 1084 738 1170 quid
754 1093 858 1174 turpe,
876 1086 954 1175 quid
972 1086 1065 1177 utile,
1085 1087 1165 1175 quid
1180 1104 1260 1177 non,

246 1178 380 1248 Planius
399 1197 438 1247 ac
456 1181 573 1249 melius
595 1181 781 1272 Chrysippo
801 1191 834 1254 ct
851 1184 1010 1254 Crantore
1029 1179 1162 1255 dicit¹.“

121 1357 175 1426 De
196 1358 306 1444 prelio
330 1359 488 1428 Fridertci
514 1366 547 1428 et
569 1361 739 1449 Ludetoici,
765 1370 799 1432 et
820 1364 864 1432 idi
888 1367 999 1451 pestis.
1113 1366 1194 1452 Cup.
1219 1367 1260 1433 io.

195 1460 295 1542 Aurio
314 1474 437 1544 domiui
452 1476 571 1545 eedem
587 1479 715 1546 scilicet
732 1481 936 1548 mcccxxii.
954 1479 1139 1550 Fridericus
1157 1499 1260 1548 exer-

121 1573 223 1640 citum
250 1590 479 1665 congregans,
506 1576 661 1661 Ungaros
690 1585 723 1645 et
749 1577 915 1646 Cumanos
943 1579 1133 1669 advocans,
1161 1579 1260 1646 fmem

120 1672 317 1740 necessitati
342 1673 462 1740 votens
489 1674 662 1765 inponere,
690 1682 815 1744 etcum
835 1676 1020 1745 Ludewieo
1045 1696 1105 1766 per
1121 1678 1260 1765 prelium

120 1771 295 1856 negotium
329 1770 486 1859 expediri.
532 1773 571 1840 Et
603 1776 698 1842 mittit
730 1775 945 1843 Emichoucm
978 1774 1020 1843 de
1057 1773 1185 1863 Afzcya
1217 1775 1260 1844 ad

121 1867 314 1937 Heinricum
349 1870 467 1938 ducem
493 1870 680 1962 Kerinthie,
718 1891 857 1942 mouens
891 1881 1056 1962 quatenus
1084 1875 1146 1941 sibi
1173 1878 1260 1944 sicut

118 1969 320 2055 premiserat
340 1969 519 2036 subveniat
539 1976 572 2036 et
591 1973 738 2041 assistat.
772 1972 864 2040 Fecit
880 1979 989 2040 autem
1009 1975 1182 2041 transitum
1201 1991 1261 2061 per

119 2068 359 2134 monasterium
374 2064 613 2137 Admontensc.
649 2069 709 2138 Cui
734 2068 839 2138 abbas
864 2072 931 2142 loci
949 2071 1184 2162 Eugelbertus,
1211 2074 1261 2140 vir

120 2182 245 2250 magne
270 2166 462 2256 litterature,
491 2174 544 2234 cst
568 2167 717 2259 locutus,
746 2168 836 2257 quod
861 2172 933 2256 regi
958 2170 1124 2238 Frideriee
1151 2188 1261 2258 expc-

123 2262 206 2331 ditio
234 2282 302 2331 uon
330 2271 422 2333 esset
447 2265 549 2356 utilis,
577 2273 611 2336 et
635 2268 669 2334 in
695 2286 890 2355 prosperum
917 2270 1106 2337 nullatcnus
1133 2287 1261 2356 prove-

119 2353 234 2429 mirati
267 2363 431 2449 Magister
461 2366 559 2432 etiam
584 2366 853 2455 Bartholomeus,
882 2367 1090 2436 Veronensis
1117 2369 1260 2436 civitatis

119 2461 295 2552 indigena,
322 2463 482 2530 incuriis
510 2465 691 2551 principum
719 2464 940 2554 assuefactus,
967 2467 1017 2533 vir
1042 2467 1076 2532 in
1100 2472 1259 2534 astrono-

119 2560 216 2627 micis
235 2566 268 2627 et
287 2561 491 2629 naturalibus
508 2562 694 2652 expeditus
719 2563 808 2648 quod
823 2581 880 2630 rex
897 2563 1083 2631 fridericus
1102 2565 1134 2631 iu
1153 2563 1261 2632 cauda

118 2657 248 2726 Leonis
265 2676 397 2748 semper
410 2659 588 2748 videretur,
617 2667 649 2729 et
667 2661 757 2748 quod
774 2680 840 2729 nou
862 2662 1050 2751 proficeret,
1077 2663 1261 2732 asserebat.

198 2756 384 2826 fridericus
419 2758 488 2826 fata
520 2765 781 2849 contempnens,
809 2761 920 2828 omnia
945 2760 1010 2829 deo
1038 2761 1259 2852 committens,

119 2856 307 2924 Bawau'am
332 2855 516 2942 ingreditur
543 2875 617 2925 cum
633 2858 791 2926 Heinrico
819 2858 917 2926 fratre
940 2865 973 2926 ct
993 2859 1161 2928 friderico
1180 2878 1259 2948 prc-

123 2955 197 3022 sule
226 2953 495 3044 Safezpurgensi.
525 2955 691 3044 Leupoldi
718 2956 826 3025 fratris
853 2958 1032 3027 adventum
1057 2959 1259 3049 prestolans,

154 3105 186 3161 fl
206 3106 285 3158 nano
310 3107 403 3159 eodem
428 3106 467 3160 bis
491 3106 619 3159 Crantore
643 3106 704 3159 dicit
720 3107 754 3160 ist
773 3108 890 3175 spiterer
907 3108 934 3159 iu
955 3107 1001 3160 der
1018 3107 1056 3159 bs.
1074 3107 1149 3160 baum
1167 3121 1198 3159 zu
1216 3105 1259 3159 le-

120 3172 218 3226 sender
237 3171 300 3226 aber
318 3174 464 3228 theilweise
483 3174 685 3229 abweichender
703 3179 803 3241 zusatz,
823 3174 869 3228 der
887 3175 942 3227 bier
960 3189 1005 3228 aus
1024 3175 1082 3228 dem
1100 3174 1179 3228 Leob.
1197 3176 1260 3228 mit-

118 3241 229 3301 gctbcilt
252 3242 293 3294 ist.
345 3242 376 3308 2)
394 3243 502 3296 Zusatz:
526 3243 574 3296 Hic
597 3243 636 3296 vir
658 3245 725 3296 acuti
749 3244 845 3309 ingenii
869 3242 901 3296 de
920 3246 1045 3309 regimine
1064 3244 1208 3311 principum
1226 3242 1260 3296 ad

118 3310 228 3363 iuvenes
248 3310 327 3364 duces
345 3312 461 3380 scripsit,
483 3325 514 3366 ac
531 3313 598 3364 inter
616 3310 666 3363 afta
684 3310 717 3362 de
736 3311 844 3364 Daniele
864 3314 889 3363 et
908 3311 1065 3379 Apocalypsi
1084 3316 1184 3378 sumpta
1201 3325 1259 3363 ma-

117 3378 192 3440 teria,
220 3377 254 3430 dc
280 3377 462 3433 Anti-Christo
490 3393 567 3447 supra
584 3378 688 3430 modum
705 3378 792 3430 lucide
810 3379 955 3446 disputavit.
991 3379 1039 3431 Hic
1057 3393 1071 3431 a
1090 3378 1188 3432 duobus
1206 3380 1259 3432 suis

118 3445 264 3513 monacbis,
290 3446 399 3514 quodam
423 3448 489 3500 laico
512 3448 654 3500 camerario
682 3452 796 3512 agente,
823 3449 854 3499 ad
880 3445 1010 3499 deminum
1028 3446 1260 3512 Salcnburgeusem

120 3511 252 3579 defertur,
278 3519 304 3567 et
330 3515 399 3582 quod
425 3520 496 3569 esset
518 3516 545 3567 iu
569 3515 720 3567 monasterii
749 3516 832 3567 causis
851 3514 947 3566 inutilis
965 3518 1106 3568 accusatur.
1144 3512 1260 3574 Quadam

120 3587 196 3634 nocte
219 3581 334 3650 prefatus
362 3583 442 3636 laicus
469 3583 534 3637 vidit
558 3595 587 3636 se
605 3586 717 3634 stantem
734 3583 760 3634 in
781 3584 867 3635 littore
886 3584 968 3648 stagni
986 3583 1059 3634 iuxta
1077 3583 1260 3635 monasterium

119 3652 195 3718 positi
213 3664 271 3703 cum
289 3650 388 3704 duobus
405 3651 540 3705 monacbis
558 3650 719 3718 supradictis,
737 3655 763 3702 et
779 3649 883 3704 beatum
900 3651 1017 3716 blasium,
1037 3651 1079 3717 qui
1096 3648 1193 3702 ibidem
1209 3663 1259 3717 pa-

120 3723 212 3771 trenus
240 3724 296 3785 cst,
315 3719 420 3772 concito
439 3721 546 3785 remigio
570 3718 653 3772 undas
670 3719 847 3786 persulcaudo
865 3720 1033 3786 venientem,
1052 3716 1168 3784 duosque
1185 3718 1259 3784 ipsos

118 3786 264 3839 monachos
290 3785 404 3840 sublatos
427 3792 453 3840 et
477 3788 569 3840 tarcum
593 3790 699 3839 tractum
725 3787 758 3839 ad
784 3787 835 3840 alta
859 3789 953 3852 stagni,
971 3785 1100 3854 procellas
1119 3784 1259 3838 horribiles

120 3855 273 3922 spumantis,
290 3856 388 3924 pariter
405 3859 520 3921 erectos,
537 3856 564 3908 in
584 3853 737 3922 profundum
754 3855 899 3922 indignanti
918 3856 1004 3907 animo
1023 3855 1189 3920 demersisse,
1209 3868 1259 3907 ex-

118 3922 289 3990 probrantem
312 3925 351 3975 cis
374 3925 535 3976 mendacium
561 3927 587 3976 et
610 3921 746 3990 perfidiam
769 3928 859 3976 contra
885 3937 958 3975 suum
981 3923 1122 3974 ministrum
1141 3927 1166 3974 et
1183 3920 1259 3993 fidum

119 3995 251 4058 pastorem
268 3991 384 4044 ecclesie
404 3990 550 4044 fabricasse.
586 3989 748 4044 Camerarius
765 4004 842 4044 mane
860 3989 1031 4058 factoplenus
1049 3991 1141 4042 timere
1160 3991 1258 4057 mertis,

120 4063 235 4112 tremens
253 4058 353 4112 abbatis
369 4058 479 4126 pedibus
496 4058 656 4127 provolutus,
674 4064 768 4126 petens
786 4060 893 4125 gratiam
911 4064 1003 4112 cuncta
1022 4072 1072 4125 que
1090 4057 1188 4110 viderat
1207 4072 1257 4126 pa-

118 4125 216 4181 tefecit.
262 4125 344 4191 Vade,
367 4129 466 4194 inquit,
486 4128 595 4194 dispone
614 4126 702 4179 domui
723 4130 768 4180 tue
788 4129 845 4193 quia
864 4128 1000 4192 morieris,
1023 4132 1048 4179 et
1065 4125 1185 4178 monachi
1205 4141 1257 4179 tina

120 4199 213 4258 tecum,
239 4197 299 4262 quia
322 4195 413 4248 beatus
438 4196 537 4248 blasius
558 4197 670 4246 restrum
687 4193 786 4248 facinus
805 4209 835 4247 ac
852 4209 935 4248 meam
951 4195 1069 4248 iniuriam
1087 4195 1201 4262 disponit
1219 4195 1259 4247 sie

118 4263 217 4316 ulcisci.
253 4263 327 4325 Quod
346 4268 373 4317 et
389 4263 483 4320 factum
500 4268 560 4330 post
577 4261 682 4316 brevem
701 4264 825 4331 temporis
841 4264 1012 4318 intervallum.
