3096 4882
519 203 586 247 vrri
608 202 716 250 rnuour
739 202 846 258 nurum
868 203 927 249 rur.
1218 174 1289 244 eut

155 351 219 406 uec
243 342 384 424 uterque
410 345 559 408 nostrum
585 341 650 408 illis
678 341 734 428 qui
759 340 914 409 iacebant
931 345 1008 408 ante
1035 348 1178 410 castrum
1198 361 1286 430 pos·
1305 357 1371 413 raas

157 453 269 504 semus
291 453 493 506 succurrere.
537 433 650 508 Tunc1
669 439 756 508 facta
774 445 828 507 est
844 439 1014 508 dissensio
1034 441 1121 508 inter
1135 443 1286 510 inimicos

154 543 290 604 nostros
314 539 370 624 (pri
387 538 553 606 civitatem
569 537 752 626 predictam
772 538 975 607 obsederant
1000 540 1034 606 iu
1058 540 1159 608 fluvio
1184 540 1286 632 Pado,

154 635 199 702 ita
219 634 311 722 quod
336 653 373 703 se
394 636 611 706 verberantes
638 638 779 706 invicem
802 638 927 706 reversi
948 644 1026 706 sunt
1043 640 1287 726 uniusquisque

154 733 197 802 ad
223 736 366 823 propria.
411 733 548 805 Rescito
569 739 634 805 isto
657 742 884 825 paternoster
903 739 994 804 venit
1016 736 1057 804 de
1075 738 1191 806 Parma
1214 757 1288 806 oum

154 835 302 902 exercitu
329 853 391 902 suo
419 852 521 923 super
537 835 658 904 flumen
676 835 767 924 Padi,
796 835 1011 904 etmandavit
1033 837 1160 904 extrahi
1181 855 1286 905 naves

155 931 196 1000 de
223 930 389 1021 profundo
404 932 505 1024 fluvii,
533 941 567 1003 et
592 925 660 1004 sic²
684 933 911 1003 transfretavit
936 953 1008 1002 cum
1030 938 1147 1022 paucis
1172 937 1207 1003 in
1235 937 1288 1004 ei-

152 1033 288 1099 vitatem
316 1030 522 1102 Cremonam.
571 1035 613 1103 Et
639 1035 794 1121 sequenti
825 1033 878 1102 die
907 1032 1104 1103 coadunatis
1131 1037 1288 1104 exerciti·-

154 1129 218 1198 bus
244 1134 471 1218 processimus
489 1133 524 1200 iu
544 1133 807 1202 subveacionem
833 1134 898 1202 illis
926 1135 982 1220 qui
1009 1139 1104 1201 erant
1129 1139 1206 1202 unte
1225 1152 1286 1202 oa-

154 1235 257 1298 strum
290 1230 539 1317 Piczignitouis.
588 1233 630 1301 Et
660 1238 787 1301 tautum
821 1231 940 1301 fuimus
966 1250 1027 1320 per
1051 1232 1115 1300 Dei
1140 1235 1287 1318 graciam

152 1327 330 1420 fortificati,
358 1329 448 1417 quod
471 1329 633 1400 forciores
658 1349 787 1400 eramus
812 1331 965 1400 omuibus
982 1333 1106 1399 nostris
1125 1332 1284 1419 inimicis;

153 1445 284 1496 eramus
312 1430 458 1496 enimin
484 1448 622 1499 numero
656 1431 716 1498 tria
742 1430 832 1496 milia
858 1430 1074 1516 galeatorum.
1119 1431 1161 1498 llt
1184 1439 1286 1519 post-

154 1544 252 1614 quam
270 1531 479 1616 percepimus
499 1529 590 1616 quod
617 1547 727 1598 coram
754 1528 843 1597 dicte
873 1534 983 1597 castro
1009 1528 1111 1596 nichil
1135 1529 1285 1616 profice-

151 1642 274 1715 remus,
302 1627 467 1696 voluimus
493 1628 677 1716 procedere
704 1629 737 1696 in
764 1645 960 1696 succursum
983 1632 1092 1696 castro
1118 1627 1284 1718 Papieusi,

151 1723 196 1793 de
223 1743 290 1812 quo
324 1732 401 1794 aute
432 1729 562 1795 mencio
588 1727 676 1796 facta
703 1733 764 1794 est.
812 1725 910 1806 Quod
936 1727 1189 1814 presencientes
1216 1728 1286 1795 ini-

149 1825 228 1892 mici
253 1825 414 1893 miseruut
440 1826 647 1895 consiliarios
675 1843 757 1896 suos
781 1832 815 1893 et
839 1825 1065 1894 fraudulenter
1091 1842 1164 1892 oum
1190 1833 1285 1913 patre

148 1928 269 1993 nostro
285 1929 518 2016 tractaverunt,
546 1932 579 1994 et
597 1943 671 1994 oum
689 1943 731 1994 eo
753 1930 890 2010 treugas
915 1927 1061 1993 inierunt
1085 1924 1142 1994 tali
1168 1923 1285 1994 modo:

150 2021 243 2110 quod
277 2021 320 2090 de
346 2026 470 2112 eampis
505 2024 642 2092 eederet
668 2030 701 2092 et
727 2030 869 2092 castrum
895 2024 1060 2112 Papieuse
1086 2024 1285 2092 victualibus

149 2127 343 2208 treugarum
369 2129 517 2211 tempore
543 2122 683 2213 fulciret,
710 2125 829 2212 ipsum,
857 2123 947 2210 quod
965 2141 1025 2211 per
1043 2123 1194 2192 inimicos
1216 2140 1285 2192 non

150 2220 384 2311 impediretur,
419 2228 675 2312 assecurantes,
711 2240 771 2310 per
803 2222 941 2309 pulchra
968 2227 1001 2290 et
1027 2220 1148 2288 blanda
1183 2222 1287 2290 verba

149 2319 255 2389 multa
281 2319 388 2388 eidem
413 2323 656 2408 promittentes.
705 2321 827 2407 Sieque
863 2319 905 2388 de
932 2322 1056 2407 campis
1083 2322 1284 2390 recessimus

149 2425 273 2505 gentes
298 2425 431 2488 nostras
455 2438 515 2508 per
532 2422 684 2488 civitates
704 2425 738 2488 et
752 2419 828 2486 loca
844 2435 906 2486 sua
925 2418 1173 2488 distribuentes.
1205 2419 1286 2488 Post

148 2517 216 2586 bec
247 2519 369 2586 inimici
403 2523 539 2604 treugas
569 2537 631 2588 seu
664 2523 762 2607 pacta
795 2519 926 2585 minime
953 2523 1147 2606 tenuerunt,
1175 2523 1208 2586 et
1236 2520 1285 2586 sio

149 2615 314 2706 perditum
336 2615 395 2684 fuit
419 2624 561 2686 castrum
575 2618 738 2706 Papieuse
758 2617 835 2703 quia
854 2634 922 2684 non
936 2617 1158 2704 permiserunt
1175 2618 1284 2704 ipsum

148 2716 274 2784 inimici
299 2715 413 2784 fulcire
431 2717 629 2785 victualibus
653 2722 752 2805 prout
766 2717 998 2803 promiserant.
1044 2713 1166 2802 Sicque
1189 2721 1285 2803 pater

149 2821 269 2884 noster
300 2833 375 2882 cum
410 2815 568 2900 gentibus
602 2818 673 2884 suis
704 2820 839 2904 propter
864 2813 987 2883 blanda
1012 2813 1115 2882 verba
1141 2819 1174 2882 et
1199 2813 1284 2882 falsa

148 2914 317 3003 promissa
343 2916 376 2981 in
401 2917 552 3001 pecuniis
574 2921 609 2983 et
625 2915 784 3003 expensis
811 2913 1013 2982 defeeemnt.
1055 2912 1184 3001 Hyeme
1202 2931 1297 2982 vero·

149 3014 410 3101 superveniente
436 3032 500 3082 uec
524 3015 559 3082 in
584 3016 711 3102 eampis
739 3019 827 3082 stare
853 3019 1017 3100 poterant.
1057 3012 1099 3080 Et
1124 3015 1175 3081 sio
1195 3025 1284 3101 'pro-

146 3111 297 3181 verbium
322 3113 357 3180 in
382 3109 481 3182 nobis
509 3114 643 3182 claruit:
670 3113 791 3181 Nocuit
806 3113 946 3196 defferre
967 3112 1110 3198 puratis.

222 3210 283 3280 lllo
310 3215 420 3280 autem
446 3218 594 3301 tempore
620 3213 850 3282 ferrarienses
877 3210 1093 3278 Veronenses
1121 3215 1154 3276 et
1182 3209 1283 3280 llan-

145 3312 242 3378 tuani
275 3327 315 3378 ac
340 3309 615 3381 Mediolanenses
646 3309 812 3380 fortificati
839 3311 1045 3396 captivarunt
1072 3310 1281 3395 capitaneum

144 3409 253 3496 legati
279 3411 431 3478 comitem
453 3409 500 3478 ‚de
516 3407 717 3478 Ariminiaco
743 3411 778 3476 iu
805 3407 970 3476 suburbiis
992 3407 1138 3476 Ferrarie
1164 3408 1283 3474 iacen-

143 3514 225 3598 tem,
254 3513 287 3577 et
313 3509 433 3578 multos
460 3509 503 3578 de
530 3511 678 3579 exercitu
704 3507 897 3579 oeciderunt
922 3513 957 3574 et
981 3507 1066 3576 alios
1089 3505 1283 3574 submerse—

142 3612 227 3676 runt
258 3608 293 3676 iu
326 3607 436 3698 Pado,
472 3615 506 3676 et
537 3611 718 3678 exercitum
747 3609 781 3675 in
808 3612 934 3674 tantum
960 3604 1164 3694 afflixerunt,
1193 3603 1283 3692 quod

143 3707 283 3794 legatus
319 3707 460 3795 amplius
497 3727 566 3776 uou
600 3707 825 3796 recuperavit,
860 3722 924 3774 nee
957 3721 1093 3793 campos
1119 3702 1282 3772 adversus

143 3807 302 3875 inimicos
328 3806 452 3875 babere
478 3807 582 3875 valuit
607 3823 715 3895 usque
742 3805 785 3874 ad
812 3805 1043 3892 expulsionem
1069 3802 1217 3872 eiusdem
1240 3801 1283 3870 de

139 3907 262 3996 patria.
673 3951 674 3955 η

220 4003 361 4074 Demum
373 4002 492 4074 videus
510 4009 728 4092 paternoster
737 4001 828 4091 quod
845 4017 993 4090 expense
1013 4000 1076 4074 sibi
1092 3998 1283 4090 delicerent,

140 4108 179 4174 et
206 4101 300 4190 quod
326 4121 480 4190 guerram
506 4102 591 4172 ferre
617 4121 686 4172 non
712 4103 848 4192 valeret,
876 4101 1043 4194 disposuit
1061 4097 1221 4168 recedere
1240 4098 1282 4168 de

181 4226 214 4292 1]
235 4225 308 4279 Tuuc
325 4224 387 4281 fehlt
404 4228 432 4280 iu
451 4225 497 4280 der
514 4225 553 4281 bs.
589 4230 620 4294 2)
639 4231 677 4282 sic
695 4228 757 4283 leblt
773 4229 800 4282 iu
820 4227 866 4282 der
883 4227 921 4280 bs.
1032 4305 1086 4360 16*
