3044 4882
281 189 352 280 322
612 239 760 288 rennuens
781 239 993 286 moronvmmns.
1028 236 1053 306 2,
1070 237 1095 290 8.

279 377 448 468 pulchram
475 375 621 448 moribus
647 379 744 449 bonis
772 380 891 446 enltnm
918 377 1067 468 baberet,
1094 377 1191 446 mittit
1214 375 1406 464 sollempnes

281 480 428 568 nuntios,
455 484 489 546 et
513 478 714 568 postulatam
740 480 901 562 virginem
922 478 1117 566 impetravit,
1145 474 1307 544 arbitrans
1326 471 1406 562 quod

279 595 339 667 per
365 579 467 666 patris
502 579 574 646 eius
606 576 873 666 astipulationem
906 583 1022 646 eontra
1049 593 1162 662 regem
1190 574 1327 642 Franoie
1352 571 1407 640 sibi

281 676 422 746 laeultas
457 679 647 764 nequiretur
679 675 806 745 facilior
838 674 1054 764 procedendi.
1093 672 1277 742 Addereilur
1307 679 1408 742 autem

280 767 409 864 s'pensa
432 777 467 843 in
493 776 748 844 Treverensinm
776 777 941 843 eivitatem
950 767 972 844 ¹.
1006 774 1054 842 lbi
1076 773 1254 842 eelebratis
1276 772 1407 861 nupeiis,

279 883 314 944 et
338 876 457 962 regina
491 881 669 964 eoronata,
695 875 906 962 visitatisque
938 873 1089 962 partibus
1123 871 1355 960 interioribuS,
1380 874 1410 938 et

279 973 325 1042 ibi
351 973 526 1063 dispositis
553 974 696 1044 diversis
715 974 879 1062 negoeiis,
906 972 949 1041 ad
968 973 1140 1062 superiora
1155 973 1328 1041 revertitur
1343 982 1408 1038 eum

278 1089 406 1160 regma.

199 1181 265 1236 1288
352 1171 526 1241 lloeanno
542 1177 676 1258 gestum
694 1178 746 1239 est
759 1172 899 1261 prelium
914 1170 997 1239 illud
1015 1169 1176 1238 lamosum
1188 1169 1408 1256 Wnringense

202 1265 256 1370 ¹¹3⁸·
279 1271 363 1340 inter
388 1272 581 1360 episeopum
608 1276 642 1339 et
668 1271 833 1339 eivitatem
861 1269 1109 1339 coloniensem.
1143 1269 1185 1338 Et
1204 1268 1266 1338 luit
1283 1269 1329 1337 ibi
1352 1267 1409 1336 llos

278 1370 397 1438 milieie
424 1368 598 1439 secularis.
636 1369 678 1438 Et
704 1370 827 1439 eivitati
854 1369 987 1457 quidem
1018 1387 1091 1438 eum
1117 1387 1181 1438 sua
1205 1375 1315 1458 parte,
1343 1367 1409 1435 sei-

276 1469 354 1538 lieet
387 1469 472 1538 duee
497 1469 694 1558 brabantie,
729 1468 904 1537 eomitibus
931 1468 1125 1558 lulineensi,
1152 1467 1194 1537 de
1221 1467 1349 1556 Monte,
1374 1481 1411 1532 ae

277 1569 350 1637 eliis
377 1569 508 1655 magnis
536 1575 570 1637 ot
594 1569 755 1658 presteris
781 1568 872 1658 viris,
898 1569 991 1657 prelii
1017 1585 1093 1636 sors
1119 1565 1264 1636 favebat
1299 1563 1410 1634 Presul

276 1674 394 1757 eaptus
410 1672 444 1737 et
461 1669 572 1737 eomiti
591 1666 633 1736 de
650 1667 767 1736 Monte
793 1667 1014 1753 consignatus
1041 1673 1102 1756 est,
1129 1668 1183 1735 oui
1208 1668 1411 1756 inposterum

278 1767 364 1836 lilius
398 1784 467 1836 non
494 1772 547 1836 est
571 1771 686 1856 notus,
715 1783 779 1834 nee
803 1764 960 1836 heredem
987 1765 1099 1834 babuit
1125 1765 1278 1835 ammodo
1307 1764 1411 1834 eomi-

277 1871 365 1934 tatus
388 1865 617 1934 immediatum.
655 1864 751 1933 Multi
777 1865 824 1934 ibi
849 1871 882 1934 et
907 1865 1166 1934 innumerabiles
1192 1863 1356 1934 interleeti
1381 1867 1412 1930 et

277 1966 433 2054 eaptivati
460 1970 556 2055 sum,
589 1970 655 2033 tres
689 1963 806 2033 iratres
839 1967 979 2053 partium
1011 1964 1177 2053 presuliS,
1204 1966 1345 2033 eomites
1370 1960 1410 2030 de

276 2062 496 2131 blizenbureb
528 2065 748 2132 strenuissimi
775 2069 808 2131 et
833 2062 1067 2154 famosissimi,
1095 2063 1136 2131 ab
1164 2063 1330 2151 aliquibus
1358 2061 1410 2129 di-

223 2193 227 2200 ·
277 2159 571 2231 eunturinterleeti
586 2161 627 2230 ab
648 2162 816 2250 aliquibus
833 2162 985 2250 abdueti3
1013 2162 1074 2231 sed
1100 2181 1268 2250 nunanam
1294 2168 1413 2252 postea
1502 2165 1503 2218 t

276 2265 531 2351 eompnmemnt
556 2279 620 2330 nee
645 2261 688 2330 ad
713 2262 848 2351 propria
872 2261 1051 2330 redierunt.
1083 2261 1132 2330 lbi
1159 2262 1256 2330 etiam
1283 2261 1411 2331 eomitls

276 2357 386 2429 Adeln
420 2359 587 2429 Naznovie
617 2363 721 2430 virtus
757 2360 818 2428 luit
847 2361 1020 2450 plurimum
1051 2360 1254 2450 divulgata,
1271 2363 1327 2448 qui
1354 2375 1411 2450 pne

276 2466 370 2549 parte
395 2460 539 2549 presulis
566 2459 756 2531 mirabiliter
781 2460 980 2550 decertavit,
1006 2465 1043 2528 ut
1068 2459 1205 2529 interius
1232 2467 1285 2529 est
1311 2460 1411 2546 dige-

276 2566 372 2628 stum.
404 2557 524 2628 Comes
551 2559 595 2626 ibi
621 2559 729 2628 Gelrie
757 2565 874 2649 eaptus
901 2578 921 2628 a
947 2558 1033 2628 duee
1059 2559 1237 2628 Brabantie
1263 2559 1409 2629 nobilis·
1501 2559 1502 2620 l

275 2659 358 2727 simo
385 2657 508 2727 dueatu
532 2657 769 2745 limburgensi
795 2675 833 2726 se
852 2659 991 2748 exemit;
1017 2675 1077 2747 pro
1105 2674 1172 2746 qno
1197 2657 1411 2748 postmodum

275 2758 361 2825 inter
387 2757 529 2826 heredes
553 2758 707 2826 eomitnm
723 2757 1077 2844 Luezenburgensium
1103 2764 1136 2827 et
1163 2773 1244 2826 suos
1271 2763 1411 2826 eontra·

273 2858 384 2925 versie
411 2862 511 2943 atque
537 2856 643 2942 litigio
669 2858 868 2942 gravissima
893 2861 972 2926 sunt
997 2861 1130 2947 exorta,
1157 2874 1200 2926 eo
1227 2856 1319 2944 qnod
1347 2863 1410 2924 tom

274 2954 319 3022 bii
346 2972 444 3043 quam
470 2954 525 3023 alii
551 2955 823 3024 exeellentissimi
855 2973 897 3024 ex
924 2956 1024 3024 buius
1050 2954 1191 3024 dueatus
1217 2956 1412 3045 pullulave-

273 3059 348 3121 runt
380 3055 531 3139 germine
563 3059 598 3122 et
627 3053 752 3124 radiee.
794 3052 918 3124 Civitas
939 3063 1034 3124 'veno
1074 3055 1270 3144 triumphum
1304 3055 1412 3143 glorie

274 3169 347 3220 oum
372 3152 527 3222 laudibus
554 3154 746 3242 reportavit.

82 3297 86 3304 ,
191 3273 257 3327 1233
345 3248 502 3321 A'lbertus
527 3269 609 3322 vero
636 3249 721 3344 dux,
748 3252 840 3338 regis
867 3251 973 3341 ivlius,
996 3250 1186 3322 Heinrioum
1214 3251 1330 3322 dueem
1358 3254 1411 3320 in·
1499 3247 1500 3254 '

274 3348 402 3419 terioris
423 3351 575 3420 Bawarie
592 3370 651 3441 pro
677 3350 874 3439 quibusdam
892 3352 1011 3420 eastris
1036 3351 1243 3439 Sebiirdinge
1264 3357 1298 3420 et
1318 3351 1412 3420 Vils-

272 3447 374 3517 bolen
410 3449 573 3519 hostiliter
606 3452 784 3540 impetivit,
812 3466 970 3519 asserens
998 3467 1075 3519 esse
1102 3469 1175 3521 sua.
1216 3449 1296 3519 Corn
1323 3451 1412 3519 enim

272 3548 350 3616 olim
377 3551 463 3618 inter
488 3567 569 3619 snos
596 3549 700 3618 duees
726 3549 868 3618 Norieus
895 3547 1111 3640 scinderetur,
1137 3552 1184 3619 ita
1205 3556 1243 3618 ut
1269 3549 1327 3618 uni
1346 3567 1412 3618 su·
1498 3601 1499 3632 ,

270 3650 382 3736 perior
409 3666 488 3738 pars
514 3649 619 3718 altero
637 3649 785 3739 inferior,
812 3644 1101 3740 seilieetbustria,
1117 3649 1316 3738 proveniret,
1332 3665 1412 3738 pars

271 3745 383 3816 Noriei
410 3749 564 3838 ripensiS,
591 3748 749 3816 videlieet
775 3747 872 3816 vallis
889 3743 1006 3837 Anasi,
1033 3746 1171 3817 Austrie
1193 3753 1247 3817 ost
1266 3747 1412 3832 adieeta,

169 3886 176 3898 ·
269 3853 305 3913 ut
331 3865 409 3935 pars
435 3849 521 3936 parti
544 3866 604 3937 pen
623 3846 896 3935 equlpollentiam
916 3845 1145 3934 responderet.
1181 3845 1311 3916 Cunilat
1326 3865 1412 3934 ergo
1497 3919 1498 3922 ,

269 3948 470 4037 exereitum,
498 3952 532 4014 et
557 3949 646 4015 eirea
672 3945 808 4036 opidum
836 3943 927 4032 quod
952 3945 1050 4013 Wels
1077 3945 1195 4016 dieitur
1220 3947 1254 4016 in
1279 3945 1413 4016 eisdem

269 4043 388 4113 sinibus
417 4050 528 4114 eastra
553 4046 652 4115 loeat.
693 4043 792 4127 Quod
818 4043 886 4112 dux
910 4043 1087 4114 Heinrieus
1113 4046 1286 4137 presentit,
1312 4047 1414 4114 mittit

267 4142 310 4211 ad
334 4143 565 4212 bleinbordnm
592 4143 720 4234 dueem,
747 4142 804 4232 qui
826 4144 999 4232 utriusque
1024 4145 1127 4233 partis
1150 4143 1265 4214 babuit
1283 4142 1414 4214 alflaa-
1496 4205 1497 4230 ι

304 4263 331 4327 t)
350 4261 402 4315 lias
412 4261 528 4328 beilnger
540 4275 597 4316 war
608 4259 680 4316 niebt
689 4260 810 4328 zuTrier,
823 4261 937 4316 sondem
949 4275 981 4315 nu
990 4261 1168 4318 llemirement
1177 4277 1218 4318 ιιιι
1227 4264 1243 4316 5
1253 4260 1302 4317 leb.
1315 4261 1393 4316 ¹284.
