3044 4882
421 206 562 254 rourrnrs
582 207 794 254 rrcronrsusrs.
830 209 855 274 6,
873 209 897 260 6,
1166 181 1236 250 319

109 343 265 414 ordinatis
286 349 319 412 et
344 344 509 415 distinctis
530 345 592 414 alis
612 347 683 414 suis
701 346 854 417 alacriter
871 349 1137 418 commiscentur.
1163 347 1321 417 Dextera

108 451 213 512 autem
240 442 368 534 audax,
397 447 506 513 animo
540 445 661 514 bellum
689 447 830 536 siciens,
858 451 1013 537 superior
1038 447 1238 516 adversariis

108 550 156 612 cst
181 541 334 612 allectus.
369 541 432 623 Qui
447 544 527 612 11661
541 543 722 614 fortissime
743 545 946 637 dimicarent,
974 547 1107 635 quidam
1129 552 1239 616 tamen

107 641 210 728 glorie
239 657 299 709 sue
325 642 487 710 maculam
515 644 719 734 ingerentes,
751 646 817 714 vim
842 647 938 735 prelii
964 645 1192 736 formidantes,
1219 664 1241 713 a

105 741 208 829 prelio
226 739 439 812 declinabant
446 764 455 829 3
483 742 538 810 alii
560 744 710 811 cominus
726 746 863 830 egregie
881 745 1033 814 hostibus
1050 744 1239 814 obviabant.

106 840 232 908 Ulricus
269 857 382 908 comes
414 840 456 908 de
491 841 707 910 Phannberch
740 844 836 912 miles
870 843 1024 935 efficitur,
1052 848 1086 912 61
1109 861 1170 932 pro
1198 861 1239 912 eo

106 937 193 1026 quod
220 945 274 1006 re's
308 939 395 1007 bene
422 946 590 1029 gesserat,
618 942 679 1008 viri
704 945 911 1030 prepotentis
947 961 1042 1012 soror
1068 943 1169 1012 [ilrioi
1197 941 1240 1011 (16

104 1037 221 1106 Walse
261 1039 457 1126 promittitur
489 1041 524 1106 in
556 1057 704 1110 uxorem.
748 1039 974 1110 Veruntamen
1006 1040 1240 1110 universaliter

106 1152 221 1206 omnes
249 1138 355 1206 victos
382 1155 420 1206 se
447 1144 716 1229 cognoscentes,
742 1158 833 1209 more
858 1141 989 1210 militari
1014 1140 1138 1209 iaciunt
1164 1139 1239 1208 duci

105 1235 146 1304 de
172 1234 281 1304 reditu
306 1237 523 1324 sponsionem
532 1290 542 1328 ,
570 1239 599 1306 si
625 1237 710 1307 forte
736 1241 957 1328 interipsum
983 1245 1017 1308 et
1041 1231 1240 1310 Fridericum

104 1336 228 1424 placita
254 1335 435 1404 conformia
462 1336 503 1405 ad
530 1337 703 1405 amicitiam
730 1339 846 1407 iterum
874 1338 1102 1409 condicantur.

175 1430 300 1502 Audito
330 1433 395 1504 hoo
420 1453 501 1504 casu
532 1435 717 1505 Fridericus
746 1439 828 1505 satis
857 1437 980 1528 doluit,
1005 1443 1040 1506 61
1058 1437 1240 1527 prudenter

103 1531 272 1620 66666616
289 1535 440 1621 captivos
458 1537 619 1604 eximeret
636 1536 737 1603 multa
763 1536 893 1605 consilii
918 1535 1127 1625 providentia
1153 1536 1239 1604 esti-

100 1633 212 1700 mavit
245 1633 285 1700 Et
305 1632 458 1701 condicta
481 1633 535 1702 die
551 1633 735 1704 Fridericus
763 1641 797 1704 et
813 1634 1016 1704 Ludewicus
1036 1635 1239 1704 conveniunt
1255 1638 1323 1694 tate

99 1731 132 1797 in
159 1730 379 1821 Saltzpurga,
406 1732 462 1800 ubi
493 1733 571 1801 dum
605 1733 765 1802 cubarent
799 1734 896 1802 simul
926 1736 961 1802 in
987 1752 1054 1803 uno
1080 1735 1169 1802 lecto
1196 1732 1239 1801 (16
1258 1723 1317 1763 ⁸³¹³·

100 1847 210 1916 regno
246 1835 299 1898 cst
331 1849 441 1900 sermo
474 1831 605 1900 habitus
638 1833 724 1901 inter
757 1851 837 1924 eos,
863 1835 910 1901 ita
937 1832 1027 1920 quod
1052 1832 1239 1902 Fridericus

100 1927 298 2016 Ludewico,
317 1935 354 1997 ut
369 1948 470 2019 super
488 1931 552 2000 hoo
566 1931 763 2023 intenderet,
781 1931 1010 2020 persuaderet.
1035 1932 1239 2006 Ludewicus

98 2029 210 2118 etiam,
233 2032 372 2114 propter
390 2047 525 2096 6666666
541 2029 738 2115 facultatem
754 2033 892 2099 mactem
911 2049 948 2098 se
973 2049 1038 2100 ooo
1058 2049 1161 2117 posse
1186 2032 1239 2099 ta-

97 2129 249 2218 teedere,
285 2127 519 2219 responderet,
553 2130 623 2214 ipse
656 2134 765 2198 aetem
790 2131 880 2198 dioec
913 2131 1240 2216 capraemortem

97 2227 143 2294 ed
158 2225 223 2294 bec
241 2228 427 2312 spectantia
444 2221 629 2312 affluentias
646 2229 846 2315 adimpleret,
873 2247 909 2296 66
927 2247 1055 2315 qaoque
1072 2231 1120 2296 ad
1133 2231 1240 2314 ipsam

94 2323 193 2392 rebus
218 2328 251 2392 et
269 2343 419 2410 persana
447 2327 481 2394 ta
512 2328 581 2394 etas
614 2327 888 2412 complacentiam
920 2327 1068 2396 sedatam
1102 2327 1238 2395 aalide·

97 2428 157 2491 ret.
192 2423 282 2493 Inter
307 2424 371 2492 heo
398 2430 431 2494 et
457 2425 645 2495 huiusmodi
671 2425 838 2514 colloquia
858 2427 979 2514 captivi
1004 2427 1100 2494 liberi
1126 2425 1239 2495 dimit-

98 2527 224 2614 tuntur,
251 2525 296 2591 ita
314 2531 351 2591 ut
373 2525 407 2592 in
426 2525 588 2612 reliquum
616 2531 731 2593 contra
755 2525 972 2593 Ludewioum
996 2543 1065 2594 non
1092 2531 1239 2614 attemp-

95 2627 185 2714 tent,
221 2622 303 2691 nulli
337 2623 504 2691 hominum
539 2630 656 2692 contra
682 2643 755 2693 eum
783 2623 981 2692 adiutorium
1007 2623 1238 2714 ministrando,

99 2721 192 2808 quod
225 2723 333 2810 pactis
366 2721 562 2790 firmissimis
598 2728 652 2790 est
678 2723 880 2794 conclusum.
914 2723 956 2792 Et
981 2721 1069 2792 lacta
1095 2723 1240 2791 amicitia

95 2819 343 2890 delectabiliter
368 2821 410 2889 ab
436 2822 579 2889 invicem
606 2815 863 2893 discesserurt1.

171 2919 248 2989 Hoc
268 2937 358 2988 anno
377 2919 562 2989 Fridericus
589 2923 677 3009 cepit
694 2920 834 2989 fundare
855 2922 1092 2991 monasterium
1111 2919 1238 2989 ordinis

94 3017 360 3108 Kartbusiensis,
388 3019 478 3107 quod
491 3018 696 3109 Mourb'acb,
723 3021 788 3089 alio
808 3022 941 3089 nomine
963 3020 1068 3089 Vallis
1087 3017 1239 3088 Omnium

95 3116 307 3208 Sanctorum,
334 3118 462 3208 dicitur,
489 3136 593 3207 prope
612 3119 799 3209 Wiennarn,
826 3119 917 3206 quod
943 3119 1060 3187 ditavit
1083 3119 1240 3206 regaliter

95 3223 129 3284 et
156 3217 299 3286 dotavit.
336 3216 542 3303 Religiosum
568 3219 673 3286 virum
700 3217 893 3309 Gotiridum,
920 3221 1062 3307 priorem
1088 3217 1239 3286 eiusdem

94 3315 225 3384 ordinis
252 3319 464 3408 monasterii,
493 3316 584 3404 quod
612 3317 720 3406 Scit-z,
747 3317 812 3386 alio
838 3320 972 3387 nomine
999 3317 1103 3384 Vallis
1131 3317 1239 3384 sancti

90 3415 258 3484 lobannis
290 3421 447 3506 uocatur,
482 3414 651 3483 transferri
678 3416 721 3484 ad
752 3433 813 3486 666
848 3415 1053 3487 fundationis
1087 3417 1238 3504 regimen

91 3515 297 3602 procuravit.

170 3613 307 3681 Interea
335 3611 522 3681 Fridericus
552 3612 637 3703 dux,
666 3613 742 3701 6616
768 3613 995 3683 conthoralem
1022 3630 1090 3681 non
1113 3612 1240 3702 habuit,

91 3713 255 3780 abbatem
271 3713 379 3781 sancti
399 3710 568 3779 Lamberti
588 3729 661 3780 cum
682 3713 787 3781 nobili
805 3715 876 3783 viro
894 3710 1037 3782 Rudolio
1057 3710 1099 3778 de
1112 3710 1240 3778 116611-

127 3886 160 3951 1)
183 3886 303 3955 66111666(
320 3892 421 3940 zusatz:
440 3886 495 3939 Hiis
513 3886 670 3955 terrrporibus
688 3901 786 3956 pauper
805 3886 921 3955 quidam,
939 3885 1096 3940 Theutonice
1115 3883 1239 3950 nationis,

89 3956 235 4008 Heinrieus
252 3957 357 4008 nomine
375 3955 443 4023 apud
461 3954 625 4009 Terrisiuum
643 3957 735 4008 vietum
753 3955 842 4008 labore
860 3955 984 4007 continuo
1004 3966 1127 4021 querens,
1146 3965 1239 4019 asper-

89 4027 188 4078 rimam
205 4024 384 4076 (1166616611
420 4022 470 4084 061
489 4023 548 4077 dum
566 4022 597 4077 ab
615 4023 663 4076 bae
681 4025 739 4076 1666
758 4022 963 4090 subduceretur,
980 4023 1053 4075 locus
1072 4023 1099 4073 16
1118 4033 1170 4086 quo
1189 4034 1239 4072 66-

88 4091 157 4146 bare
178 4091 272 4144 solitus
289 4096 359 4154 erat,
376 4093 445 4145 intra
463 4095 596 4161 transepta
614 4092 685 4146 duris
701 4093 818 4160 virgulis,
836 4089 965 4158 lapidibus
984 4089 1140 4159 subpositis,
1159 4099 1239 4156 repe-

87 4164 172 4226 ritur,
194 4157 736 4228 6166666616661161166111661666661666.
772 4159 921 4228 Sepulcrum
945 4159 1002 4212 6166
1024 4157 1141 4211 maximis
1159 4157 1239 4210 mira-

87 4231 161 4283 culis
183 4227 298 4295 radianS,
318 4227 351 4282 (16
365 4229 484 4282 (11666616
501 4227 617 4297 partibus
634 4227 762 4284 infinitum
779 4227 902 4298 populum
919 4228 1042 4282 adtraxit.
