3044 4882
478 150 618 196 rounnnrs
639 151 845 198 vroromrusrs.
881 150 905 218 3,
924 150 947 204 3.
1106 119 1109 126 ⁴
1214 123 1285 194 339

219 281 376 356 Albertus
394 289 491 356 etiam
509 290 661 357 eomitorn
674 289 900 361 Eberhardum
918 299 952 359 et
969 292 1054 361 alios
1072 291 1202 360 nobiles
1220 309 1283 360 so-

144 383 234 452 lutos
270 384 312 453 ad
339 404 433 454 suam
467 388 641 456 amicitiam
669 397 702 456 et
733 391 872 475 gratiam
899 390 1048 480 admisit,
1076 395 1110 459 et
1135 393 1282 478 prestitis

145 483 316 552 benefieiis
343 485 526 554 honoribus
554 488 734 575 ampliavit.
768 487 890 575 Sioque
916 491 950 556 in
975 489 1212 558 Franohenlurt
1238 489 1281 558 ad

87 581 90 588 '
145 599 220 650 eum
247 585 401 652 omnibus
428 585 683 676 oonlluentibuS,
712 593 745 654 et
769 590 933 656 aeoersita
949 589 1142 657 oonthorale
1159 588 1282 658 domna

141 681 323 772 Elimiam,
342 681 547 771 Aquisgrani
566 685 793 774 sollempniter
811 694 1000 776 coronatur,
1015 689 1202 756 assistente
1217 687 1281 755 sibi

65 805 66 808 ¹
144 783 266 848 oomite
290 783 458 852 Gerhardo
480 783 659 851 luliaoensi
682 791 715 852 et
733 787 908 853 maximum
930 786 972 854 ad
994 787 1058 854 hou
1078 803 1187 872 genus
1212 786 1280 855 ob-

44 898 47 903 ·
143 883 251 968 sequti
268 881 456 950 exhibente.
491 879 639 950 Absente
657 885 744 951 enim
769 883 823 951 vel
846 902 914 952 non
932 886 1097 953 existente
1117 887 1279 974 episeopo

143 978 347 1071 Coloniensi,
375 983 470 1049 ouius
497 987 548 1049 est
575 980 673 1050 oiioii
698 1000 811 1069 regem
836 1001 1034 1052 oonseerare
1061 1002 1188 1070 ungere
1215 1000 1279 1051 oo-

140 1096 280 1169 ronare,
307 1079 412 1147 abbas
439 1081 546 1148 sanati
574 1079 718 1149 Cornelii
751 1084 950 1153 auctoritate,
975 1083 1112 1172 speeiali
1138 1082 1278 1172 prinde-

141 1179 253 1264 giatus
281 1184 333 1246 est
359 1178 402 1247 ad
427 1179 491 1248 boo
517 1178 663 1248 oliioium
689 1181 931 1268 exequendum.

214 1274 313 1346 Anno
339 1277 462 1348 domini
489 1278 737 1347 moolxxxnix.
757 1278 972 1367 Raymundus
998 1279 1183 1369 patriaroba
1200 1296 1278 1347 mo·
1298 1293 1363 1348 1299

140 1377 230 1465 ritur,
258 1382 291 1444 et
316 1378 482 1445 suooessit
501 1379 531 1444 ei
548 1378 675 1468 Petrus,
698 1380 748 1445 vir
767 1378 927 1467 providus
946 1386 979 1448 et
996 1379 1179 1448 modestus.
1204 1377 1280 1447 Hoo

141 1492 230 1542 annu
256 1475 457 1544 Ludewious
477 1472 554 1544 Otto
571 1476 745 1545 Heinrious
770 1477 873 1546 duoes
888 1479 1058 1547 llarinthie
1084 1479 1118 1546 iu
1144 1478 1278 1545 civitate

139 1575 246 1643 saneti
265 1574 331 1642 Viti
344 1577 466 1643 ouriam
486 1575 656 1644 celebrant
672 1582 706 1643 et
723 1594 843 1644 novam
860 1578 1023 1667 militium,
1050 1575 1093 1645 ad
1114 1594 1212 1662 quam
1235 1574 1278 1644 de

139 1673 282 1742 diversis
308 1675 457 1763 partibus
492 1675 622 1762 plurimi
648 1681 886 1744 convenerunt.
921 1676 989 1764 lpsi
1016 1676 1154 1743 militare
1172 1673 1277 1742 deous

140 1774 381 1862 suseipientes,
407 1771 529 1841 ibidem
555 1792 615 1862 per
641 1773 795 1841 abbatem
821 1777 929 1842 sanoti
953 1773 1118 1842 lamberti
1150 1789 1276 1840 eonse-

139 1872 230 1962 orati,
245 1872 359 1958 gladio
374 1878 452 1941 sunt
468 1878 547 1940 sunt
561 1874 710 1963 aooinoti,
726 1878 758 1940 et
774 1891 847 1940 oum
862 1875 912 1941 eis
930 1875 1072 1942 maxima
1090 1870 1275 1962 multitudo,

138 1988 306 2058 expensas
327 1990 401 2039 oum
423 1970 593 2039 allluentia
618 1977 651 2040 ot
671 1971 760 2040 iastu
777 1970 963 2040 divitiarum
981 1977 1014 2040 et
1029 1972 1135 2058 glorie
1155 1975 1276 2039 osten-

138 2076 259 2159 tantes,
279 2070 442 2140 torrioolis
466 2076 623 2138 terrorem
640 2072 851 2162 inoutientes,
871 2078 904 2140 et
918 2088 1040 2140 nomen
1057 2089 1154 2139 suum
1172 2071 1275 2155 longe

138 2167 272 2256 lateque
298 2169 340 2237 ad
357 2171 516 2256 regiones
542 2170 624 2240 alias
644 2169 884 2239 dillundebant.
915 2168 1073 2239 Albertus
1092 2175 1201 2238 autem
1218 2186 1277 2236 rex

139 2268 173 2334 in
199 2267 351 2336 omnibus
377 2269 462 2337 louis
489 2275 599 2336 aetum
625 2271 753 2354 regium
777 2271 940 2337 oireuiens
962 2269 1149 2358 exornabat,
1170 2266 1220 2334 ‘ad
1238 2285 1276 2334 se

141 2367 355 2435 venientibus
382 2367 550 2436 nobilibus
578 2374 613 2435 et
629 2369 755 2436 nivibus
779 2366 1003 2436 favorabiliter
1027 2369 1061 2434 in
1080 2369 1150 2436 suis
1169 2383 1276 2451 agon-

140 2463 200 2554 dis,
229 2468 371 2534 maxima
396 2468 582 2535 maturitate
609 2468 708 2534 animi
735 2472 768 2534 et
793 2464 1276 2554 beneficentiaoomplaoebat.

139 2561 342 2652 Audivitque
360 2584 379 2633 a
394 2567 516 2656 multiS,
545 2565 634 2652 quod
652 2567 686 2633 in
703 2565 787 2633 libro
809 2563 936 2651 Regum
961 2565 1133 2633 soribitur:
1158 2562 1277 2652 „Nun-

140 2681 237 2750 quam
261 2682 329 2751 pax
342 2666 463 2753 poterit
482 2682 560 2732 esse
578 2683 597 2732 a
617 2667 697 2754 viro,
726 2665 781 2751 qui
802 2663 967 2733 interiecit
985 2663 1151 2732 dominum
1168 2679 1275 2751 suum,

140 2762 267 2829 seilicet
292 2763 387 2854 Heia,
415 2782 513 2852 quem
539 2763 713 2850 interleoit,
742 2771 775 2831 et
793 2764 948 2849 regnavit
972 2781 1032 2851 pro
1052 2759 1128 2830 eo.“
1152 2758 1277 2828 Alber-

138 2868 189 2929 tus
218 2860 431 2930 dissimulans
459 2880 497 2930 se
524 2862 638 2931 audire
671 2864 802 2950 respuit·
822 2863 1047 2951 garrulantes,
1076 2863 1169 2928 iuxta
1194 2857 1278 2927 illud

139 2959 342 3029 Salomonis:
369 2960 443 3052 „Ne
468 2961 677 3048 respondeas
705 2962 807 3030 stulto
834 2963 926 3030 iuxta
944 2961 1118 3030 stultitiam
1144 2953 1277 3028 suum.“

136 3058 175 3126 Et
201 3059 400 3128 Prudentius
428 3060 524 3128 dioit:

232 3158 376 3249 „Nobile
403 3158 559 3228 vindendi
586 3175 695 3244 genus
723 3164 776 3227 est
800 3160 970 3248 patientia,
997 3159 1102 3226 vineit

286 3256 348 3338 Qui
373 3260 505 3347 patitur.
539 3257 575 3326 Si
603 3260 654 3324 ris
679 3259 825 3346 sineere,
854 3256 946 3325 disee
973 3253 1076 3344 pati.“

135 3436 185 3504 De
210 3438 307 3504 ontio
331 3441 419 3524 repta
444 3441 477 3506 tn
502 3438 702 3522 noroberet,
729 3440 769 3506 de
795 3455 882 3504 annu
907 3436 1035 3519 talitro,
1062 3439 1095 3503 et
1113 3437 1276 3522 principi-

237 3534 296 3603 bus
320 3538 391 3623 rapi
416 3556 453 3606 se
478 3537 721 3624 opponentibus.
1114 3535 1194 3620 Cup.
1220 3535 1275 3600 tot.

209 3647 309 3718 Anno
325 3649 448 3719 domini
464 3669 573 3722 mooe.
587 3671 646 3720 rex
663 3651 880 3739 sollempnem
896 3651 1018 3718 ouriam
1033 3651 1065 3717 in
1082 3649 1276 3718 Nbrnberob
1295 3659 1361 3713 laea

135 3750 339 3841 proueniret,
358 3749 401 3818 ad
418 3768 515 3837 quam
532 3752 703 3820 rexDaoie
718 3749 950 3818 miserabiliter
965 3751 1046 3818 satis
1058 3749 1160 3837 venit,
1180 3765 1275 3815 suum

136 3863 345 3935 conquerens
362 3850 540 3942 exulatum,
558 3857 591 3918 et
608 3869 627 3918 a
649 3867 755 3934 regno
777 3867 814 3916 se
831 3848 994 3916 deieotum
1016 3847 1205 3936 deplorans,
1219 3849 1276 3914 iu-

137 3943 256 4015 dioium
283 3953 316 4015 et
331 3949 499 4016 viustitiam
516 3949 708 4038 postulavit.
741 3946 994 4036 RexBobemie,
1021 3947 1169 4015 universi
1189 3962 1275 4033 quo-

139 4062 201 4130 que
234 4047 331 4132 regni
366 4049 534 4136 prinoipes
562 4055 595 4116 et
629 4049 804 4135 optimates
832 4065 904 4135 oum
931 4044 1138 4114 multitudine
1165 4045 1276 4132 prela-

139 4146 241 4212 torum
270 4146 573 4216 eoolesiastioorum
598 4149 829 4235 episcoporum
849 4145 1004 4212 abbatum
1031 4145 1274 4234 prepositormn

1016 4247 1074 4308 22*
