<?xml version="1.0" encoding="UTF-8"?>
<!DOCTYPE html PUBLIC "-//W3C//DTD XHTML 1.0 Transitional//EN"
    "http://www.w3.org/TR/xhtml1/DTD/xhtml1-transitional.dtd">
<html xmlns="http://www.w3.org/1999/xhtml" xml:lang="en" lang="en">
 <head>
  <title>
</title>
<meta http-equiv="Content-Type" content="text/html;charset=utf-8" />
  <meta name='ocr-system' content='tesseract 3.04.00' />
  <meta name='ocr-capabilities' content='ocr_page ocr_carea ocr_par ocr_line ocrx_word'/>
</head>
<body>
  <div class='ocr_page' id='page_1' title='image "./fontesrerumgerm02hubegoog_0225.png"; bbox 0 0 3096 4882; ppageno 0'>
   <div class='ocr_carea' id='block_1_1' title="bbox 282 185 1088 262">
    <p class='ocr_par' dir='ltr' id='par_1_1' title="bbox 282 185 1088 262">
     <span class='ocr_line' id='line_1_1' title="bbox 282 185 1088 262; baseline 0.007 -8"><span class='ocrx_word' id='word_1_1' title='bbox 282 185 354 255; x_wconf 77' lang='lat'><strong>180</strong></span> <span class='ocrx_word' id='word_1_2' title='bbox 608 214 672 259; x_wconf 82' lang='lat' dir='ltr'><strong>nne.</strong></span> <span class='ocrx_word' id='word_1_3' title='bbox 694 214 817 260; x_wconf 81' lang='lat' dir='ltr'><strong>uussnn</strong></span> <span class='ocrx_word' id='word_1_4' title='bbox 839 213 1001 260; x_wconf 82' lang='lat' dir='ltr'><strong>uuuovreus</strong></span> <span class='ocrx_word' id='word_1_5' title='bbox 1022 215 1088 262; x_wconf 84' lang='lat' dir='ltr'><strong>arv.</strong></span> 
     </span>
    </p>
   </div>
   <div class='ocr_carea' id='block_1_2' title="bbox 200 353 1521 4301">
    <p class='ocr_par' dir='ltr' id='par_1_2' title="bbox 200 353 1521 4301">
     <span class='ocr_line' id='line_1_2' title="bbox 200 353 1398 442; baseline 0 -23"><span class='ocrx_word' id='word_1_6' title='bbox 200 365 268 420; x_wconf 72' lang='lat' dir='ltr'><strong>raas</strong></span> <span class='ocrx_word' id='word_1_7' title='bbox 284 354 387 422; x_wconf 90' lang='lat' dir='ltr'><strong>nitate</strong></span> <span class='ocrx_word' id='word_1_8' title='bbox 408 353 618 442; x_wconf 82' lang='lat' dir='ltr'><strong>consisteret,</strong></span> <span class='ocrx_word' id='word_1_9' title='bbox 646 353 815 438; x_wconf 88' lang='lat' dir='ltr'><strong>generalis</strong></span> <span class='ocrx_word' id='word_1_10' title='bbox 832 353 919 421; x_wconf 91' lang='lat' dir='ltr'><strong>illius</strong></span> <span class='ocrx_word' id='word_1_11' title='bbox 937 371 977 421; x_wconf 89' lang='lat' dir='ltr'><strong>ac</strong></span> <span class='ocrx_word' id='word_1_12' title='bbox 998 354 1205 442; x_wconf 78' lang='lat' dir='ltr'>complicium</span> <span class='ocrx_word' id='word_1_13' title='bbox 1223 353 1398 440; x_wconf 54' lang='lat' dir='ltr'><strong>suggestio*</strong></span> 
     </span>
     <span class='ocr_line' id='line_1_3' title="bbox 284 451 1400 522; baseline -0.002 -3"><span class='ocrx_word' id='word_1_14' title='bbox 284 452 384 520; x_wconf 94' lang='lat' dir='ltr'><strong>nibus</strong></span> <span class='ocrx_word' id='word_1_15' title='bbox 406 469 475 520; x_wconf 95' lang='lat' dir='ltr'><strong>non</strong></span> <span class='ocrx_word' id='word_1_16' title='bbox 498 451 674 520; x_wconf 78' lang='lat' dir='ltr'><strong>adherens,</strong></span> <span class='ocrx_word' id='word_1_17' title='bbox 717 453 841 520; x_wconf 92' lang='lat' dir='ltr'><strong>Verum</strong></span> <span class='ocrx_word' id='word_1_18' title='bbox 864 455 1158 522; x_wconf 87' lang='lat' dir='ltr'><strong>excommunicatis</strong></span> <span class='ocrx_word' id='word_1_19' title='bbox 1177 473 1218 522; x_wconf 88' lang='lat' dir='ltr'><strong>ac</strong></span> <span class='ocrx_word' id='word_1_20' title='bbox 1233 451 1400 520; x_wconf 89' lang='lat' dir='ltr'><strong>maledictis</strong></span> 
     </span>
     <span class='ocr_line' id='line_1_4' title="bbox 283 550 1402 641; baseline -0.002 -23"><span class='ocrx_word' id='word_1_21' title='bbox 283 551 335 619; x_wconf 93' lang='lat' dir='ltr'><strong>his</strong></span> <span class='ocrx_word' id='word_1_22' title='bbox 370 550 533 619; x_wconf 87' lang='lat' dir='ltr'><strong>Michaele</strong></span> <span class='ocrx_word' id='word_1_23' title='bbox 561 556 594 618; x_wconf 94' lang='lat' dir='ltr'><strong>et</strong></span> <span class='ocrx_word' id='word_1_24' title='bbox 621 553 791 620; x_wconf 90' lang='lat' dir='ltr'><strong>consociis</strong></span> <span class='ocrx_word' id='word_1_25' title='bbox 825 569 885 639; x_wconf 90' lang='lat' dir='ltr'><strong>per</strong></span> <span class='ocrx_word' id='word_1_26' title='bbox 917 551 1076 620; x_wconf 91' lang='lat' dir='ltr'><strong>loannem</strong></span> <span class='ocrx_word' id='word_1_27' title='bbox 1103 571 1240 641; x_wconf 87' lang='lat' dir='ltr'><strong>papam,</strong></span> <span class='ocrx_word' id='word_1_28' title='bbox 1266 553 1327 639; x_wconf 92' lang='lat' dir='ltr'><strong>ipsi</strong></span> <span class='ocrx_word' id='word_1_29' title='bbox 1349 567 1402 638; x_wconf 88' lang='lat' dir='ltr'><strong>per</strong></span> 
     </span>
     <span class='ocr_line' id='line_1_5' title="bbox 284 648 1400 740; baseline -0.002 -22"><span class='ocrx_word' id='word_1_30' title='bbox 284 657 390 718; x_wconf 88' lang='lat' dir='ltr'><strong>terras</strong></span> <span class='ocrx_word' id='word_1_31' title='bbox 425 649 524 718; x_wconf 91' lang='lat' dir='ltr'><strong>urbes</strong></span> <span class='ocrx_word' id='word_1_32' title='bbox 561 656 593 717; x_wconf 86' lang='lat' dir='ltr'><strong>et</strong></span> <span class='ocrx_word' id='word_1_33' title='bbox 619 652 795 740; x_wconf 86' lang='lat' dir='ltr'><strong>municipia</strong></span> <span class='ocrx_word' id='word_1_34' title='bbox 820 648 992 719; x_wconf 92' lang='lat' dir='ltr'><strong>Ludovico</strong></span> <span class='ocrx_word' id='word_1_35' title='bbox 1026 650 1173 720; x_wconf 82' lang='lat' dir='ltr'><strong>faventia</strong></span> <span class='ocrx_word' id='word_1_36' title='bbox 1198 650 1400 738; x_wconf 87' lang='lat' dir='ltr'><strong>vagabantur,</strong></span> 
     </span>
     <span class='ocr_line' id='line_1_6' title="bbox 285 748 1404 839; baseline -0.003 -23"><span class='ocrx_word' id='word_1_37' title='bbox 285 756 318 816; x_wconf 91' lang='lat' dir='ltr'><strong>et</strong></span> <span class='ocrx_word' id='word_1_38' title='bbox 344 753 460 817; x_wconf 88' lang='lat' dir='ltr'><strong>eontra</strong></span> <span class='ocrx_word' id='word_1_39' title='bbox 485 748 661 817; x_wconf 87' lang='lat' dir='ltr'><strong>interdicta</strong></span> <span class='ocrx_word' id='word_1_40' title='bbox 684 750 818 837; x_wconf 79' lang='lat' dir='ltr'>papalia</span> <span class='ocrx_word' id='word_1_41' title='bbox 842 750 937 819; x_wconf 93' lang='lat' dir='ltr'><strong>iussu</strong></span> <span class='ocrx_word' id='word_1_42' title='bbox 957 768 998 818; x_wconf 90' lang='lat' dir='ltr'><strong>ac</strong></span> <span class='ocrx_word' id='word_1_43' title='bbox 1015 752 1233 839; x_wconf 85' lang='lat' dir='ltr'><strong>permissione</strong></span> <span class='ocrx_word' id='word_1_44' title='bbox 1258 748 1404 818; x_wconf 56' lang='lat' dir='ltr'><strong>liudovict</strong></span> 
     </span>
     <span class='ocr_line' id='line_1_7' title="bbox 285 849 827 934; baseline 0 -18"><span class='ocrx_word' id='word_1_45' title='bbox 285 849 399 916; x_wconf 88' lang='lat' dir='ltr'><strong>divina</strong></span> <span class='ocrx_word' id='word_1_46' title='bbox 424 850 582 934; x_wconf 88' lang='lat' dir='ltr'><strong>mysteria</strong></span> <span class='ocrx_word' id='word_1_47' title='bbox 605 849 827 916; x_wconf 82' lang='lat' dir='ltr'><strong>celebrabant.</strong></span> 
     </span>
     <span class='ocr_line' id='line_1_8' title="bbox 360 945 1405 1037; baseline -0.003 -24"><span class='ocrx_word' id='word_1_48' title='bbox 360 945 478 1014; x_wconf 89' lang='lat' dir='ltr'><strong>luleoit</strong></span> <span class='ocrx_word' id='word_1_49' title='bbox 503 965 638 1034; x_wconf 90' lang='lat' dir='ltr'><strong>quoque</strong></span> <span class='ocrx_word' id='word_1_50' title='bbox 657 965 717 1035; x_wconf 89' lang='lat' dir='ltr'><strong>per</strong></span> <span class='ocrx_word' id='word_1_51' title='bbox 738 947 825 1016; x_wconf 86' lang='lat' dir='ltr'><strong>idem</strong></span> <span class='ocrx_word' id='word_1_52' title='bbox 846 953 977 1036; x_wconf 92' lang='lat' dir='ltr'><strong>tempus</strong></span> <span class='ocrx_word' id='word_1_53' title='bbox 999 966 1090 1017; x_wconf 91' lang='lat' dir='ltr'><strong>error</strong></span> <span class='ocrx_word' id='word_1_54' title='bbox 1104 965 1191 1016; x_wconf 93' lang='lat' dir='ltr'><strong>unus</strong></span> <span class='ocrx_word' id='word_1_55' title='bbox 1207 947 1405 1037; x_wconf 89' lang='lat' dir='ltr'><strong>perniciosus</strong></span> 
     </span>
     <span class='ocr_line' id='line_1_9' title="bbox 286 1043 1521 1134; baseline -0.003 -20"><span class='ocrx_word' id='word_1_56' title='bbox 286 1051 319 1114; x_wconf 89' lang='lat' dir='ltr'><strong>et</strong></span> <span class='ocrx_word' id='word_1_57' title='bbox 344 1045 590 1114; x_wconf 90' lang='lat' dir='ltr'><strong>Predicatorum</strong></span> <span class='ocrx_word' id='word_1_58' title='bbox 617 1046 776 1115; x_wconf 85' lang='lat' dir='ltr'><strong>ordinem.</strong></span> <span class='ocrx_word' id='word_1_59' title='bbox 820 1047 973 1134; x_wconf 86' lang='lat' dir='ltr'><strong>Plerique</strong></span> <span class='ocrx_word' id='word_1_60' title='bbox 996 1050 1082 1115; x_wconf 92' lang='lat' dir='ltr'><strong>enim</strong></span> <span class='ocrx_word' id='word_1_61' title='bbox 1103 1052 1322 1116; x_wconf 82' lang='lat' dir='ltr'><strong>conventuum</strong></span> <span class='ocrx_word' id='word_1_62' title='bbox 1340 1043 1406 1110; x_wconf 84' lang='lat' dir='ltr'><strong>Ve—</strong></span> <span class='ocrx_word' id='word_1_63' title='bbox 1520 1089 1521 1124; x_wconf 24' lang='grc' dir='ltr'>ἶ</span> 
     </span>
     <span class='ocr_line' id='line_1_10' title="bbox 284 1142 1407 1235; baseline -0.004 -23"><span class='ocrx_word' id='word_1_64' title='bbox 284 1145 374 1214; x_wconf 86' lang='lat' dir='ltr'><strong>netie</strong></span> <span class='ocrx_word' id='word_1_65' title='bbox 392 1142 503 1212; x_wconf 90' lang='lat' dir='ltr'><strong>Padua</strong></span> <span class='ocrx_word' id='word_1_66' title='bbox 522 1151 555 1212; x_wconf 93' lang='lat' dir='ltr'><strong>et</strong></span> <span class='ocrx_word' id='word_1_67' title='bbox 573 1145 714 1212; x_wconf 77' lang='lat' dir='ltr'><strong>l&#39;arvisli</strong></span> <span class='ocrx_word' id='word_1_68' title='bbox 734 1145 797 1212; x_wconf 88' lang='lat' dir='ltr'><strong>sibi</strong></span> <span class='ocrx_word' id='word_1_69' title='bbox 824 1148 1019 1214; x_wconf 87' lang='lat' dir='ltr'><strong>auctoritate</strong></span> <span class='ocrx_word' id='word_1_70' title='bbox 1046 1146 1186 1233; x_wconf 90' lang='lat' dir='ltr'><strong>quadam</strong></span> <span class='ocrx_word' id='word_1_71' title='bbox 1212 1148 1407 1235; x_wconf 90' lang='lat' dir='ltr'><strong>potentatum</strong></span> 
     </span>
     <span class='ocr_line' id='line_1_11' title="bbox 283 1243 1408 1331; baseline -0.004 -19"><span class='ocrx_word' id='word_1_72' title='bbox 283 1249 538 1331; x_wconf 88' lang='lat' dir='ltr'><strong>assumpserant</strong></span> <span class='ocrx_word' id='word_1_73' title='bbox 571 1243 756 1312; x_wconf 85' lang='lat' dir='ltr'><strong>ostiolorum</strong></span> <span class='ocrx_word' id='word_1_74' title='bbox 785 1261 893 1312; x_wconf 92' lang='lat' dir='ltr'><strong>rerum</strong></span> <span class='ocrx_word' id='word_1_75' title='bbox 920 1250 953 1312; x_wconf 90' lang='lat' dir='ltr'><strong>ct</strong></span> <span class='ocrx_word' id='word_1_76' title='bbox 984 1247 1236 1313; x_wconf 86' lang='lat' dir='ltr'><strong>ministeriorum</strong></span> <span class='ocrx_word' id='word_1_77' title='bbox 1268 1259 1408 1312; x_wconf 90' lang='lat' dir='ltr'><strong>conmu-</strong></span> 
     </span>
     <span class='ocr_line' id='line_1_12' title="bbox 283 1343 1406 1432; baseline -0.004 -22"><span class='ocrx_word' id='word_1_78' title='bbox 283 1345 384 1430; x_wconf 93' lang='lat' dir='ltr'><strong>nium,</strong></span> <span class='ocrx_word' id='word_1_79' title='bbox 410 1348 447 1409; x_wconf 91' lang='lat' dir='ltr'><strong>ut</strong></span> <span class='ocrx_word' id='word_1_80' title='bbox 474 1359 637 1431; x_wconf 92' lang='lat' dir='ltr'><strong>oppressa</strong></span> <span class='ocrx_word' id='word_1_81' title='bbox 661 1343 789 1430; x_wconf 88' lang='lat' dir='ltr'><strong>reliqua</strong></span> <span class='ocrx_word' id='word_1_82' title='bbox 815 1343 948 1411; x_wconf 87' lang='lat' dir='ltr'><strong>fratrum</strong></span> <span class='ocrx_word' id='word_1_83' title='bbox 965 1343 1172 1430; x_wconf 90' lang='lat' dir='ltr'><strong>multitudine</strong></span> <span class='ocrx_word' id='word_1_84' title='bbox 1188 1344 1333 1432; x_wconf 91' lang='lat' dir='ltr'><strong>prelatos</strong></span> <span class='ocrx_word' id='word_1_85' title='bbox 1357 1358 1406 1408; x_wconf 88' lang='lat' dir='ltr'><strong>or·</strong></span> 
     </span>
     <span class='ocr_line' id='line_1_13' title="bbox 282 1439 1406 1532; baseline -0.003 -22"><span class='ocrx_word' id='word_1_86' title='bbox 282 1440 382 1530; x_wconf 80' lang='lat' dir='ltr'><strong>diniS,</strong></span> <span class='ocrx_word' id='word_1_87' title='bbox 406 1441 532 1510; x_wconf 89' lang='lat' dir='ltr'><strong>scilicet</strong></span> <span class='ocrx_word' id='word_1_88' title='bbox 552 1442 730 1528; x_wconf 90' lang='lat' dir='ltr'><strong>generales</strong></span> <span class='ocrx_word' id='word_1_89' title='bbox 753 1447 786 1509; x_wconf 91' lang='lat' dir='ltr'><strong>ct</strong></span> <span class='ocrx_word' id='word_1_90' title='bbox 804 1442 1039 1532; x_wconf 84' lang='lat' dir='ltr'><strong>provinciales,</strong></span> <span class='ocrx_word' id='word_1_91' title='bbox 1064 1444 1142 1530; x_wconf 83' lang='lat' dir='ltr'><strong>eligi</strong></span> <span class='ocrx_word' id='word_1_92' title='bbox 1162 1461 1223 1530; x_wconf 92' lang='lat' dir='ltr'><strong>pro</strong></span> <span class='ocrx_word' id='word_1_93' title='bbox 1243 1460 1306 1510; x_wconf 91' lang='lat' dir='ltr'><strong>suc</strong></span> <span class='ocrx_word' id='word_1_94' title='bbox 1322 1439 1406 1509; x_wconf 88' lang='lat' dir='ltr'><strong>libitu</strong></span> 
     </span>
     <span class='ocr_line' id='line_1_14' title="bbox 283 1538 1409 1630; baseline -0.003 -22"><span class='ocrx_word' id='word_1_95' title='bbox 283 1545 452 1628; x_wconf 73' lang='lat' dir='ltr'><strong>curarent,</strong></span> <span class='ocrx_word' id='word_1_96' title='bbox 481 1557 567 1628; x_wconf 90' lang='lat' dir='ltr'><strong>quos</strong></span> <span class='ocrx_word' id='word_1_97' title='bbox 593 1540 717 1608; x_wconf 91' lang='lat' dir='ltr'><strong>vellent</strong></span> <span class='ocrx_word' id='word_1_98' title='bbox 744 1541 952 1630; x_wconf 88' lang='lat' dir='ltr'><strong>extollerent,</strong></span> <span class='ocrx_word' id='word_1_99' title='bbox 981 1560 1135 1629; x_wconf 89' lang='lat' dir='ltr'><strong>quosque</strong></span> <span class='ocrx_word' id='word_1_100' title='bbox 1159 1542 1286 1610; x_wconf 90' lang='lat' dir='ltr'><strong>vellent</strong></span> <span class='ocrx_word' id='word_1_101' title='bbox 1310 1538 1409 1626; x_wconf 90' lang='lat' dir='ltr'><strong>depo-</strong></span> 
     </span>
     <span class='ocr_line' id='line_1_15' title="bbox 282 1640 1410 1730; baseline -0.003 -23"><span class='ocrx_word' id='word_1_102' title='bbox 282 1645 402 1707; x_wconf 90' lang='lat' dir='ltr'><strong>nerent</strong></span> <span class='ocrx_word' id='word_1_103' title='bbox 410 1662 419 1726; x_wconf 80' lang='lat'>3</span> <span class='ocrx_word' id='word_1_104' title='bbox 445 1643 626 1728; x_wconf 90' lang='lat' dir='ltr'><strong>proventus</strong></span> <span class='ocrx_word' id='word_1_105' title='bbox 654 1657 872 1727; x_wconf 91' lang='lat' dir='ltr'><strong>quoscunque</strong></span> <span class='ocrx_word' id='word_1_106' title='bbox 893 1642 975 1728; x_wconf 93' lang='lat' dir='ltr'><strong>ipsis</strong></span> <span class='ocrx_word' id='word_1_107' title='bbox 1003 1640 1250 1730; x_wconf 92' lang='lat' dir='ltr'><strong>distribuerent,</strong></span> <span class='ocrx_word' id='word_1_108' title='bbox 1279 1645 1314 1708; x_wconf 95' lang='lat' dir='ltr'><strong>ut</strong></span> <span class='ocrx_word' id='word_1_109' title='bbox 1330 1654 1410 1706; x_wconf 91' lang='lat' dir='ltr'><strong>non-</strong></span> 
     </span>
     <span class='ocr_line' id='line_1_16' title="bbox 283 1739 1409 1827; baseline -0.004 -21"><span class='ocrx_word' id='word_1_110' title='bbox 283 1739 364 1806; x_wconf 92' lang='lat' dir='ltr'><strong>nulli</strong></span> <span class='ocrx_word' id='word_1_111' title='bbox 391 1757 433 1806; x_wconf 87' lang='lat' dir='ltr'><strong>cx</strong></span> <span class='ocrx_word' id='word_1_112' title='bbox 460 1739 687 1808; x_wconf 89' lang='lat' dir='ltr'><strong>communibus</strong></span> <span class='ocrx_word' id='word_1_113' title='bbox 708 1739 924 1826; x_wconf 89' lang='lat' dir='ltr'><strong>proventibus</strong></span> <span class='ocrx_word' id='word_1_114' title='bbox 950 1742 1132 1827; x_wconf 86' lang='lat' dir='ltr'><strong>pecuniosi¹</strong></span> <span class='ocrx_word' id='word_1_115' title='bbox 1151 1739 1339 1808; x_wconf 86' lang='lat' dir='ltr'><strong>dicerentur</strong></span> <span class='ocrx_word' id='word_1_116' title='bbox 1353 1753 1409 1822; x_wconf 87' lang='lat' dir='ltr'><strong>ga-</strong></span> 
     </span>
     <span class='ocr_line' id='line_1_17' title="bbox 283 1835 1410 1927; baseline -0.002 -23"><span class='ocrx_word' id='word_1_117' title='bbox 283 1855 409 1924; x_wconf 82' lang='lat' dir='ltr'><strong>zasque</strong></span> <span class='ocrx_word' id='word_1_118' title='bbox 444 1840 589 1926; x_wconf 90' lang='lat' dir='ltr'><strong>privatas</strong></span> <span class='ocrx_word' id='word_1_119' title='bbox 624 1837 765 1927; x_wconf 86' lang='lat' dir='ltr'><strong>babere,</strong></span> <span class='ocrx_word' id='word_1_120' title='bbox 802 1837 931 1925; x_wconf 88' lang='lat' dir='ltr'><strong>sibique</strong></span> <span class='ocrx_word' id='word_1_121' title='bbox 962 1838 1023 1908; x_wconf 90' lang='lat' dir='ltr'><strong>bas</strong></span> <span class='ocrx_word' id='word_1_122' title='bbox 1049 1841 1144 1907; x_wconf 88' lang='lat' dir='ltr'><strong>vices</strong></span> <span class='ocrx_word' id='word_1_123' title='bbox 1171 1841 1355 1927; x_wconf 89' lang='lat' dir='ltr'><strong>sumpsisse</strong></span> <span class='ocrx_word' id='word_1_124' title='bbox 1377 1835 1410 1904; x_wconf 88' lang='lat' dir='ltr'><strong>ut</strong></span> 
     </span>
     <span class='ocr_line' id='line_1_18' title="bbox 282 1933 1409 2027; baseline -0.002 -24"><span class='ocrx_word' id='word_1_125' title='bbox 282 1936 386 2004; x_wconf 91' lang='lat' dir='ltr'><strong>veluti</strong></span> <span class='ocrx_word' id='word_1_126' title='bbox 419 1937 571 2025; x_wconf 92' lang='lat' dir='ltr'><strong>perpetui</strong></span> <span class='ocrx_word' id='word_1_127' title='bbox 605 1953 784 2024; x_wconf 91' lang='lat' dir='ltr'><strong>superesse</strong></span> <span class='ocrx_word' id='word_1_128' title='bbox 810 1941 973 2024; x_wconf 90' lang='lat' dir='ltr'><strong>putarent.</strong></span> <span class='ocrx_word' id='word_1_129' title='bbox 1014 1937 1154 2006; x_wconf 87' lang='lat' dir='ltr'><strong>Demurn</strong></span> <span class='ocrx_word' id='word_1_130' title='bbox 1179 1956 1239 2027; x_wconf 90' lang='lat' dir='ltr'><strong>per</strong></span> <span class='ocrx_word' id='word_1_131' title='bbox 1267 1933 1409 2006; x_wconf 90' lang='lat' dir='ltr'><strong>eiusdem</strong></span> 
     </span>
     <span class='ocr_line' id='line_1_19' title="bbox 284 2032 1408 2128; baseline -0.004 -25"><span class='ocrx_word' id='word_1_132' title='bbox 284 2032 409 2103; x_wconf 92' lang='lat' dir='ltr'><strong>ordinis</strong></span> <span class='ocrx_word' id='word_1_133' title='bbox 444 2035 575 2121; x_wconf 90' lang='lat' dir='ltr'><strong>aliquos</strong></span> <span class='ocrx_word' id='word_1_134' title='bbox 609 2037 833 2103; x_wconf 86' lang='lat' dir='ltr'><strong>insinuatione</strong></span> <span class='ocrx_word' id='word_1_135' title='bbox 864 2054 951 2125; x_wconf 90' lang='lat' dir='ltr'><strong>pape</strong></span> <span class='ocrx_word' id='word_1_136' title='bbox 977 2035 1079 2128; x_wconf 87' lang='lat' dir='ltr'><strong>iacta,</strong></span> <span class='ocrx_word' id='word_1_137' title='bbox 1108 2042 1207 2124; x_wconf 86' lang='lat' dir='ltr'><strong>atquc</strong></span> <span class='ocrx_word' id='word_1_138' title='bbox 1235 2035 1302 2106; x_wconf 90' lang='lat' dir='ltr'><strong>fide</strong></span> <span class='ocrx_word' id='word_1_139' title='bbox 1327 2032 1408 2121; x_wconf 87' lang='lat' dir='ltr'><strong>lacti,</strong></span> 
     </span>
     <span class='ocr_line' id='line_1_20' title="bbox 282 2132 1412 2226; baseline 0.001 -25"><span class='ocrx_word' id='word_1_140' title='bbox 282 2151 370 2222; x_wconf 86' lang='lat' dir='ltr'><strong>papa</strong></span> <span class='ocrx_word' id='word_1_141' title='bbox 396 2135 588 2218; x_wconf 80' lang='lat' dir='ltr'><strong>generalem</strong></span> <span class='ocrx_word' id='word_1_142' title='bbox 615 2132 739 2202; x_wconf 92' lang='lat' dir='ltr'><strong>ordinis</strong></span> <span class='ocrx_word' id='word_1_143' title='bbox 769 2135 922 2226; x_wconf 90' lang='lat' dir='ltr'><strong>priorem,</strong></span> <span class='ocrx_word' id='word_1_144' title='bbox 948 2138 1184 2224; x_wconf 85' lang='lat' dir='ltr'><strong>provincialem</strong></span> <span class='ocrx_word' id='word_1_145' title='bbox 1210 2153 1356 2224; x_wconf 88' lang='lat' dir='ltr'><strong>quoque,</strong></span> <span class='ocrx_word' id='word_1_146' title='bbox 1382 2133 1412 2198; x_wconf 85' lang='lat' dir='ltr'><strong>et</strong></span> 
     </span>
     <span class='ocr_line' id='line_1_21' title="bbox 283 2231 1414 2326; baseline -0.002 -26"><span class='ocrx_word' id='word_1_147' title='bbox 283 2233 443 2322; x_wconf 91' lang='lat' dir='ltr'><strong>plurimos</strong></span> <span class='ocrx_word' id='word_1_148' title='bbox 457 2231 516 2300; x_wconf 92' lang='lat' dir='ltr'><strong>illo</strong></span> <span class='ocrx_word' id='word_1_149' title='bbox 534 2251 645 2300; x_wconf 91' lang='lat' dir='ltr'><strong>errore</strong></span> <span class='ocrx_word' id='word_1_150' title='bbox 661 2232 872 2321; x_wconf 90' lang='lat' dir='ltr'><strong>presidentes</strong></span> <span class='ocrx_word' id='word_1_151' title='bbox 891 2234 932 2301; x_wconf 90' lang='lat' dir='ltr'><strong>ab</strong></span> <span class='ocrx_word' id='word_1_152' title='bbox 950 2234 1067 2304; x_wconf 88' lang='lat' dir='ltr'><strong>ciliciis</strong></span> <span class='ocrx_word' id='word_1_153' title='bbox 1081 2236 1236 2326; x_wconf 88' lang='lat' dir='ltr'><strong>absolvit,</strong></span> <span class='ocrx_word' id='word_1_154' title='bbox 1254 2241 1289 2304; x_wconf 92' lang='lat' dir='ltr'><strong>et</strong></span> <span class='ocrx_word' id='word_1_155' title='bbox 1308 2247 1414 2304; x_wconf 90' lang='lat' dir='ltr'><strong>eorum</strong></span> 
     </span>
     <span class='ocr_line' id='line_1_22' title="bbox 283 2332 1413 2423; baseline -0.003 -24"><span class='ocrx_word' id='word_1_156' title='bbox 283 2333 452 2419; x_wconf 91' lang='lat' dir='ltr'><strong>potestate</strong></span> <span class='ocrx_word' id='word_1_157' title='bbox 486 2333 642 2421; x_wconf 86' lang='lat' dir='ltr'><strong>privavit,</strong></span> <span class='ocrx_word' id='word_1_158' title='bbox 679 2332 846 2419; x_wconf 87' lang='lat' dir='ltr'><strong>aliumque</strong></span> <span class='ocrx_word' id='word_1_159' title='bbox 879 2335 1071 2418; x_wconf 84' lang='lat' dir='ltr'><strong>generalem</strong></span> <span class='ocrx_word' id='word_1_160' title='bbox 1106 2353 1146 2402; x_wconf 93' lang='lat' dir='ltr'><strong>ac</strong></span> <span class='ocrx_word' id='word_1_161' title='bbox 1182 2332 1413 2423; x_wconf 87' lang='lat' dir='ltr'><strong>provincialem</strong></span> 
     </span>
     <span class='ocr_line' id='line_1_23' title="bbox 285 2428 1411 2520; baseline -0.003 -21"><span class='ocrx_word' id='word_1_162' title='bbox 285 2429 425 2520; x_wconf 90' lang='lat' dir='ltr'><strong>sullecit,</strong></span> <span class='ocrx_word' id='word_1_163' title='bbox 454 2431 574 2518; x_wconf 92' lang='lat' dir='ltr'><strong>quibus</strong></span> <span class='ocrx_word' id='word_1_164' title='bbox 602 2437 635 2498; x_wconf 93' lang='lat' dir='ltr'><strong>et</strong></span> <span class='ocrx_word' id='word_1_165' title='bbox 661 2432 840 2499; x_wconf 89' lang='lat' dir='ltr'><strong>consocios</strong></span> <span class='ocrx_word' id='word_1_166' title='bbox 866 2434 1056 2502; x_wconf 90' lang='lat' dir='ltr'><strong>visitatores</strong></span> <span class='ocrx_word' id='word_1_167' title='bbox 1076 2436 1177 2501; x_wconf 90' lang='lat' dir='ltr'><strong>totius</strong></span> <span class='ocrx_word' id='word_1_168' title='bbox 1199 2433 1326 2502; x_wconf 89' lang='lat' dir='ltr'><strong>ordinis</strong></span> <span class='ocrx_word' id='word_1_169' title='bbox 1351 2428 1411 2498; x_wconf 86' lang='lat' dir='ltr'><strong>ad-</strong></span> 
     </span>
     <span class='ocr_line' id='line_1_24' title="bbox 284 2529 1412 2621; baseline -0.001 -25"><span class='ocrx_word' id='word_1_170' title='bbox 284 2531 372 2619; x_wconf 91' lang='lat' dir='ltr'><strong>iecit,</strong></span> <span class='ocrx_word' id='word_1_171' title='bbox 400 2548 485 2618; x_wconf 91' lang='lat' dir='ltr'><strong>quos</strong></span> <span class='ocrx_word' id='word_1_172' title='bbox 512 2529 672 2598; x_wconf 92' lang='lat' dir='ltr'><strong>Venetias</strong></span> <span class='ocrx_word' id='word_1_173' title='bbox 699 2529 842 2598; x_wconf 86' lang='lat' dir='ltr'><strong>Paduam</strong></span> <span class='ocrx_word' id='word_1_174' title='bbox 870 2531 1122 2619; x_wconf 85' lang='lat' dir='ltr'><strong>Tarvisiumque</strong></span> <span class='ocrx_word' id='word_1_175' title='bbox 1139 2530 1310 2621; x_wconf 88' lang='lat' dir='ltr'><strong>proiectos</strong></span> <span class='ocrx_word' id='word_1_176' title='bbox 1336 2545 1412 2618; x_wconf 91' lang='lat' dir='ltr'><strong>pre-</strong></span> 
     </span>
     <span class='ocr_line' id='line_1_25' title="bbox 284 2625 1415 2719; baseline -0.001 -25"><span class='ocrx_word' id='word_1_177' title='bbox 284 2625 342 2696; x_wconf 85' lang='lat' dir='ltr'><strong>lati</strong></span> <span class='ocrx_word' id='word_1_178' title='bbox 360 2648 444 2698; x_wconf 88' lang='lat' dir='ltr'><strong>ausu</strong></span> <span class='ocrx_word' id='word_1_179' title='bbox 459 2634 651 2719; x_wconf 87' lang='lat' dir='ltr'><strong>presumpte</strong></span> <span class='ocrx_word' id='word_1_180' title='bbox 671 2647 740 2696; x_wconf 89' lang='lat' dir='ltr'><strong>non</strong></span> <span class='ocrx_word' id='word_1_181' title='bbox 766 2629 948 2718; x_wconf 80' lang='lat' dir='ltr'><strong>admisere,-</strong></span> <span class='ocrx_word' id='word_1_182' title='bbox 976 2631 1037 2699; x_wconf 92' lang='lat' dir='ltr'><strong>sed</strong></span> <span class='ocrx_word' id='word_1_183' title='bbox 1051 2633 1161 2719; x_wconf 92' lang='lat' dir='ltr'><strong>potius</strong></span> <span class='ocrx_word' id='word_1_184' title='bbox 1186 2630 1303 2700; x_wconf 87' lang='lat' dir='ltr'><strong>lavore</strong></span> <span class='ocrx_word' id='word_1_185' title='bbox 1325 2645 1415 2696; x_wconf 86' lang='lat' dir='ltr'><strong>ccm-</strong></span> 
     </span>
     <span class='ocr_line' id='line_1_26' title="bbox 283 2725 1413 2816; baseline -0.001 -23"><span class='ocrx_word' id='word_1_186' title='bbox 283 2727 417 2816; x_wconf 89' lang='lat' dir='ltr'><strong>plioium</strong></span> <span class='ocrx_word' id='word_1_187' title='bbox 450 2747 585 2798; x_wconf 93' lang='lat' dir='ltr'><strong>suorum</strong></span> <span class='ocrx_word' id='word_1_188' title='bbox 618 2727 819 2796; x_wconf 85' lang='lat' dir='ltr'><strong>contratrum</strong></span> <span class='ocrx_word' id='word_1_189' title='bbox 845 2746 910 2797; x_wconf 92' lang='lat' dir='ltr'><strong>nec</strong></span> <span class='ocrx_word' id='word_1_190' title='bbox 934 2747 1003 2798; x_wconf 92' lang='lat' dir='ltr'><strong>non</strong></span> <span class='ocrx_word' id='word_1_191' title='bbox 1030 2735 1064 2798; x_wconf 91' lang='lat' dir='ltr'><strong>et</strong></span> <span class='ocrx_word' id='word_1_192' title='bbox 1088 2730 1247 2798; x_wconf 85' lang='lat' dir='ltr'><strong>laicorum</strong></span> <span class='ocrx_word' id='word_1_193' title='bbox 1272 2725 1413 2797; x_wconf 88' lang='lat' dir='ltr'><strong>brachiis</strong></span> 
     </span>
     <span class='ocr_line' id='line_1_27' title="bbox 285 2825 1415 2916; baseline -0.001 -23"><span class='ocrx_word' id='word_1_194' title='bbox 285 2826 349 2894; x_wconf 92' lang='lat' dir='ltr'><strong>sibi</strong></span> <span class='ocrx_word' id='word_1_195' title='bbox 380 2826 518 2895; x_wconf 88' lang='lat' dir='ltr'><strong>adscitis</strong></span> <span class='ocrx_word' id='word_1_196' title='bbox 553 2828 677 2894; x_wconf 88' lang='lat' dir='ltr'><strong>reicere</strong></span> <span class='ocrx_word' id='word_1_197' title='bbox 705 2828 816 2895; x_wconf 90' lang='lat' dir='ltr'><strong>conati</strong></span> <span class='ocrx_word' id='word_1_198' title='bbox 843 2833 930 2896; x_wconf 93' lang='lat' dir='ltr'><strong>sunt.</strong></span> <span class='ocrx_word' id='word_1_199' title='bbox 977 2828 1150 2916; x_wconf 81' lang='lat' dir='ltr'><strong>Fuereque</strong></span> <span class='ocrx_word' id='word_1_200' title='bbox 1178 2831 1276 2896; x_wconf 85' lang='lat' dir='ltr'><strong>etiam</strong></span> <span class='ocrx_word' id='word_1_201' title='bbox 1305 2825 1415 2915; x_wconf 88' lang='lat' dir='ltr'><strong>quiin</strong></span> 
     </span>
     <span class='ocr_line' id='line_1_28' title="bbox 284 2923 1415 3016; baseline -0.001 -25"><span class='ocrx_word' id='word_1_202' title='bbox 284 2926 443 2992; x_wconf 91' lang='lat' dir='ltr'><strong>institutis</strong></span> <span class='ocrx_word' id='word_1_203' title='bbox 471 2945 490 2992; x_wconf 89' lang='lat' dir='ltr'><strong>a</strong></span> <span class='ocrx_word' id='word_1_204' title='bbox 515 2945 603 3014; x_wconf 88' lang='lat' dir='ltr'><strong>papa</strong></span> <span class='ocrx_word' id='word_1_205' title='bbox 630 2943 673 2994; x_wconf 88' lang='lat' dir='ltr'><strong>ex</strong></span> <span class='ocrx_word' id='word_1_206' title='bbox 704 2924 820 2992; x_wconf 91' lang='lat' dir='ltr'><strong>ordine</strong></span> <span class='ocrx_word' id='word_1_207' title='bbox 853 2924 971 2994; x_wconf 92' lang='lat' dir='ltr'><strong>eodem</strong></span> <span class='ocrx_word' id='word_1_208' title='bbox 999 2944 1077 2994; x_wconf 91' lang='lat' dir='ltr'><strong>sese</strong></span> <span class='ocrx_word' id='word_1_209' title='bbox 1102 2929 1265 3016; x_wconf 90' lang='lat' dir='ltr'><strong>propitios</strong></span> <span class='ocrx_word' id='word_1_210' title='bbox 1293 2923 1415 3016; x_wconf 91' lang='lat' dir='ltr'><strong>presti-</strong></span> 
     </span>
     <span class='ocr_line' id='line_1_29' title="bbox 284 3023 1417 3114; baseline 0.002 -26"><span class='ocrx_word' id='word_1_211' title='bbox 284 3029 366 3090; x_wconf 89' lang='lat' dir='ltr'><strong>tere.</strong></span> <span class='ocrx_word' id='word_1_212' title='bbox 410 3023 467 3092; x_wconf 94' lang='lat' dir='ltr'><strong>Lis</strong></span> <span class='ocrx_word' id='word_1_213' title='bbox 495 3025 630 3092; x_wconf 91' lang='lat' dir='ltr'><strong>suborta</strong></span> <span class='ocrx_word' id='word_1_214' title='bbox 656 3025 720 3091; x_wconf 95' lang='lat' dir='ltr'><strong>iam</strong></span> <span class='ocrx_word' id='word_1_215' title='bbox 738 3024 780 3092; x_wconf 90' lang='lat' dir='ltr'><strong>ad</strong></span> <span class='ocrx_word' id='word_1_216' title='bbox 807 3043 961 3093; x_wconf 86' lang='lat' dir='ltr'><strong>manuum</strong></span> <span class='ocrx_word' id='word_1_217' title='bbox 982 3027 1182 3094; x_wconf 89' lang='lat' dir='ltr'><strong>iniectiones</strong></span> <span class='ocrx_word' id='word_1_218' title='bbox 1200 3032 1315 3114; x_wconf 85' lang='lat' dir='ltr'><strong>partes</strong></span> <span class='ocrx_word' id='word_1_219' title='bbox 1334 3041 1417 3092; x_wconf 90' lang='lat' dir='ltr'><strong>con-</strong></span> 
     </span>
     <span class='ocr_line' id='line_1_30' title="bbox 286 3122 1414 3212; baseline 0.001 -24"><span class='ocrx_word' id='word_1_220' title='bbox 286 3122 454 3212; x_wconf 89' lang='lat' dir='ltr'><strong>citaverat,</strong></span> <span class='ocrx_word' id='word_1_221' title='bbox 478 3123 738 3210; x_wconf 87' lang='lat' dir='ltr'><strong>scandalumque</strong></span> <span class='ocrx_word' id='word_1_222' title='bbox 756 3125 790 3190; x_wconf 93' lang='lat' dir='ltr'><strong>in</strong></span> <span class='ocrx_word' id='word_1_223' title='bbox 805 3123 973 3211; x_wconf 92' lang='lat' dir='ltr'><strong>publicum</strong></span> <span class='ocrx_word' id='word_1_224' title='bbox 988 3126 1198 3194; x_wconf 91' lang='lat' dir='ltr'><strong>enunciatum</strong></span> <span class='ocrx_word' id='word_1_225' title='bbox 1215 3124 1414 3193; x_wconf 91' lang='lat' dir='ltr'><strong>deductum-</strong></span> 
     </span>
     <span class='ocr_line' id='line_1_31' title="bbox 284 3221 1414 3314; baseline 0.001 -27"><span class='ocrx_word' id='word_1_226' title='bbox 284 3238 350 3307; x_wconf 90' lang='lat' dir='ltr'><strong>que</strong></span> <span class='ocrx_word' id='word_1_227' title='bbox 377 3226 446 3312; x_wconf 85' lang='lat' dir='ltr'><strong>est,</strong></span> <span class='ocrx_word' id='word_1_228' title='bbox 472 3229 509 3289; x_wconf 90' lang='lat' dir='ltr'><strong>ut</strong></span> <span class='ocrx_word' id='word_1_229' title='bbox 533 3222 679 3310; x_wconf 91' lang='lat' dir='ltr'><strong>undique</strong></span> <span class='ocrx_word' id='word_1_230' title='bbox 707 3227 740 3289; x_wconf 91' lang='lat' dir='ltr'><strong>et</strong></span> <span class='ocrx_word' id='word_1_231' title='bbox 765 3221 830 3291; x_wconf 90' lang='lat' dir='ltr'><strong>hoc</strong></span> <span class='ocrx_word' id='word_1_232' title='bbox 856 3228 1003 3311; x_wconf 90' lang='lat' dir='ltr'><strong>tempore</strong></span> <span class='ocrx_word' id='word_1_233' title='bbox 1029 3223 1315 3314; x_wconf 88' lang='lat' dir='ltr'><strong>preludioialcque</strong></span> <span class='ocrx_word' id='word_1_234' title='bbox 1342 3223 1414 3289; x_wconf 93' lang='lat' dir='ltr'><strong>iur-</strong></span> 
     </span>
     <span class='ocr_line' id='line_1_32' title="bbox 285 3318 1418 3412; baseline 0.002 -27"><span class='ocrx_word' id='word_1_235' title='bbox 285 3319 375 3404; x_wconf 90' lang='lat' dir='ltr'><strong>gium</strong></span> <span class='ocrx_word' id='word_1_236' title='bbox 408 3318 557 3407; x_wconf 90' lang='lat' dir='ltr'><strong>undique</strong></span> <span class='ocrx_word' id='word_1_237' title='bbox 587 3321 788 3407; x_wconf 88' lang='lat' dir='ltr'><strong>vulgaretur.</strong></span> <span class='ocrx_word' id='word_1_238' title='bbox 833 3318 1052 3409; x_wconf 86' lang='lat' dir='ltr'><strong>Appellantes</strong></span> <span class='ocrx_word' id='word_1_239' title='bbox 1088 3330 1198 3393; x_wconf 91' lang='lat' dir='ltr'><strong>autem</strong></span> <span class='ocrx_word' id='word_1_240' title='bbox 1232 3322 1275 3390; x_wconf 87' lang='lat' dir='ltr'><strong>ad</strong></span> <span class='ocrx_word' id='word_1_241' title='bbox 1308 3323 1418 3412; x_wconf 92' lang='lat' dir='ltr'><strong>ipsum</strong></span> 
     </span>
     <span class='ocr_line' id='line_1_33' title="bbox 283 3420 1418 3511; baseline 0.001 -27"><span class='ocrx_word' id='word_1_242' title='bbox 283 3435 403 3505; x_wconf 90' lang='lat' dir='ltr'><strong>papam</strong></span> <span class='ocrx_word' id='word_1_243' title='bbox 430 3420 472 3505; x_wconf 90' lang='lat' dir='ltr'><strong>ii,</strong></span> <span class='ocrx_word' id='word_1_244' title='bbox 509 3423 564 3507; x_wconf 93' lang='lat' dir='ltr'><strong>qui</strong></span> <span class='ocrx_word' id='word_1_245' title='bbox 597 3420 649 3488; x_wconf 92' lang='lat' dir='ltr'><strong>his</strong></span> <span class='ocrx_word' id='word_1_246' title='bbox 683 3421 780 3488; x_wconf 91' lang='lat' dir='ltr'><strong>novis</strong></span> <span class='ocrx_word' id='word_1_247' title='bbox 815 3422 1031 3508; x_wconf 88' lang='lat' dir='ltr'><strong>processibus</strong></span> <span class='ocrx_word' id='word_1_248' title='bbox 1062 3422 1286 3508; x_wconf 86' lang='lat' dir='ltr'><strong>gravabantur</strong></span> <span class='ocrx_word' id='word_1_249' title='bbox 1294 3472 1304 3511; x_wconf 95' lang='lat'><strong>,</strong></span> <span class='ocrx_word' id='word_1_250' title='bbox 1332 3436 1418 3509; x_wconf 90' lang='lat' dir='ltr'><strong>papa</strong></span> 
     </span>
     <span class='ocr_line' id='line_1_34' title="bbox 286 3517 1521 3612; baseline 0.001 -28"><span class='ocrx_word' id='word_1_251' title='bbox 286 3521 478 3585; x_wconf 87' lang='lat' dir='ltr'><strong>constanter</strong></span> <span class='ocrx_word' id='word_1_252' title='bbox 511 3519 545 3585; x_wconf 93' lang='lat' dir='ltr'><strong>in</strong></span> <span class='ocrx_word' id='word_1_253' title='bbox 571 3535 641 3586; x_wconf 90' lang='lat' dir='ltr'><strong>rcm</strong></span> <span class='ocrx_word' id='word_1_254' title='bbox 666 3517 764 3586; x_wconf 87' lang='lat' dir='ltr'><strong>telem</strong></span> <span class='ocrx_word' id='word_1_255' title='bbox 799 3519 1017 3589; x_wconf 89' lang='lat' dir='ltr'><strong>amovendam</strong></span> <span class='ocrx_word' id='word_1_256' title='bbox 1042 3523 1265 3612; x_wconf 90' lang='lat' dir='ltr'><strong>persistente,</strong></span> <span class='ocrx_word' id='word_1_257' title='bbox 1293 3535 1420 3589; x_wconf 90' lang='lat' dir='ltr'><strong>succu-</strong></span> <span class='ocrx_word' id='word_1_258' title='bbox 1520 3539 1521 3564; x_wconf 60' lang='lat' dir='ltr'><strong>t</strong></span> 
     </span>
     <span class='ocr_line' id='line_1_35' title="bbox 285 3609 1521 3706; baseline 0.001 -23"><span class='ocrx_word' id='word_1_259' title='bbox 285 3615 405 3706; x_wconf 89' lang='lat' dir='ltr'><strong>buere,</strong></span> <span class='ocrx_word' id='word_1_260' title='bbox 433 3621 466 3684; x_wconf 92' lang='lat' dir='ltr'><strong>et</strong></span> <span class='ocrx_word' id='word_1_261' title='bbox 492 3617 553 3684; x_wconf 93' lang='lat' dir='ltr'><strong>sub</strong></span> <span class='ocrx_word' id='word_1_262' title='bbox 588 3618 716 3703; x_wconf 91' lang='lat' dir='ltr'><strong>ingenti</strong></span> <span class='ocrx_word' id='word_1_263' title='bbox 750 3634 810 3706; x_wconf 92' lang='lat' dir='ltr'><strong>per</strong></span> <span class='ocrx_word' id='word_1_264' title='bbox 841 3623 943 3686; x_wconf 91' lang='lat' dir='ltr'><strong>totum</strong></span> <span class='ocrx_word' id='word_1_265' title='bbox 979 3620 1091 3688; x_wconf 92' lang='lat' dir='ltr'><strong>orbem</strong></span> <span class='ocrx_word' id='word_1_266' title='bbox 1123 3619 1259 3688; x_wconf 87' lang='lat' dir='ltr'><strong>inlemia</strong></span> <span class='ocrx_word' id='word_1_267' title='bbox 1284 3617 1421 3687; x_wconf 84' lang='lat' dir='ltr'><strong>tandem</strong></span> <span class='ocrx_word' id='word_1_268' title='bbox 1520 3609 1521 3648; x_wconf 73' lang='lat' dir='ltr'><strong>r</strong></span> 
     </span>
     <span class='ocr_line' id='line_1_36' title="bbox 286 3715 1421 3806; baseline 0 -22"><span class='ocrx_word' id='word_1_269' title='bbox 286 3718 455 3804; x_wconf 91' lang='lat' dir='ltr'><strong>quievere.</strong></span> <span class='ocrx_word' id='word_1_270' title='bbox 489 3715 751 3784; x_wconf 87' lang='lat' dir='ltr'><strong>Detestabantur</strong></span> <span class='ocrx_word' id='word_1_271' title='bbox 768 3715 883 3805; x_wconf 93' lang='lat' dir='ltr'><strong>populi</strong></span> <span class='ocrx_word' id='word_1_272' title='bbox 901 3716 1093 3788; x_wconf 91' lang='lat' dir='ltr'><strong>huiusmodi</strong></span> <span class='ocrx_word' id='word_1_273' title='bbox 1112 3721 1349 3806; x_wconf 88' lang='lat' dir='ltr'><strong>religiosorum</strong></span> <span class='ocrx_word' id='word_1_274' title='bbox 1366 3715 1421 3784; x_wconf 90' lang='lat' dir='ltr'><strong>la-</strong></span> 
     </span>
     <span class='ocr_line' id='line_1_37' title="bbox 287 3815 1420 3909; baseline -0.001 -27"><span class='ocrx_word' id='word_1_275' title='bbox 287 3817 419 3906; x_wconf 88' lang='lat' dir='ltr'><strong>cinora,</strong></span> <span class='ocrx_word' id='word_1_276' title='bbox 454 3833 520 3903; x_wconf 91' lang='lat' dir='ltr'><strong>que</strong></span> <span class='ocrx_word' id='word_1_277' title='bbox 554 3817 641 3884; x_wconf 92' lang='lat' dir='ltr'><strong>mala</strong></span> <span class='ocrx_word' id='word_1_278' title='bbox 676 3815 774 3900; x_wconf 88' lang='lat' dir='ltr'><strong>signa</strong></span> <span class='ocrx_word' id='word_1_279' title='bbox 805 3815 1004 3901; x_wconf 89' lang='lat' dir='ltr'><strong>portendere</strong></span> <span class='ocrx_word' id='word_1_280' title='bbox 1039 3819 1191 3909; x_wconf 88' lang='lat' dir='ltr'><strong>aiebant,</strong></span> <span class='ocrx_word' id='word_1_281' title='bbox 1228 3816 1320 3904; x_wconf 90' lang='lat' dir='ltr'><strong>quod</strong></span> <span class='ocrx_word' id='word_1_282' title='bbox 1348 3817 1420 3904; x_wconf 91' lang='lat' dir='ltr'><strong>ipsc</strong></span> 
     </span>
     <span class='ocr_line' id='line_1_38' title="bbox 286 3912 1422 4008; baseline -0.001 -27"><span class='ocrx_word' id='word_1_283' title='bbox 286 3917 393 3984; x_wconf 92' lang='lat' dir='ltr'><strong>scisse</strong></span> <span class='ocrx_word' id='word_1_284' title='bbox 419 3915 601 4003; x_wconf 91' lang='lat' dir='ltr'><strong>religiones</strong></span> <span class='ocrx_word' id='word_1_285' title='bbox 632 3915 775 4008; x_wconf 92' lang='lat' dir='ltr'><strong>invicem</strong></span> <span class='ocrx_word' id='word_1_286' title='bbox 801 3912 995 3984; x_wconf 87' lang='lat' dir='ltr'><strong>colliderent</strong></span> <span class='ocrx_word' id='word_1_287' title='bbox 1026 3920 1125 4005; x_wconf 88' lang='lat' dir='ltr'><strong>atque</strong></span> <span class='ocrx_word' id='word_1_288' title='bbox 1153 3917 1422 3986; x_wconf 89' lang='lat' dir='ltr'><strong>colluctarentur.</strong></span> 
     </span>
     <span class='ocr_line' id='line_1_39' title="bbox 270 4010 1421 4098; baseline 0.001 -18"><span class='ocrx_word' id='word_1_289' title='bbox 270 4049 274 4054; x_wconf 96' lang='lat'>-</span> <span class='ocrx_word' id='word_1_290' title='bbox 358 4010 528 4082; x_wconf 87' lang='lat' dir='ltr'><strong>Addidere</strong></span> <span class='ocrx_word' id='word_1_291' title='bbox 555 4020 587 4084; x_wconf 91' lang='lat' dir='ltr'><strong>et</strong></span> <span class='ocrx_word' id='word_1_292' title='bbox 611 4013 667 4082; x_wconf 93' lang='lat' dir='ltr'><strong>alii</strong></span> <span class='ocrx_word' id='word_1_293' title='bbox 692 4011 879 4098; x_wconf 88' lang='lat' dir='ltr'><strong>singulares</strong></span> <span class='ocrx_word' id='word_1_294' title='bbox 907 4017 1006 4083; x_wconf 90' lang='lat' dir='ltr'><strong>tantis</strong></span> <span class='ocrx_word' id='word_1_295' title='bbox 1033 4014 1302 4086; x_wconf 92' lang='lat' dir='ltr'><strong>dissensionibus</strong></span> <span class='ocrx_word' id='word_1_296' title='bbox 1331 4031 1421 4098; x_wconf 87' lang='lat' dir='ltr'><strong>aug-</strong></span> 
     </span>
     <span class='ocr_line' id='line_1_40' title="bbox 284 4111 1423 4204; baseline 0 -26"><span class='ocrx_word' id='word_1_297' title='bbox 284 4117 397 4180; x_wconf 91' lang='lat' dir='ltr'><strong>menta</strong></span> <span class='ocrx_word' id='word_1_298' title='bbox 413 4114 543 4201; x_wconf 89' lang='lat' dir='ltr'><strong>prelati.</strong></span> <span class='ocrx_word' id='word_1_299' title='bbox 582 4115 770 4204; x_wconf 89' lang='lat' dir='ltr'><strong>Episcopus</strong></span> <span class='ocrx_word' id='word_1_300' title='bbox 793 4111 1010 4183; x_wconf 85' lang='lat' dir='ltr'><strong>Furliviensis</strong></span> <span class='ocrx_word' id='word_1_301' title='bbox 1034 4133 1075 4182; x_wconf 91' lang='lat' dir='ltr'><strong>eo</strong></span> <span class='ocrx_word' id='word_1_302' title='bbox 1098 4133 1166 4203; x_wconf 70' lang='lat' dir='ltr'><strong>quo,</strong></span> <span class='ocrx_word' id='word_1_303' title='bbox 1181 4116 1288 4204; x_wconf 90' lang='lat' dir='ltr'><strong>potuit</strong></span> <span class='ocrx_word' id='word_1_304' title='bbox 1309 4129 1423 4201; x_wconf 88' lang='lat' dir='ltr'><strong>appa-</strong></span> 
     </span>
     <span class='ocr_line' id='line_1_41' title="bbox 285 4212 1421 4301; baseline 0 -24"><span class='ocrx_word' id='word_1_305' title='bbox 285 4216 358 4278; x_wconf 86' lang='lat' dir='ltr'><strong>ratu</strong></span> <span class='ocrx_word' id='word_1_306' title='bbox 375 4213 408 4278; x_wconf 93' lang='lat' dir='ltr'><strong>in</strong></span> <span class='ocrx_word' id='word_1_307' title='bbox 422 4231 509 4301; x_wconf 90' lang='lat' dir='ltr'><strong>pape</strong></span> <span class='ocrx_word' id='word_1_308' title='bbox 523 4213 658 4283; x_wconf 87' lang='lat' dir='ltr'><strong>loannis</strong></span> <span class='ocrx_word' id='word_1_309' title='bbox 675 4214 898 4300; x_wconf 88' lang='lat' dir='ltr'><strong>contemptum</strong></span> <span class='ocrx_word' id='word_1_310' title='bbox 910 4213 1137 4284; x_wconf 87' lang='lat' dir='ltr'><strong>Mediolanum</strong></span> <span class='ocrx_word' id='word_1_311' title='bbox 1153 4214 1197 4284; x_wconf 88' lang='lat' dir='ltr'><strong>ad</strong></span> <span class='ocrx_word' id='word_1_312' title='bbox 1211 4212 1421 4282; x_wconf 91' lang='lat' dir='ltr'><strong>Ludovioum</strong></span> 
     </span>
    </p>
   </div>
   <div class='ocr_carea' id='block_1_3' title="bbox 0 0 1556 4882">
    <p class='ocr_par' dir='ltr' id='par_1_3' title="bbox 0 0 1556 4882">
     <span class='ocr_line' id='line_1_42' title="bbox 0 0 1556 4882; baseline 0 0"><span class='ocrx_word' id='word_1_313' title='bbox 0 0 1556 4882; x_wconf 95' lang='lat' dir='ltr'><strong> </strong></span> 
     </span>
    </p>
   </div>
  </div>
 </body>
</html>
