3052 4878
231 183 302 254 120
548 207 662 256 mconnr
684 211 728 256 nr.
749 208 889 257 cornone.
913 207 1048 255 nannum.

147 363 213 420 1312
229 353 274 422 ibi
301 350 344 419 ad
369 365 487 439 preces
508 346 741 436 Romanorum,
768 348 885 436 paucis
913 345 955 416 de
982 348 1054 426 suis
1080 344 1237 436 dimissis,
1265 365 1307 414 ne
1333 349 1360 416 si

230 467 347 521 omnes
374 449 531 537 duceret,
559 447 613 514 alii
638 448 763 515 maiora
789 446 875 514 mala
900 445 1062 514 iecissent
1087 447 1143 532 qui
1163 445 1283 513 ibidem
1305 463 1363 514 re·

229 549 425 638 manebant,
459 546 501 614 de
526 544 628 614 Roma
663 546 805 614 recessit
839 546 1014 633 perillum
1040 550 1176 633 pontem
1202 564 1275 613 cum
1300 545 1362 612 Dei

229 648 395 724 adiutorio
414 645 540 714 nullum
556 663 615 733 per
634 641 785 712 inimicos
802 644 930 712 habens
948 643 1228 734 impedimentum,
1244 660 1361 713 versus

229 747 412 816 Viterbium
430 745 580 830 dirigens
597 761 736 830 gressus
755 760 847 811 suos.
884 744 990 811 Primo
1009 744 1101 810 venit
1125 743 1277 811 Sutrium.

303 844 357 914 Ad
382 860 524 933 presens
546 861 646 910 unam
672 840 835 909 modicam
861 841 1107 928 digressionem
1124 841 1221 911 iaeic.
1253 838 1364 908 Ante-

232 964 330 1034 quam
366 943 521 1012 dominus
555 943 734 1029 imperator
759 939 801 1008 de
829 941 942 1028 Tybur
967 940 1158 1032 recederet,
1185 941 1366 1009 Florentini

230 1062 292 1134 pro
322 1060 360 1112 se
387 1047 421 1110 et
446 1059 507 1109 sua
531 1039 602 1126 liga
628 1041 782 1108 timentes
824 1057 866 1108 ne
899 1042 1076 1127 imperator
1105 1042 1140 1107 in
1165 1037 1365 1108 revertendo

230 1146 327 1232 ipsos
362 1140 562 1227 ollenderet,
599 1140 686 1207 sicut
711 1143 745 1205 et
770 1138 868 1228 iecit,
896 1139 1056 1207 miserunt
1086 1156 1187 1206 unum
1222 1136 1264 1206 de
1299 1154 1366 1225 quo

231 1243 330 1331 plene
351 1238 564 1308 confidebant
589 1237 632 1305 ad
659 1237 833 1305 consilium
856 1236 980 1306 domini
1005 1239 1214 1325 imperatoris
1241 1236 1284 1304 ad
1309 1239 1367 1304 in-

231 1337 434 1410 veniendum
460 1335 579 1405 modos
607 1337 738 1404 etuias
764 1338 858 1424 pacis
877 1342 910 1403 ct
933 1335 1180 1424 tranquillitatis
1206 1338 1364 1424 ipsorum.

231 1440 300 1517 iste
322 1439 444 1504 missus
470 1434 652 1504 vocabatur
674 1433 835 1503 Ricardus
853 1434 1011 1521 Hugueti.
1052 1435 1102 1503 llli
1119 1435 1367 1522 qui‘mittebant

232 1557 309 1606 eum
335 1540 429 1604 erant
454 1534 607 1602 dominus
623 1533 739 1601 Gerius
756 1533 798 1602 de
822 1533 934 1621 Spinis
963 1540 997 1602 et
1023 1533 1177 1602 dominus
1201 1533 1298 1602 Pisus
1325 1532 1367 1601 de

234 1635 527 1705 Tosaiilorentini.
562 1633 624 1700 Per
634 1634 747 1721 plures
766 1632 839 1701 dies
857 1632 965 1701 dictus
982 1631 1168 1701 Richardus
1188 1650 1262 1700 cum
1280 1649 1367 1700 eon-

234 1736 309 1804 sitio
336 1733 461 1803 dcmini
486 1733 692 1819 imperatoris
719 1738 849 1799 secreto
877 1729 945 1821 suit,
973 1739 1006 1800 et
1024 1734 1166 1800 recessit
1186 1733 1283 1819 quasi
1309 1736 1369 1799 to-

234 1834 343 1902 taliter
363 1835 397 1899 in
411 1830 592 1899 concordia
610 1850 629 1898 a
649 1829 747 1899 ncbis
775 1829 958 1898 secundum
982 1833 1201 1900 intentionem
1226 1830 1367 1919 illomm,

235 1933 290 2020 qui
317 1949 392 1999 eum
417 1932 585 2019 miserant,
613 1927 747 1996 dicebat
772 1947 810 1996 se
837 1931 940 2019 scire,
966 1931 1162 2018 promittens
1187 1930 1308 1997 reverti
1334 1930 1369 1996 in

233 2030 356 2100 Urbem
375 2028 532 2100 Veterem
559 2046 632 2095 curn
657 2028 723 2095 illis
741 2034 774 2095 et
789 2027 986 2115 quibusdam
1004 2029 1077 2096 aliis
1096 2028 1264 2096 adomnia
1285 2045 1371 2116 per-

234 2127 387 2216 ficienda,
416 2132 449 2194 et
473 2124 596 2193 ibidem
623 2125 791 2193 debebant
816 2126 949 2213 quidam
971 2144 1144 2195 occurrere
1162 2126 1205 2194 de
1227 2127 1370 2195 oonsilio

236 2227 359 2296 domini
385 2227 593 2313 imperatoris
619 2225 764 2292 maiores
791 2225 834 2293 ad
861 2225 1003 2312 aliquem
1031 2225 1118 2294 diem
1135 2231 1260 2308 certum
1285 2223 1372 2294 inire

235 2343 384 2394 mensem
411 2325 554 2409 augusti.
600 2321 674 2391 Non
699 2330 875 2414 venerum,
902 2343 967 2392 nee
993 2325 1155 2392 miserunt
1181 2324 1224 2393 ad
1249 2323 1372 2392 dictum

237 2424 324 2492 diem
351 2423 501 2512 predicti,
527 2422 606 2490 licet
631 2427 752 2510 postea
778 2424 935 2490 miserint.
977 2422 1169 2491 Secundum
1185 2424 1371 2514 veritatem,

238 2529 414 2610 antequam
446 2521 489 2590 de
521 2521 635 2609 Tybur
666 2520 918 2610 recederemus,
946 2538 1012 2607 ego
1047 2520 1172 2589 credidi
1198 2523 1373 2607 negotium

238 2639 316 2691 esse
351 2621 473 2689 iactum
508 2639 567 2709 per
600 2637 641 2688 ea
676 2639 741 2706 que
778 2620 969 2688 erudiveram
996 2639 1015 2687 a
1040 2619 1190 2708 predicto
1221 2619 1377 2690 Ricardo.

236 2719 356 2790 Adhuc
380 2738 450 2788 nou
477 2719 726 2804 cognoscebam
754 2719 885 2787 Tuscos
911 2718 954 2785 iis
982 2718 1111 2786 diebus.

312 2819 362 2886 De
380 2817 529 2885 Viterbio
547 2818 673 2905 placuit
691 2816 826 2884 domino
844 2819 890 2885 ire
909 2816 1100 2906 tudertum,
1118 2818 1197 2884 licet
1213 2817 1371 2885 omnibus

240 2915 497 2985 citramontanis
524 2914 715 3003 displiceret
740 2921 874 3004 propter
895 2915 1038 2984 devium.
1079 2914 1218 2996 Quidam
1237 2914 1281 2983 de
1304 2916 1373 2984 illis

237 3015 387 3104 partibus
412 3018 598 3102 posuerunt
623 3015 658 3081 in
684 3016 792 3102 capite
820 3032 893 3103 suo,
921 3014 1011 3102 quod
1038 3016 1067 3081 si
1092 3017 1155 3082 iret
1182 3020 1216 3082 et
1236 3016 1285 3081 eis
1311 3032 1374 3082 re-

239 3115 438 3200 gratiaretur
459 3111 500 3180 de
523 3113 613 3182 bona
633 3113 757 3204 militia,
785 3131 882 3200 quam
906 3114 936 3180 ei
960 3115 1032 3181 sine
1055 3113 1180 3204 debito,
1209 3131 1282 3180 cum
1306 3116 1376 3180 sint

240 3213 392 3281 homines
419 3211 573 3301 ecclesie,
600 3229 674 3279 cum
698 3214 842 3301 propriis
869 3217 1026 3301 expensis
1047 3215 1261 3301 perlongum
1283 3217 1375 3279 tem-

240 3327 305 3400 pus
332 3311 490 3377 miserant
515 3309 651 3377 Romam
676 3311 830 3378 insnum
855 3312 1033 3402 servitium,
1062 3312 1152 3398 quod
1170 3314 1289 3400 ipsum,
1318 3313 1377 3398 qui

241 3415 319 3479 tunc
344 3409 487 3498 pecunia
513 3407 695 3499 indigebat,
722 3409 935 3500 honorarent,
963 3412 1050 3478 sicut
1070 3409 1221 3479 iecerunt
1242 3415 1376 3499 postea.

242 3508 367 3577 Ibidem
386 3507 530 3575 vicarius
559 3509 709 3594 quierat
736 3510 769 3575 in
787 3507 936 3578 Marchia
962 3511 1051 3576 misit
1077 3509 1120 3577 ad
1142 3527 1229 3594 eum,
1255 3514 1292 3575 ut
1313 3508 1378 3575 lit-

243 3614 331 3676 teras
350 3605 535 3674 conductus
552 3623 612 3692 per
630 3611 733 3676 totum
751 3608 920 3695 imperium
940 3607 983 3676 cb
1000 3608 1379 3676 vestramreverentiam

244 3707 306 3775 sibi
332 3708 484 3774 mitteret.
530 3702 627 3784 Quod
653 3705 795 3773 libenter
820 3705 911 3796 iecit,
937 3706 1016 3774 licet
1041 3726 1061 3775 a
1087 3708 1197 3774 multis
1226 3706 1268 3774 de
1293 3724 1379 3794 par-

194 3813 199 3817 “
243 3806 330 3873 tibus
357 3805 476 3873 fuisset
503 3809 700 3892 accusatus,
728 3803 818 3890 quod
844 3822 912 3872 non
933 3807 1142 3892 permisisset
1164 3807 1211 3874 ire
1242 3805 1376 3892 aliquos

242 3905 450 3972 voluntarios
484 3902 526 3971 de
552 3901 703 3970 Marchia
727 3900 863 3970 Romam
888 3904 922 3969 in
956 3921 1051 3971 suum
1083 3906 1270 3991 servitium,
1296 3904 1379 3972 licet

244 4020 361 4069 omncs
375 4007 490 4071 contra
508 4020 583 4070 eum
600 4003 646 4070 ire
665 4001 819 4070 volentes
838 4001 910 4070 sine
927 4001 1120 4071 dificultate
1141 4003 1333 4070 dimisisset.

318 4101 368 4168 De
387 4100 532 4170 Tuderto
555 4103 747 4170 intravimus
771 4103 959 4168 comitatum
983 4103 1188 4170 Perusinum.
1222 4099 1291 4168 Nec
1313 4117 1377 4168 re-

244 4199 363 4268 cordor
388 4217 440 4268 me
474 4217 574 4268 unum
603 4201 709 4270 solum
737 4198 1015 4268 Citramontanum
1042 4198 1186 4290 vidisse,
1221 4199 1273 4267 cui
1297 4197 1379 4286 pla-
