3028 4878
242 176 314 244 b38
578 204 723 248 33333333
745 203 955 248 3333333333.
991 200 1016 262 6,
1037 203 1074 253 ld.

160 359 226 413 1333
243 344 392 412 Iohanne
414 360 511 429 quern
532 343 674 430 reliquit,
701 347 735 408 et
761 347 929 430 oonsorte,
956 344 1046 429 regis
1064 343 1286 412 Bobemorum
1305 342 1383 432 lilia,

245 443 402 530 sublatis,
429 440 632 509 Ludewious
662 446 779 516 terram
805 441 1035 528 apprehendit.
1069 442 1107 510 ln
1135 461 1200 529 qua
1227 441 1384 510 11111133-
1498 487 1499 490 ,

243 544 303 610 tris
329 543 381 610 sui
406 537 535 608 lludollr
571 539 727 630 Palatini,
755 545 788 608 et
814 540 870 607 filii
897 537 1030 609 Ottonis
1057 541 1152 610 duois
1178 539 1313 610 Austrie
1340 559 1384 608 ex
1498 545 1499 592 ἐ

244 641 357 708 matris
384 656 445 708 sue
472 637 698 728 sponsalibus,
726 657 791 725 que
817 657 914 708 soror
940 639 1088 709 defuncti
1113 639 1231 730 luerat,
1258 643 1311 710 ius
1326 640 1383 707 13-
1498 641 1499 728 j

244 739 364 825 galiter
390 746 423 806 31.
448 741 634 826 portionem
661 737 804 805 debitam
828 738 1017 824 exigebant.
1050 739 1233 828 Imperator
1259 757 1297 808 se
1324 758 1384 806 ra·
1498 735 1499 774 ¹

247 840 336 906 tione
363 838 538 922 sanguinis
565 842 598 904 et
623 836 803 925 imperialis
827 839 907 904 iuris
932 838 1084 908 omnibus
1109 840 1383 927 propinquiorem
1498 867 1499 910 3

245 944 409 1026 astruens,
437 943 555 1002 terram
584 935 646 1002 sibi
673 934 887 1022 quodamodo
906 939 1068 1028 ooaotive,
1096 939 1240 1027 receptis
1265 956 1384 1006 saera·
1498 947 1499 958 ¹

244 1037 364 1104 mentis
378 1035 548 1124 nobilium,
577 1036 803 1120 conservavit3
831 1035 991 1127 glorians,
1020 1053 1058 1104 se
1076 1037 1183 1105 solum
1206 1038 1271 1104 iam
1298 1037 1384 1104 sub-

244 1138 390 1202 intrasse
425 1136 527 1201 131133
554 1133 706 1201 Bawarie
732 1135 969 1224 prinoipatum,
996 1153 1015 1202 a
1040 1135 1146 1223 longo
1173 1142 1323 1224 tempore
1348 1137 1383 1202 in

244 1239 355 1322 partes
380 1232 538 1319 plurimas
565 1231 791 1319 subdivisum,
817 1234 987 1320 patrueles
1014 1237 1100 1302 enirn
1118 1237 1190 1303 eius
1211 1241 1384 1324 paternam

137 1360 140 1368 ¹
244 1331 355 1400 adhue
379 1333 413 1398 in
438 1330 542 1398 latere
569 1330 744 1419 possident
769 1334 966 1419 portionem.

163 1440 229 1493 1313
316 1427 416 1497 Anno
440 1429 564 1497 domini
583 1431 740 1500 monaxl.
759 1429 922 1500 Rudollus
947 1431 1081 1519 quidam
1097 1432 1276 1521 presbyter
1297 1431 1384 1500 oali-

242 1547 314 1596 oem
349 1546 423 1596 oum
456 1530 622 1615 sanguine
657 1529 779 1597 Christi
812 1529 901 1617 apud
935 1530 1172 1617 Salozburgam
1203 1533 1238 1598 in
1265 1531 1382 1598 maiori

242 1627 390 1696 33313313
406 1626 448 1695 de
466 1627 562 1695 altari
583 1646 718 1696 sumens
737 1626 900 1719 diffundit,
921 1629 1011 1716 quod
1027 1631 1119 1718 prius
1132 1630 1259 1698 lecerat
1274 1629 1380 1697 Hallis
1416 1692 1419 1698 .

240 1728 274 1794 in
289 1726 435 1794 33313313
450 1725 538 1794 beati
564 1727 724 1797 Zenonis.
758 1725 821 1807 Qui
848 1734 966 1816 eaptus
993 1734 1026 1796 et
1051 1735 1173 1818 postea
1197 1727 1380 1817 productus

240 1823 336 1893 dixit:
362 1825 497 1896 13113333
522 1828 555 1892 31
574 1819 745 1912 peponum
770 1828 841 1892 3133
866 1826 1027 1912 baptismo
1049 1827 1323 1912 posseseratus,
1349 1831 1382 1894 31

238 1926 273 1990 in
298 1924 400 1990 altori
424 1941 490 1990 non
515 1942 588 1992 3333
613 1941 724 1992 venem
748 1923 869 1993 Christi
893 1944 1023 2012 eorpus,
1050 1928 1256 1994 3133333333
1278 1943 1380 2010 posse

237 2024 346 2090 redire
371 2024 613 2106 3333311333
638 2025 844 2110 niquitatem,
870 2026 949 2110 3313
973 2026 1046 2092 3313
1066 2029 1295 2110 peceaverunt
1319 2042 1378 2091 33-

235 2123 351 2207 311313.
393 2119 474 2188 Cum
510 2119 614 2189 nollet
648 2123 834 2212 respicere,
868 2141 929 2212 per
962 2124 1154 2192 Heinrioum
1183 2126 1378 2212 episcopum

238 2216 554 2309 Salozburgensem,
587 2223 748 2307 magistro
782 2220 961 2290 Rutbmaro
994 2223 1204 2292 Seboviense
1229 2223 1375 2311 presule,

237 2318 415 2388 Cbunrado
441 2318 631 2406 bemense
664 2327 698 2388 31
723 2319 795 2388 31113
822 2321 957 2408 prelatis
982 2323 1217 2412 presentibus,
1234 2321 1371 2412 degra-

236 2416 333 2486 datus
360 2418 503 2486 seoulari
528 2421 688 2506 potestati
713 2418 849 2487 traditur
876 2425 910 2487 et
935 2425 1108 2490 prematur.

309 2516 383 2585 Hoo
407 2535 495 2585 anno
520 2519 616 2585 etiarn
633 2517 816 2586 Friderious
836 2517 904 2586 dux
924 2521 1056 2587 iuvenis
1075 2522 1109 2587 in
1126 2517 1298 2588 Austriam
1315 2537 1372 2587 re-

236 2617 383 2706 vertitur,
411 2621 444 2684 31
469 2616 563 2684 lateri
588 2613 716 2686 Alberti
748 2618 855 2704 patrui
881 2635 955 2685 oum
982 2618 1081 2686 iratre
1107 2618 1286 2706 Leupoldo
1312 2617 1376 2686 ad-

238 2716 372 2804 1133333,
399 2717 433 2782 13
454 2717 632 2802 gymnasio
655 2716 816 2785 bonorum
836 2722 969 2784 aotuum
995 2716 1179 2808 desudans,
1206 2717 1321 2786 verbis
1347 2720 1379 2786 31

239 2814 336 2882 133113
363 2819 448 2881 terre
476 2814 645 2883 nobilibus
673 2833 711 2882 se
738 2819 882 2902 ooaptat.

313 2911 387 2980 Hoo
405 2930 494 2980 anno
513 2930 572 2980 rex
587 2911 810 2981 lluthenorum
830 2915 975 3003 moritur,
1003 2919 1036 2982 31
1052 2931 1112 2984 rex
1132 2913 1298 2983 llraoovie
1320 2933 1377 2982 ra-

239 3014 330 3080 11333
357 3012 532 3099 33333313,
561 3028 625 3098 que
653 3011 719 3080 lilia
745 3013 835 3097 regis
860 3013 1002 3080 Livonie
1029 3012 1145 3103 luerat,
1173 3019 1294 3082 terram
1320 3033 1378 3102 ap·

238 3108 448 3199 prehendere
482 3109 660 3179 festinavit.
693 3111 735 3178 Et
767 3109 917 3178 abduotis
951 3111 1030 3179 inde
1067 3113 1185 3201 spoliis
1217 3113 1378 3201 pluribus,

240 3207 438 3296 quibusdam
465 3208 651 3277 eivitatibus
679 3208 883 3300 depredatis
911 3208 955 3278 ad
980 3213 1113 3299 propria
1133 3217 1187 3279 331
1212 3229 1380 3280 reversus.

238 3307 309 3376 Rex
338 3308 546 3375 Tartarorum
573 3308 638 3376 boe
663 3307 823 3397 audiens,
852 3318 991 3394 regnum
1019 3312 1245 3378 assentasse
1275 3327 1379 3398 suurn,

239 3413 396 3492 tanquam
417 3405 533 3474 sibiet
558 3408 629 3474 suis
655 3408 926 3495 progenitoribus
954 3410 1122 3499 eonsuale,
1150 3426 1224 3477 oum
1251 3409 1378 3478 infinita

238 3503 446 3575 multitudine
480 3507 691 3574 Tartarornm
725 3506 898 3574 admetus
924 3505 1088 3576 llraoorie
1114 3509 1215 3576 venit
1248 3506 1380 3576 11113-

238 3605 407 3693 populatis
434 3612 535 3692 atque
561 3606 700 3673 33313113
728 3604 849 3672 finibus
875 3605 950 3695 illis,
979 3607 1137 3694 oompnlit
1155 3623 1271 3692 regem
1291 3606 1376 3674 llra-

238 3705 335 3772 oovie
372 3696 593 3772 metuentem¹
620 3704 779 3771 auxilium
812 3703 1021 3789 Ungarorum
1048 3710 1082 3773 et
1108 3707 1376 3792 Teutonioorum,

238 3808 274 3869 31
292 3803 505 3888 abigerentur
527 3819 569 3870 ne
584 3803 724 3870 ulterius
752 3801 1024 3894 diffunderentur,
1051 3806 1177 3874 nuntiis
1205 3809 1240 3871 et
1264 3804 1376 3871 litteris

238 3901 426 3989 implorare.
466 3900 655 3969 Novissime
687 3907 796 3968 tamen
831 3903 995 3986 angariati
1029 3920 1089 3990 per
1125 3902 1375 3992 prohibitionem

239 3999 473 4067 obsistentium
507 3999 679 4068 lluviorum
712 4001 983 4086 interpositorum
1015 4019 1055 4068 ao
1086 4008 1286 4071 armatorum
1317 4017 1375 4068 oe·

240 4097 450 4187 currentium,
477 4097 520 4166 ad
546 4100 683 4186 propria
709 4097 890 4167 redierunt.

276 4217 306 4282 1)
324 4231 353 4270 so
372 4217 489 4271 besserte
507 4216 548 4270 ieh
567 4215 609 4271 die
627 4217 707 4274 lesart
724 4221 877 4272 metuentes.
