3002 4880
425 205 568 251 cunamen
590 205 627 250 nr,
648 205 747 250 orsrrs
768 204 935 251 rnrrcrrun.
1199 173 1244 243 35

191 340 252 423 Qui
278 359 378 432 super
403 345 551 411 novitate
578 359 743 412 ramorum
770 345 962 432 stupentes,
987 342 1087 425 jussa
1112 339 1246 411 fratrum
1265 353 1330 408 1313

125 459 249 510 suorum
275 443 372 510 citius
399 443 618 532 complentes,
646 445 938 527 congregaverunt
963 459 1119 526 magnum
1144 459 1246 510 exer·
1268 437 1327 478 ⁰⁰²·

124 543 213 608 citum
248 540 289 608 de
323 541 475 610 omnibns
508 541 696 609 visceribus
722 541 967 628 provinciarum
993 557 1137 610 suarum.
1170 540 1247 608 Un-

122 657 215 726 garos
242 645 276 708 et
301 640 441 708 Sclavos
467 641 643 730 pulsantes
675 639 850 730 precibus,
886 644 924 707 ut
955 642 990 707 et
1018 641 1083 726 ipsi
1108 641 1246 707 veniant

122 757 188 806 cum
221 739 293 808 aliis
327 741 521 829 pugnaturi;
555 740 674 808 alienis
706 743 818 807 autem
851 737 953 806 etad
980 755 1017 806 se
1044 755 1112 806 non
1137 740 1245 826 perti-

120 838 266 906 nentibus
300 837 520 930 denunciant,
547 843 584 906 ut
610 840 667 927 qui
692 836 885 906 donativum
910 839 944 904 in
972 838 1153 905 certamine
1178 854 1245 905 vo-

120 935 232 1004 luerint
258 936 436 1029 deservire,
462 938 577 1005 venire
604 939 702 1005 etiam
728 955 797 1005 non
822 938 996 1022 negligant
1020 935 1063 1004 ad
1083 953 1245 1026 pugnan-

120 1034 199 1104 dum.
251 1034 399 1105 Collecto
431 1037 534 1123 igitur
563 1038 722 1104 universo
757 1038 924 1127 exercitu,
955 1034 1087 1122 quidam
1113 1035 1244 1103 nobiles

120 1133 192 1201 dicti
217 1134 258 1202 de
284 1135 413 1226 Walse,
441 1137 607 1226 capitanei
634 1136 812 1226 exercitus,
839 1140 998 1222 regentes
1027 1151 1152 1202 cuneos
1178 1152 1248 1222 pa-⁴

118 1235 188 1301 riter
212 1239 246 1302 at
271 1233 458 1325 ductantes,
484 1251 584 1323 preco
612 1235 776 1302 clamabat
803 1234 964 1325 valenter,
990 1238 1026 1301 ut
1053 1249 1170 1301 omnes
1198 1235 1245 1299 ti-

118 1349 202 1401 more
229 1333 361 1402 sublato
389 1333 577 1401 ascendant
602 1333 801 1424 gaudentes,
829 1335 1036 1422 superiorem
1059 1332 1246 1400 Bawariam

116 1431 257 1500 intraturi
294 1437 327 1500 et
351 1431 473 1500 ibidem
507 1449 589 1501 suos
623 1451 743 1502 saccos
776 1433 818 1502 de
851 1433 959 1521 spolio
986 1437 1021 1500 et
1046 1448 1126 1499 suas
1154 1450 1246 1498 mar-

117 1531 226 1618 supias
252 1533 425 1618 argenteis
451 1532 626 1620 impleturi.
650 1531 778 1600 Dicitur
803 1532 902 1599 etiam
929 1532 996 1621 eis,
1022 1535 1060 1597 ut
1085 1547 1153 1597 non
1178 1547 1245 1618 pa-

116 1635 219 1720 veant,
246 1649 325 1698 nam
351 1629 456 1699 duces
483 1648 598 1699 eorum
624 1629 666 1699 de
689 1631 838 1720 partibus
866 1629 1001 1697 Swevie
1029 1647 1103 1696 cum
1121 1644 1245 1713 magno

117 1730 258 1798 exercitu
292 1732 467 1798 venientes
474 1782 485 1820 ,
518 1730 710 1798 volentibus
746 1732 794 1798 eis
833 1728 918 1796 serre
945 1727 1102 1796 auxilium
1129 1731 1247 1794 contra

115 1826 287 1919 BawaroS,
315 1834 352 1896 ut
378 1831 429 1897 sic
463 1828 593 1896 duabus
624 1827 919 1916 congredientibus
945 1827 1079 1915 possint
1105 1824 1246 1894 eandem

115 1930 228 1995 terram
262 1928 382 1996 lortius
417 1945 630 2018 expugnare,
666 1933 891 2018 expugnatam
925 1924 1132 1995 commodius
1158 1941 1246 2014 pos-

116 2025 233 2094 sidero.

182 2125 318 2193 Interim
343 2125 493 2196 illustres
519 2126 625 2195 duces
651 2126 806 2195 Bawarie
826 2123 990 2193 Rudolsus
1013 2127 1047 2191 et
1064 2121 1247 2191 Ludwicus

117 2239 185 2291 cum
216 2230 289 2293 tota
325 2227 413 2292 terra
445 2244 519 2294 sua.
541 2243 610 2294 non
650 2227 723 2293 sine
759 2227 876 2292 timore
908 2226 1063 2291 incursus
1101 2221 1247 2290 hostium

115 2327 343 2413 expectantes
368 2341 438 2391 non
463 2326 572 2393 minus
597 2342 635 2392 se
659 2328 838 2413 preparant
863 2321 906 2390 ad
930 2320 1155 2390 resistendum
1179 2338 1246 2408 pa-

113 2422 186 2490 riter
211 2430 244 2491 et
273 2421 501 2510 pugnandum.
552 2423 620 2492 Sed
647 2423 715 2491 dux
745 2420 906 2490 Rudolsus
934 2422 1042 2488 minus
1069 2419 1246 2488 sollicitus.

113 2517 293 2590 Ludwicus
321 2525 425 2589 totum
448 2521 583 2612 pondus
608 2523 704 2612 prelii
730 2521 858 2589 vehens
884 2522 919 2588 in
947 2519 1102 2588 omnibus
1130 2523 1246 2585 stren-

114 2635 175 2688 nue
201 2639 240 2689 se
271 2619 418 2706 gerebat.
458 2620 612 2709 Denique
639 2621 842 2709 recipientes
869 2636 907 2687 se
933 2619 968 2686 in
995 2617 1121 2705 campis
1150 2619 1247 2700 juxta

113 2718 211 2807 ripam
237 2737 306 2807 que
332 2724 472 2787 vocatur
495 2719 710 2810 Zeidelbach,
738 2718 802 2787 hac
826 2718 968 2805 illacque
997 2720 1245 2802 congregantes

114 2819 207 2886 etiam
235 2819 435 2909 exercitum,
465 2819 625 2910 Suevos,
660 2820 828 2908 Francos,
856 2823 893 2885 ut
918 2816 960 2885 ad
987 2833 1026 2884 se
1051 2815 1188 2883 veniant
1211 2814 1246 2880 in

113 2917 249 3004 prelium
285 2922 479 3009 exorantes,
517 2924 550 2986 et
580 2919 694 3006 plnres
730 2917 814 2986 alios
851 2917 967 3006 procul
1001 2919 1035 2983 et
1064 2930 1169 3002 prope
1204 2911 1247 2979 ad

113 3016 249 3102 prelium
269 3023 508 3109 convocantes
534 3018 735 3106 pollicentes
758 3017 818 3106 eis,
845 3035 919 3085 cum
942 3014 1094 3102 requisiti
1115 3011 1246 3101 luerint,

114 3117 248 3184 servitia
284 3115 404 3183 similia
434 3116 489 3184 vel
521 3118 655 3185 maiora.
707 3115 861 3183 Similiter
894 3116 992 3183 etiam
1025 3112 1066 3182 dc
1093 3109 1247 3180 omnibus

115 3211 232 3282 linibus
261 3212 398 3282 ditionis
434 3232 495 3282 sue
528 3232 686 3283 rurenses
723 3215 876 3283 civitates
903 3213 946 3282 ad
972 3212 1095 3281 bellum
1123 3208 1248 3278 exhor-

113 3316 219 3382 tantes
246 3318 314 3380 tem
348 3315 493 3401 equitum
528 3333 627 3403 quam
655 3313 803 3403 peditum
831 3315 1011 3382 exercitum
1036 3309 1249 3379 inestimabi-

111 3409 173 3480 lem
199 3412 421 3498 collegerunt.

182 3511 288 3580 Porro
314 3508 526 3579 Australibus
560 3510 820 3580 ascendentibus
847 3507 1080 3578 ministeriales
1107 3508 1248 3576 inferio-

114 3609 155 3676 n's
179 3611 338 3678 Bawarie
363 3612 589 3698 prestolantes
617 3629 677 3679 eos
703 3612 737 3677 in
764 3615 849 3678 terra
868 3627 940 3700 sua,
967 3612 1004 3674 ut
1027 3608 1111 3697 ipsis
1135 3613 1248 3674 trans-

114 3710 269 3778 euntibus
297 3727 335 3776 se
363 3711 413 3776 eis
439 3711 473 3777 in
500 3708 697 3778 adiutorium
731 3710 907 3777 sociarent.
958 3705 1038 3773 ldeo
1067 3707 1144 3792 quia
1169 3709 1249 3770 tan-

114 3810 178 3873 tum
204 3807 359 3876 lavantes
387 3810 448 3899 eis,
475 3814 512 3876 ut
538 3811 627 3878 omni
652 3809 801 3897 periculo
830 3823 867 3876 sc
895 3824 969 3874 cnm
1003 3805 1051 3872 eis
1079 3818 1249 3891 exponere

11 3947 12 3958 ἢ
114 3921 179 3973 non
206 3905 385 3976 tardarent.
413 3906 481 3976 Sed
508 3907 613 3976 duces
638 3906 784 3998 Austrie,
812 3925 885 3974 oum
913 3905 1157 3989 cognovissent
1178 3901 1249 3968 Ba-

11 3985 12 4060 l
115 4021 224 4075 uaros
251 4011 368 4076 contra
401 4023 439 4074 se
474 4005 517 4074 ad
541 4006 759 4098 pugnandum
786 4023 854 4075 non
880 4003 1088 4072 mediocriter
1112 4018 1250 4089 premu-
1285 4025 1288 4032 ’

11 4113 13 4176 ι
115 4105 223 4196 nites,
250 4121 376 4195 pavere
403 4111 579 4198 oepemnt,
605 4107 755 4194 quamvis
783 4107 899 4172 essent
923 4100 1026 4169 multo
1052 4101 1087 4167 in
1113 4115 1250 4167 numero

117 4198 281 4272 tortiores.
309 4205 436 4273 Tamen
459 4205 606 4274 scientes
630 4224 699 4275 non
721 4221 800 4274 esse
823 4207 928 4271 tutum
949 4200 1113 4268 hostiliter
1134 4205 1251 4267 terram

1014 4308 1057 4370 3³1·
