3002 4880
271 163 320 236 34
584 191 730 238 CHRONICA
752 193 789 236 DE
811 191 909 236 sestis
931 191 1097 238 Palatinum.

167 356 169 360 ’
190 351 257 406 rare
271 332 486 401 intromittere
513 327 554 398 de
581 328 703 398 ducatu
729 336 762 398 et
786 329 995 417 providentia
1017 346 1194 418 puerorum
1221 333 1254 395 et
1279 326 1319 395 de
1343 343 1391 393 re-

272 432 395 518 gimine
431 434 536 518 terre,
568 447 636 496 non
669 434 732 496 tam
767 435 803 497 ut
836 434 916 516 puto
951 445 1013 516 pro
1055 429 1194 495 utilitate
1227 443 1393 514 pueromm

272 548 370 618 quiam
396 547 456 617 pro
483 527 590 595 iruotu
614 529 749 616 proprio
775 529 809 594 in
835 526 987 595 futurum.
1013 526 1090 594 Dux
1119 544 1199 594 vero
1225 524 1394 593 Ludwious

272 630 334 697 beo
360 647 434 695 cum
460 626 627 714 audisset,
655 626 738 695 iorto
765 628 971 714 premonitus
998 645 1017 694 a
1042 644 1219 714 puerorum
1245 624 1394 692 illustris-

272 729 365 798 simis
392 727 550 794 matribus
573 725 682 793 adhuc
707 725 909 815 viventibus,
938 743 1066 793 summa
1092 744 1165 793 oum
1191 723 1395 792 testinatione

270 832 426 917 properat
451 825 494 894 ad
518 826 685 913 principes
707 825 871 914 juniores,
899 841 1089 910 suggerens
1109 826 1169 916 eis,
1196 829 1233 890 ut
1250 839 1309 910 per
1325 821 1397 888 nui-

271 928 338 994 lum
364 925 497 993 modum
523 926 735 992 consentiant
760 925 793 990 in
820 922 938 992 ducem
954 921 1099 1013 Austris,
1121 925 1177 1011 qui
1203 928 1274 990 toto
1300 935 1396 1009 posse

272 1025 403 1093 laborat
436 1041 548 1091 eonrm
576 1023 645 1091 beri
671 1028 881 1112 procurator,
909 1022 1044 1091 dicens:
1079 1041 1145 1090 non
1169 1023 1217 1089 eis
1242 1019 1402 1105 expedire,

272 1125 334 1192 sed
351 1140 388 1190 se
406 1125 513 1207 ipsum
525 1123 589 1188 cite
610 1122 866 1206 propinquitatis
887 1126 920 1188 et
936 1124 1064 1188 sincere
1085 1121 1254 1203 fidelitatis
1279 1119 1399 1204 diqnius

273 1227 306 1290 et
330 1223 494 1290 decentius
520 1219 636 1288 dedere
660 1237 772 1288 eonem
797 1238 912 1287 eurora
936 1238 1060 1306 qerere,
1086 1224 1119 1287 et
1142 1221 1273 1286 mutoro
1298 1231 1401 1286 eorum

273 1322 455 1406 disponere,
481 1337 649 1410 wcusque
673 1320 721 1386 ud
744 1324 863 1386 etntern
883 1321 1091 1404 peccauerint
1110 1319 1304 1404 plenorum.
1335 1314 1400 1382 Hiis
1486 1345 1487 1348 ¹

273 1422 386 1505 itaque
413 1420 532 1508 gestis,
560 1435 629 1486 non
654 1418 757 1486 multo
783 1424 863 1507 post
888 1418 984 1486 ambo
1010 1420 1212 1486 conveniunt
1230 1417 1352 1504 pariter
1372 1414 1401 1479 in

275 1520 406 1586 civitate
437 1517 628 1607 Landawc,
664 1516 721 1584 ubi
757 1516 799 1585 dc
835 1516 952 1585 eadem
977 1535 1013 1584 re
1045 1519 1130 1584 inter
1165 1534 1202 1584 se
1230 1533 1270 1584 os
1298 1513 1341 1581 ad
1366 1527 1401 1579 os
1486 1509 1487 1578 ζ

275 1618 438 1687 seriosius
455 1623 568 1685 mutuo
586 1615 821 1703 loquebantur.
862 1615 930 1684 Sed
949 1615 1111 1683 ambobus
1131 1617 1216 1683 inter
1236 1632 1274 1682 so
1298 1615 1404 1681 rixau·
1487 1615 1488 1638 ¹

273 1717 374 1806 tibae,
402 1716 469 1784 dux
486 1715 669 1784 Ludwious
697 1713 807 1782 subito
833 1714 1003 1782 iracundie
1030 1714 1158 1782 iacibus
1185 1712 1402 1782 inflammatus
1487 1799 1488 1804 Ἰ

274 1816 411 1904 arripuit
436 1814 600 1900 gladium,
628 1815 657 1880 si
673 1830 741 1881 non
764 1815 984 1901 interceptum
1004 1812 1124 1882 suisset
1145 1833 1165 1881 a
1184 1810 1404 1902 presentibus,

273 1915 382 2002 ipsum
410 1912 527 1980 ducem
552 1909 687 1980 Austrie
713 1930 812 1980 manu
838 1906 1053 1981 invasisset1.
1077 1911 1155 1981 Dux
1175 1929 1256 1979 voro
1273 1907 1404 1978 Austrie

275 2011 449 2081 declinans
484 2016 518 2078 et
549 2010 731 2101 recedens,
766 2029 971 2079 murmurans
1006 2013 1041 2078 in
1067 2011 1128 2080 beo
1153 2010 1273 2078 verba:
1308 2011 1407 2094 ipsun

276 2111 358 2178 cette
389 2112 483 2176 cidus
516 2111 556 2176 de
590 2114 680 2177 terro
709 2112 851 2194 propriu
884 2112 1060 2179 extrudere
1085 2113 1117 2178 et
1140 2111 1209 2177 ntis
1233 2105 1408 2176 uideantur

173 2229 174 2234 ¹
277 2208 382 2275 oeulis
402 2209 584 2293 possidere.
631 2208 700 2276 Sed
725 2211 806 2295 quia
829 2207 937 2276 Deum
963 2227 1032 2277 non
1058 2211 1190 2296 accepit
1216 2207 1407 2293 adiutorem,

276 2307 355 2376 ideo
371 2308 405 2374 in
421 2313 556 2375 ventum
573 2306 676 2376 verba
697 2309 837 2375 inaniter
859 2310 1042 2378 avolarunt
1093 2308 1176 2376 Mox
1193 2307 1283 2375 bello
1302 2307 1407 2395 ipsum

278 2407 379 2496 petit,
401 2412 447 2474 ,et
481 2406 569 2474 iacta
603 2424 685 2496 pace
717 2405 761 2475 ad
793 2409 967 2475 terminum
1002 2412 1078 2476 ooto
1110 2406 1256 2498 dierum,
1284 2418 1409 2474 summo

278 2524 351 2574 oum
378 2523 516 2573 rancore
543 2504 584 2572 ab
609 2506 750 2573 invicem
776 2511 991 2574 recesserunt
1003 2498 1025 2575 ².

352 2604 476 2672 Verum
502 2604 570 2672 dux
594 2601 728 2672 Aristrie
755 2606 869 2672 sciens
896 2604 1027 2673 tratrem
1054 2622 1151 2672 suum
1177 2602 1296 2671 ducem
1318 2601 1410 2670 Leu-

197 2723 264 2778 1313
278 2703 414 2792 poldum
442 2721 520 2771 esse
546 2703 756 2792 inpartibus
784 2703 936 2794 Suevie,
964 2703 1006 2771 ad
1037 2704 1147 2791 ipsum
1173 2701 1333 2770 festinato
1359 2699 1412 2768 di-
1491 2695 1492 2700 ’

197 2804 358 2888 smrigit
383 2803 445 2869 iter
471 2819 578 2870 suum.
625 2799 679 2869 Ad
706 2820 802 2888 quem
831 2820 903 2870 oum
930 2804 1092 2891 venisset,
1119 2807 1244 2889 quanta
1269 2798 1412 2872 malaci

280 2901 348 2969 dux
363 2899 547 2968 Ludwious
564 2901 773 2990 irrogaverit,
802 2906 835 2968 et
855 2919 954 2987 quam
976 2901 1061 2968 male
1083 2902 1193 2989 ipsum
1212 2898 1412 2985 tractaverit,
1494 2979 1495 2984 Ἰ

280 3004 314 3066 et
348 2997 516 3085 quomodo
552 3015 627 3065 eum
660 3017 818 3067 mucrone
852 3001 1020 3068 invasisse
1046 3000 1206 3090 voluerit,
1233 2999 1323 3067 iratri
1351 3012 1412 3065 suo
1493 2997 1495 3000 ’

279 3098 389 3167 verbis
417 3098 580 3186 depromit
606 3098 807 3185 querulosis.
834 3095 931 3179 Quod
957 3117 1031 3166 oum
1057 3095 1211 3166 audisset
1231 3097 1299 3166 dux
1320 3097 1414 3166 Leu-

279 3196 403 3286 poidus
431 3202 558 3287 stupet,
587 3198 730 3289 miratur,
758 3203 793 3265 et
818 3198 976 3267 turbatur.
998 3233 1000 3240 ·
1028 3197 1096 3265 Sed
1121 3215 1179 3286 pre
1205 3197 1307 3264 nimia
1333 3213 1415 3284 per-

280 3295 467 3364 turbatione
493 3297 592 3363 animi
625 3296 721 3364 ambo
749 3297 918 3365 sevientes
942 3300 1056 3382 jurant
1082 3300 1115 3364 et
1141 3298 1333 3386 coniurant,
1362 3293 1416 3360 di-

280 3400 417 3463 centes:
452 3413 489 3461 se
513 3413 579 3462 non
604 3397 855 3480 conquiescere,
888 3412 1054 3480 quousque
1087 3396 1129 3462 de
1156 3395 1308 3462 Ludwioo
1336 3394 1418 3462 duee

280 3511 378 3579 super
412 3498 552 3579 acceptu
583 3495 704 3562 iniuria
742 3495 918 3562 uindictam
950 3511 1132 3580 conanom
1166 3496 1418 3578 consequuntur.

280 3593 323 3662 Et
346 3610 423 3660 mox
446 3592 602 3661 iratribus
633 3595 704 3661 suis
727 3594 763 3661 in
778 3589 915 3660 Austria
933 3611 993 3680 per
1014 3594 1151 3661 nuntios
1171 3594 1298 3661 celeres
1317 3608 1418 3658 man-

282 3690 455 3783 daverunt,
482 3697 519 3760 ut
544 3693 632 3760 omni
657 3693 796 3776 negotio
823 3693 1013 3779 postposito
1040 3691 1200 3760 festinent
1220 3691 1300 3759 dare
1328 3707 1418 3778 ope-

282 3810 350 3859 ram
377 3795 448 3860 toto
474 3808 579 3879 posse
605 3789 648 3858 ad
676 3789 950 3876 congregandum
977 3792 1158 3860 exercitum
1183 3793 1420 3879 pugnatorum.

283 4008 755 4142 mittutantistitii
780 4006 879 4131 trita·
899 4010 946 4132 tt
963 4007 1422 4133 taretrrtttnnnunni

319 4160 354 4210 ng
372 4145 418 4199 des
436 4092 471 4198 iga
489 4144 601 4212 iriibjabr
620 4145 685 4199 1313
703 4090 833 4225 avigerna
850 4093 901 4226 defi
921 4120 1057 4212 nerzogan'
1069 4161 1124 4227 von
1143 4145 1277 4201 Oestreicb
1295 4144 1350 4198 und
1367 4157 1422 4198 von

283 4159 444 4268 &benitatem
462 4213 691 4280 ausgebrocbcnen
710 4217 815 4268 strertes
832 4215 922 4270 winde
935 4215 1031 4284 jedoeb
1049 4215 1107 4271 brer
1123 4229 1155 4269 zu
1171 4216 1234 4272 weit
1251 4213 1354 4269 idbren.
