3028 4878
265 172 338 240 uto
593 200 741 246 ronnxnrs
762 201 977 246 vrcronrarsvs.
1014 203 1038 266 5,
1057 197 1079 250 9.
1501 215 1502 272 ι

184 340 357 427 ramponis
384 343 418 406 ot
444 337 569 428 odoris
597 355 661 426 qne
689 344 780 407 secta
805 357 865 427 par
891 339 1033 408 medinm
1062 337 1282 409 ostenderunt
1306 337 1341 406 in
1366 355 1400 406 se

266 437 411 524 elligiem
438 438 592 523 imaginis
615 436 779 506 Crucifixi.
814 435 910 518 Quod
928 441 1062 508 omnino
1083 438 1227 506 creditur
1242 436 1286 505 de
1304 437 1401 524 plan-

265 537 349 604 tario
375 536 457 621 ligni
484 537 592 605 erucis
619 535 784 606 dominice
810 554 871 625 pro
898 539 1090 607 testimonio
1110 536 1187 606 lidei
1208 534 1398 624 procedere,

263 639 301 702 ut
319 636 353 702 in
374 635 531 720 gentibus
547 641 773 721 cognoscatur
797 637 899 723 prime
926 637 1199 726 prevaricationis
1226 634 1399 723 piaculum,

264 741 299 802 et
324 740 439 802 nostre
464 734 659 804 salvationis
686 734 876 803 remedium.

336 832 540 900 Ludewicus
559 833 739 900 occasione
759 833 932 902 cuiusdam
956 835 1096 903 visionis
1111 838 1147 901 ut
1165 833 1312 902 asseruit
1326 849 1400 900 rno-

263 933 444 1000 nasterium
463 949 551 999 nove
573 931 825 1000 consuetudinis
845 938 877 1000 et
899 932 1062 1000 hactenns
1088 931 1236 1000 inaudite
1264 929 1401 998 fundare
1502 1004 1503 1022 p

264 1031 363 1120 cepit,
391 1029 479 1117 quod
507 1029 591 1118 Etal‚
618 1029 651 1097 id
678 1035 729 1098 est
744 1030 849 1098 Vallis
867 1030 982 1121 Lagis,
1010 1031 1138 1100 dicitur.
1174 1030 1299 1116 Nigros
1327 1047 1402 1097 mo·

263 1129 391 1197 nachcs
418 1128 464 1195 ibi
490 1129 618 1215 locans,
645 1129 766 1196 milites
794 1131 949 1198 emeritos
981 1148 1054 1198 curn
1079 1129 1240 1198 uxoribus
1269 1127 1311 1196 ad
1338 1127 1402 1195 de·
1502 1133 1503 1144 ¹

262 1227 450 1296 tensionem
477 1228 669 1294 monasterii
696 1227 865 1318 ordinans,
892 1245 946 1296 res
973 1229 1248 1297 monasteriorum
1266 1227 1402 1296 aliorum

263 1325 448 1394 abstractas
470 1325 548 1393 huie
571 1325 704 1394 adiecit.
737 1327 847 1395 Potuit
863 1333 973 1396 tamen
997 1346 1071 1396 curn
1088 1329 1251 1396 instruere
1279 1325 1403 1394 adhoc

263 1424 384 1493 iactum
408 1425 481 1492 sinc
498 1425 638 1492 scientia
658 1425 751 1492 zelus
778 1425 843 1494 dei.
876 1425 947 1494 Nec
963 1429 1050 1494 enim
1077 1425 1176 1495 decet
1200 1426 1336 1494 militem
1361 1424 1403 1492 ad

261 1524 400 1612 prelium
417 1523 580 1592 accedere
601 1540 674 1591 eum
689 1542 804 1614 uxore,
833 1526 919 1593 sicut
944 1525 1063 1594 beatus
1081 1525 1245 1594 Martinus
1272 1523 1400 1592 dixisse

261 1622 383 1710 legitur
416 1623 545 1691 cuidam
576 1623 686 1712 militi,
714 1625 889 1710 quisnam
917 1626 1094 1711 coniugem
1121 1642 1236 1692 secum
1262 1625 1298 1692 in
1325 1640 1400 1691 mo·

263 1723 410 1792 mosterio
436 1723 551 1789 vivere
578 1727 611 1789 et
638 1724 762 1790 servire
790 1722 923 1792 domino
950 1724 1141 1812 postulavit.

334 1819 404 1888 Rex
432 1821 654 1889 Bohemorum
676 1821 805 1889 habens
841 1841 953 1891 secum
982 1825 1121 1892 comites
1147 1821 1189 1890 de
1218 1817 1397 1908 Liningen‚

262 1917 543 2010 Gemini-PontiS,
570 1919 786 1988 Sara-Pontis
813 1921 914 1989 etde
940 1922 1081 1991 Viandis
1108 1937 1181 1990 cum
1208 1918 1283 1985 aliis
1317 1919 1395 1986 viris

263 2018 521 2107 spectabilibus,
549 2020 640 2086 venit
665 2018 708 2087 ad
733 2019 923 2088 Heinricum
949 2019 1067 2088 ducem
1093 2017 1274 2088 llarintbio.
1309 2015 1400 2086 Con-

261 2121 492 2203 veneruntque
519 2119 554 2184 in
579 2117 654 2207 hoc,
680 2122 718 2185 ut
743 2119 846 2187 altero
873 2136 986 2186 eorum
1014 2138 1082 2188 nou
1109 2119 1293 2201 existente,
1321 2115 1401 2182 alter

261 2215 397 2284 tutelam
424 2221 555 2301 gereret
579 2234 768 2303 puerorum.
802 2217 844 2285 Et
868 2221 1013 2306 receptis
1040 2217 1146 2306 pactis
1168 2223 1202 2284 et
1228 2213 1317 2282 datis
1343 2231 1401 2302 pro

261 2332 324 2382 suo
352 2314 440 2403 silio,
468 2319 502 2382 et
526 2315 716 2383 muneribus
748 2315 825 2383 hinc
851 2322 885 2384 et
917 2316 995 2385 inde
1027 2317 1175 2406 pluribus
1202 2312 1397 2400 distributis,

261 2414 389 2482 exactis
421 2413 554 2498 gaudiis
589 2419 623 2480 et
648 2414 776 2483 solatiis
810 2414 921 2501 quoad
953 2415 1038 2484 testa
1071 2414 1253 2500 secularia,
1291 2413 1399 2481 tacitis
1503 2470 1504 2486 r

261 2513 374 2580 causis
410 2513 462 2581 sui
495 2513 642 2602 itineris,
668 2514 760 2581 venit
786 2513 986 2582 tridentum.
1025 2514 1089 2582 Ubi
1122 2513 1199 2581 dum
1233 2512 1403 2600 existeret,

259 2609 476 2679 Veronenses
504 2613 535 2679 ei
560 2610 646 2678 duos
680 2611 838 2699 pulchros
871 2613 1055 2682 dextrarios
1083 2611 1286 2681 direxerunt.
1327 2611 1402 2678 Bri·
1503 2673 1504 2702 3

264 2710 420 2799 aienses,
447 2710 569 2796 quibus
595 2708 810 2778 Veronenses
837 2710 950 2780 iniesti
977 2711 1124 2801 inerant,
1151 2709 1193 2778 ad
1219 2725 1298 2776 eum
1324 2727 1404 2778 suos
1503 2707 1504 2796 l

260 2811 396 2877 nuntios
424 2809 626 2897 direxerunt,
653 2814 686 2876 et
711 2815 748 2876 ut
773 2811 806 2877 in
833 2828 946 2878 eorum
974 2827 1166 2878 succursum
1192 2809 1308 2876 veniat
1334 2825 1400 2896 pe·
1503 2801 1504 2848 ἶ

260 2908 413 2976 tivernnt.
447 2906 632 2975 Fridericus
651 2908 749 2974 etiam
766 2911 965 2995 purgravius
980 2909 1071 2978 venit
1089 2908 1132 2978 ad
1159 2925 1245 2995 euin,
1274 2907 1399 2976 scisci·
1503 2917 1504 3002 p

261 3012 337 3072 tans
371 3023 414 3072 ex
445 3010 539 3092 parte
570 3004 744 3073 Ludewici
775 3025 910 3076 causam
944 3009 1008 3076 vie.
1053 3005 1115 3087 Qui
1151 3005 1343 3092 respondit:
1368 3023 1404 3072 sc
1503 3005 1504 3028 l

261 3101 362 3170 tdcdd
393 3106 512 3170 contra
539 3104 707 3189 imperium
732 3104 814 3171 celle
838 3107 1021 3188 intendere,
1047 3107 1109 3173 sed
1131 3103 1253 3172 bobme
1274 3122 1403 3189 propo·

261 3203 358 3270 situm
391 3218 513 3286 corpus
538 3204 650 3287 patris
676 3207 709 3269 et
738 3205 1027 3286 matriculatus,
1053 3209 1086 3271 et
1109 3206 1138 3270 oi
1160 3203 1314 3287 [ocultus
1339 3203 1402 3270 od-

261 3304 349 3368 esset
379 3317 523 3385 congrue
555 3303 807 3386 opportunitatis
839 3304 872 3370 in
903 3303 1136 3372 illamentatum
1161 3305 1402 3385 transportare.

262 3399 380 3488 PysaS‚
408 3416 472 3485 que
489 3399 552 3467 sibi
568 3401 735 3468 introitum
756 3408 974 3489 negaverunt,
1003 3404 1075 3489 ipse
1101 3403 1135 3468 in
1160 3401 1261 3468 aliurn
1290 3409 1401 3468 trans-

264 3497 421 3567 iormatus
455 3497 538 3565 clam
571 3500 715 3568 intrasse
743 3498 861 3567 dicitur
888 3508 921 3568 et
947 3503 1071 3570 exisse.
1113 3500 1243 3568 Interea
1272 3502 1343 3584 regi
1368 3501 1402 3565 in

264 3597 420 3666 'lridanto
438 3615 498 3664 sue
518 3599 687 3665 consortis
709 3596 843 3665 domine
868 3601 983 3684 regine
1005 3598 1115 3667 obitus
1135 3600 1323 3687 nunciatur,
1341 3615 1402 3666 su-

262 3713 322 3785 per
349 3714 446 3783 quam
469 3696 674 3784 sollempnes
692 3697 854 3782 exequias
881 3697 1049 3784 disposuit
1074 3715 1133 3784 per
1158 3697 1311 3783 singulas
1339 3714 1399 3764 ec-

264 3795 386 3864 clesias
421 3794 595 3863 celebrari.
629 3795 670 3862 llt
696 3796 805 3864 missis
838 3796 916 3864 lrino
942 3796 1020 3864 inde
1048 3796 1170 3864 nuntiis
1198 3801 1231 3862 et
1258 3813 1400 3884 respon·

265 3894 417 3964 sionibus
446 3894 649 3983 expectatis,
677 3894 854 3981 usquead
888 3895 1018 3964 natales
1049 3893 1173 3962 domini
1199 3896 1322 3962 mansit
1345 3893 1397 3960 ibi.

340 3989 429 4080 Otto,
449 3990 621 4081 dispositis
639 3993 739 4066 rebus
757 3994 845 4059 eirca
863 3992 1000 4082 Renum,
1023 3995 1056 4060 in
1073 3990 1243 4061 Austrianr
1259 3993 1396 4077 rediens,

180 4124 243 4166 nov.
268 4110 288 4158 a
312 4089 496 4158 Ludewico
533 4094 684 4180 suscepit
716 4090 816 4158 seoda
847 4098 1004 4160 terrarum
1035 4110 1188 4181 suarum,
1225 4109 1297 4159 curn
1326 4092 1399 4158 lxxx

268 4189 402 4256 vexillis
435 4193 472 4255 ut
497 4187 633 4280 dicitnr,
670 4190 906 4258 assistentibus
941 4190 1004 4260 sibi
1036 4191 1147 4259 multis
1174 4189 1344 4260 comitibus
1368 4193 1398 4254 et
