<?xml version="1.0" encoding="UTF-8"?>
<!DOCTYPE html PUBLIC "-//W3C//DTD XHTML 1.0 Transitional//EN"
    "http://www.w3.org/TR/xhtml1/DTD/xhtml1-transitional.dtd">
<html xmlns="http://www.w3.org/1999/xhtml" xml:lang="en" lang="en">
 <head>
  <title>
</title>
<meta http-equiv="Content-Type" content="text/html;charset=utf-8" />
  <meta name='ocr-system' content='tesseract 3.04.00' />
  <meta name='ocr-capabilities' content='ocr_page ocr_carea ocr_par ocr_line ocrx_word'/>
</head>
<body>
  <div class='ocr_page' id='page_1' title='image "./fontesrerumgerm02hubegoog_0250.png"; bbox 0 0 3096 4882; ppageno 0'>
   <div class='ocr_carea' id='block_1_1' title="bbox 463 195 1263 270">
    <p class='ocr_par' dir='ltr' id='par_1_1' title="bbox 463 195 1263 270">
     <span class='ocr_line' id='line_1_1' title="bbox 463 195 1263 270; baseline -0.003 -4"><span class='ocrx_word' id='word_1_1' title='bbox 463 221 565 268; x_wconf 78' lang='lat' dir='ltr'><strong>curura</strong></span> <span class='ocrx_word' id='word_1_2' title='bbox 584 221 719 267; x_wconf 81' lang='lat' dir='ltr'><strong>uunrvrcs</strong></span> <span class='ocrx_word' id='word_1_3' title='bbox 740 221 793 268; x_wconf 83' lang='lat' dir='ltr'><strong>nus</strong></span> <span class='ocrx_word' id='word_1_4' title='bbox 814 223 930 270; x_wconf 81' lang='lat' dir='ltr'><strong>snrnnu.</strong></span> <span class='ocrx_word' id='word_1_5' title='bbox 1192 195 1263 265; x_wconf 83' lang='lat'><strong>205</strong></span> 
     </span>
    </p>
   </div>
   <div class='ocr_carea' id='block_1_2' title="bbox 114 358 1264 3420">
    <p class='ocr_par' dir='ltr' id='par_1_2' title="bbox 114 358 1264 3420">
     <span class='ocr_line' id='line_1_2' title="bbox 126 358 1264 449; baseline 0.005 -19"><span class='ocrx_word' id='word_1_6' title='bbox 126 361 203 430; x_wconf 92' lang='lat' dir='ltr'><strong>dum</strong></span> <span class='ocrx_word' id='word_1_7' title='bbox 229 361 370 428; x_wconf 87' lang='lat' dir='ltr'><strong>veritato</strong></span> <span class='ocrx_word' id='word_1_8' title='bbox 388 361 423 427; x_wconf 95' lang='lat' dir='ltr'><strong>in</strong></span> <span class='ocrx_word' id='word_1_9' title='bbox 446 358 592 428; x_wconf 81' lang='lat' dir='ltr'><strong>fabulam</strong></span> <span class='ocrx_word' id='word_1_10' title='bbox 612 359 745 449; x_wconf 88' lang='lat' dir='ltr'><strong>plenam</strong></span> <span class='ocrx_word' id='word_1_11' title='bbox 768 361 951 431; x_wconf 77' lang='lat' dir='ltr'><strong>mendaciis</strong></span> <span class='ocrx_word' id='word_1_12' title='bbox 975 371 1177 435; x_wconf 86' lang='lat' dir='ltr'><strong>commutata</strong></span> <span class='ocrx_word' id='word_1_13' title='bbox 1198 367 1264 436; x_wconf 90' lang='lat' dir='ltr'><strong>ad-</strong></span> 
     </span>
     <span class='ocr_line' id='line_1_3' title="bbox 125 457 1264 551; baseline 0.006 -23"><span class='ocrx_word' id='word_1_14' title='bbox 125 477 246 528; x_wconf 90' lang='lat' dir='ltr'><strong>versus</strong></span> <span class='ocrx_word' id='word_1_15' title='bbox 266 457 378 527; x_wconf 91' lang='lat' dir='ltr'><strong>muudi</strong></span> <span class='ocrx_word' id='word_1_16' title='bbox 397 465 509 547; x_wconf 89' lang='lat' dir='ltr'><strong>partes</strong></span> <span class='ocrx_word' id='word_1_17' title='bbox 526 457 706 528; x_wconf 92' lang='lat' dir='ltr'><strong>nonnullos</strong></span> <span class='ocrx_word' id='word_1_18' title='bbox 724 476 918 551; x_wconf 77' lang='lat' dir='ltr'><strong>processus,</strong></span> <span class='ocrx_word' id='word_1_19' title='bbox 946 463 975 530; x_wconf 93' lang='lat' dir='ltr'><strong>si</strong></span> <span class='ocrx_word' id='word_1_20' title='bbox 997 480 1178 551; x_wconf 76' lang='lat' dir='ltr'><strong>processus</strong></span> <span class='ocrx_word' id='word_1_21' title='bbox 1197 465 1264 535; x_wconf 90' lang='lat' dir='ltr'><strong>dici</strong></span> 
     </span>
     <span class='ocr_line' id='line_1_4' title="bbox 123 558 1263 652; baseline 0.006 -24"><span class='ocrx_word' id='word_1_22' title='bbox 123 561 274 649; x_wconf 89' lang='lat' dir='ltr'><strong>valeant,</strong></span> <span class='ocrx_word' id='word_1_23' title='bbox 311 564 344 626; x_wconf 89' lang='lat' dir='ltr'><strong>et</strong></span> <span class='ocrx_word' id='word_1_24' title='bbox 371 558 550 648; x_wconf 76' lang='lat' dir='ltr'><strong>epistolas,</strong></span> <span class='ocrx_word' id='word_1_25' title='bbox 577 565 691 627; x_wconf 90' lang='lat' dir='ltr'><strong>nostro</strong></span> <span class='ocrx_word' id='word_1_26' title='bbox 725 559 931 630; x_wconf 79' lang='lat' dir='ltr'><strong>celsitudinis</strong></span> <span class='ocrx_word' id='word_1_27' title='bbox 957 560 1076 630; x_wconf 88' lang='lat' dir='ltr'><strong>lamam</strong></span> <span class='ocrx_word' id='word_1_28' title='bbox 1103 570 1263 652; x_wconf 90' lang='lat' dir='ltr'><strong>quantum</strong></span> 
     </span>
     <span class='ocr_line' id='line_1_5' title="bbox 124 656 1264 748; baseline 0.007 -22"><span class='ocrx_word' id='word_1_29' title='bbox 124 659 159 726; x_wconf 94' lang='lat' dir='ltr'><strong>in</strong></span> <span class='ocrx_word' id='word_1_30' title='bbox 186 676 228 728; x_wconf 91' lang='lat' dir='ltr'><strong>co</strong></span> <span class='ocrx_word' id='word_1_31' title='bbox 256 663 309 726; x_wconf 92' lang='lat' dir='ltr'><strong>est</strong></span> <span class='ocrx_word' id='word_1_32' title='bbox 334 656 571 748; x_wconf 78' lang='lat' dir='ltr'><strong>denigrantes,</strong></span> <span class='ocrx_word' id='word_1_33' title='bbox 599 659 821 728; x_wconf 88' lang='lat' dir='ltr'><strong>transmittere</strong></span> <span class='ocrx_word' id='word_1_34' title='bbox 853 677 922 728; x_wconf 94' lang='lat' dir='ltr'><strong>non</strong></span> <span class='ocrx_word' id='word_1_35' title='bbox 947 666 1091 730; x_wconf 90' lang='lat' dir='ltr'><strong>veretur.</strong></span> <span class='ocrx_word' id='word_1_36' title='bbox 1140 663 1264 733; x_wconf 90' lang='lat' dir='ltr'><strong>Verum</strong></span> 
     </span>
     <span class='ocr_line' id='line_1_6' title="bbox 126 756 1264 851; baseline 0.006 -26"><span class='ocrx_word' id='word_1_37' title='bbox 126 775 200 826; x_wconf 88' lang='lat' dir='ltr'><strong>curn</strong></span> <span class='ocrx_word' id='word_1_38' title='bbox 225 756 399 846; x_wconf 89' lang='lat' dir='ltr'><strong>prebentis</strong></span> <span class='ocrx_word' id='word_1_39' title='bbox 426 756 572 825; x_wconf 90' lang='lat' dir='ltr'><strong>auditum</strong></span> <span class='ocrx_word' id='word_1_40' title='bbox 598 775 672 825; x_wconf 90' lang='lat' dir='ltr'><strong>oum</strong></span> <span class='ocrx_word' id='word_1_41' title='bbox 706 757 827 826; x_wconf 88' lang='lat' dir='ltr'><strong>ellectu</strong></span> <span class='ocrx_word' id='word_1_42' title='bbox 857 777 924 827; x_wconf 93' lang='lat' dir='ltr'><strong>non</strong></span> <span class='ocrx_word' id='word_1_43' title='bbox 952 761 1058 828; x_wconf 90' lang='lat' dir='ltr'><strong>minor</strong></span> <span class='ocrx_word' id='word_1_44' title='bbox 1084 766 1137 830; x_wconf 89' lang='lat' dir='ltr'><strong>cst</strong></span> <span class='ocrx_word' id='word_1_45' title='bbox 1164 763 1264 851; x_wconf 89' lang='lat' dir='ltr'><strong>culpa</strong></span> 
     </span>
     <span class='ocr_line' id='line_1_7' title="bbox 124 855 1261 947; baseline 0.005 -23"><span class='ocrx_word' id='word_1_46' title='bbox 124 874 223 944; x_wconf 86' lang='lat' dir='ltr'><strong>quam</strong></span> <span class='ocrx_word' id='word_1_47' title='bbox 259 855 491 947; x_wconf 87' lang='lat' dir='ltr'><strong>obloquentis,</strong></span> <span class='ocrx_word' id='word_1_48' title='bbox 526 855 653 924; x_wconf 86' lang='lat' dir='ltr'><strong>iaciens</strong></span> <span class='ocrx_word' id='word_1_49' title='bbox 687 861 720 925; x_wconf 88' lang='lat' dir='ltr'><strong>et</strong></span> <span class='ocrx_word' id='word_1_50' title='bbox 757 860 973 926; x_wconf 89' lang='lat' dir='ltr'><strong>consentiens</strong></span> <span class='ocrx_word' id='word_1_51' title='bbox 1006 858 1155 928; x_wconf 89' lang='lat' dir='ltr'><strong>eiusdem</strong></span> <span class='ocrx_word' id='word_1_52' title='bbox 1180 866 1261 930; x_wconf 94' lang='lat' dir='ltr'><strong>note</strong></span> 
     </span>
     <span class='ocr_line' id='line_1_8' title="bbox 123 954 1262 1050; baseline 0.006 -28"><span class='ocrx_word' id='word_1_53' title='bbox 123 955 253 1023; x_wconf 88' lang='lat' dir='ltr'><strong>macula</strong></span> <span class='ocrx_word' id='word_1_54' title='bbox 284 961 541 1043; x_wconf 89' lang='lat' dir='ltr'><strong>resperguntur:</strong></span> <span class='ocrx_word' id='word_1_55' title='bbox 575 973 685 1024; x_wconf 89' lang='lat' dir='ltr'><strong>caram</strong></span> <span class='ocrx_word' id='word_1_56' title='bbox 711 954 902 1024; x_wconf 88' lang='lat' dir='ltr'><strong>fidelitatem</strong></span> <span class='ocrx_word' id='word_1_57' title='bbox 927 964 1092 1050; x_wconf 84' lang='lat' dir='ltr'><strong>vestram,</strong></span> <span class='ocrx_word' id='word_1_58' title='bbox 1120 961 1176 1048; x_wconf 93' lang='lat' dir='ltr'><strong>qui</strong></span> <span class='ocrx_word' id='word_1_59' title='bbox 1202 979 1262 1049; x_wconf 89' lang='lat' dir='ltr'><strong>per</strong></span> 
     </span>
     <span class='ocr_line' id='line_1_9' title="bbox 124 1052 1260 1142; baseline 0.007 -22"><span class='ocrx_word' id='word_1_60' title='bbox 124 1052 203 1122; x_wconf 89' lang='lat' dir='ltr'><strong>lacti</strong></span> <span class='ocrx_word' id='word_1_61' title='bbox 239 1056 476 1142; x_wconf 85' lang='lat' dir='ltr'><strong>experientiam</strong></span> <span class='ocrx_word' id='word_1_62' title='bbox 503 1060 536 1122; x_wconf 88' lang='lat' dir='ltr'><strong>ct</strong></span> <span class='ocrx_word' id='word_1_63' title='bbox 568 1052 716 1124; x_wconf 88' lang='lat' dir='ltr'><strong>savorem</strong></span> <span class='ocrx_word' id='word_1_64' title='bbox 742 1061 894 1124; x_wconf 89' lang='lat' dir='ltr'><strong>nostrum</strong></span> <span class='ocrx_word' id='word_1_65' title='bbox 918 1057 1005 1125; x_wconf 88' lang='lat' dir='ltr'><strong>inter</strong></span> <span class='ocrx_word' id='word_1_66' title='bbox 1031 1057 1115 1126; x_wconf 86' lang='lat' dir='ltr'><strong>ulios</strong></span> <span class='ocrx_word' id='word_1_67' title='bbox 1143 1058 1260 1128; x_wconf 88' lang='lat' dir='ltr'><strong>lrdcles</strong></span> 
     </span>
     <span class='ocr_line' id='line_1_10' title="bbox 120 1153 1260 1244; baseline 0.005 -23"><span class='ocrx_word' id='word_1_68' title='bbox 120 1154 249 1242; x_wconf 90' lang='lat' dir='ltr'><strong>imperii</strong></span> <span class='ocrx_word' id='word_1_69' title='bbox 276 1159 310 1221; x_wconf 92' lang='lat' dir='ltr'><strong>et</strong></span> <span class='ocrx_word' id='word_1_70' title='bbox 330 1156 476 1240; x_wconf 86' lang='lat' dir='ltr'><strong>graciam</strong></span> <span class='ocrx_word' id='word_1_71' title='bbox 501 1156 678 1244; x_wconf 88' lang='lat' dir='ltr'><strong>meruistis,</strong></span> <span class='ocrx_word' id='word_1_72' title='bbox 703 1159 829 1222; x_wconf 88' lang='lat' dir='ltr'><strong>attente</strong></span> <span class='ocrx_word' id='word_1_73' title='bbox 849 1153 1067 1242; x_wconf 81' lang='lat' dir='ltr'><strong>frequentatis</strong></span> <span class='ocrx_word' id='word_1_74' title='bbox 1085 1158 1260 1227; x_wconf 91' lang='lat' dir='ltr'><strong>conatibus</strong></span> 
     </span>
     <span class='ocr_line' id='line_1_11' title="bbox 123 1252 1262 1341; baseline 0.005 -21"><span class='ocrx_word' id='word_1_75' title='bbox 123 1252 322 1341; x_wconf 88' lang='lat' dir='ltr'><strong>requirimus</strong></span> <span class='ocrx_word' id='word_1_76' title='bbox 350 1257 384 1320; x_wconf 90' lang='lat' dir='ltr'><strong>et</strong></span> <span class='ocrx_word' id='word_1_77' title='bbox 409 1269 577 1341; x_wconf 80' lang='lat' dir='ltr'><strong>rogamus,</strong></span> <span class='ocrx_word' id='word_1_78' title='bbox 609 1253 805 1322; x_wconf 86' lang='lat' dir='ltr'><strong>auctoritate</strong></span> <span class='ocrx_word' id='word_1_79' title='bbox 832 1256 938 1322; x_wconf 92' lang='lat' dir='ltr'><strong>nostri</strong></span> <span class='ocrx_word' id='word_1_80' title='bbox 965 1254 1117 1323; x_wconf 91' lang='lat' dir='ltr'><strong>culminis</strong></span> <span class='ocrx_word' id='word_1_81' title='bbox 1142 1257 1262 1326; x_wconf 91' lang='lat' dir='ltr'><strong>iniun-</strong></span> 
     </span>
     <span class='ocr_line' id='line_1_12' title="bbox 121 1351 1261 1442; baseline 0.005 -24"><span class='ocrx_word' id='word_1_82' title='bbox 121 1357 245 1438; x_wconf 87' lang='lat' dir='ltr'><strong>gentes</strong></span> <span class='ocrx_word' id='word_1_83' title='bbox 273 1351 400 1441; x_wconf 88' lang='lat' dir='ltr'><strong>cidem,</strong></span> <span class='ocrx_word' id='word_1_84' title='bbox 428 1353 584 1439; x_wconf 88' lang='lat' dir='ltr'><strong>quatinus</strong></span> <span class='ocrx_word' id='word_1_85' title='bbox 618 1354 647 1420; x_wconf 94' lang='lat' dir='ltr'><strong>si</strong></span> <span class='ocrx_word' id='word_1_86' title='bbox 673 1358 788 1420; x_wconf 88' lang='lat' dir='ltr'><strong>nostre</strong></span> <span class='ocrx_word' id='word_1_87' title='bbox 814 1352 1005 1420; x_wconf 89' lang='lat' dir='ltr'><strong>celsitudini</strong></span> <span class='ocrx_word' id='word_1_88' title='bbox 1030 1373 1177 1442; x_wconf 91' lang='lat' dir='ltr'><strong>unquam</strong></span> <span class='ocrx_word' id='word_1_89' title='bbox 1202 1358 1261 1424; x_wconf 92' lang='lat' dir='ltr'><strong>iu-</strong></span> 
     </span>
     <span class='ocr_line' id='line_1_13' title="bbox 121 1449 1258 1542; baseline 0.004 -23"><span class='ocrx_word' id='word_1_90' title='bbox 121 1449 257 1519; x_wconf 90' lang='lat' dir='ltr'><strong>tcnditis</strong></span> <span class='ocrx_word' id='word_1_91' title='bbox 284 1450 482 1539; x_wconf 84' lang='lat' dir='ltr'><strong>complacere</strong></span> <span class='ocrx_word' id='word_1_92' title='bbox 508 1449 550 1518; x_wconf 92' lang='lat' dir='ltr'><strong>dc</strong></span> <span class='ocrx_word' id='word_1_93' title='bbox 576 1457 690 1519; x_wconf 89' lang='lat' dir='ltr'><strong>cetero</strong></span> <span class='ocrx_word' id='word_1_94' title='bbox 714 1450 824 1519; x_wconf 92' lang='lat' dir='ltr'><strong>nullos</strong></span> <span class='ocrx_word' id='word_1_95' title='bbox 850 1469 1043 1542; x_wconf 89' lang='lat' dir='ltr'><strong>processus,</strong></span> <span class='ocrx_word' id='word_1_96' title='bbox 1070 1455 1126 1540; x_wconf 93' lang='lat' dir='ltr'><strong>qui</strong></span> <span class='ocrx_word' id='word_1_97' title='bbox 1144 1456 1258 1524; x_wconf 85' lang='lat' dir='ltr'><strong>verius</strong></span> 
     </span>
     <span class='ocr_line' id='line_1_14' title="bbox 122 1548 1258 1644; baseline 0.004 -27"><span class='ocrx_word' id='word_1_98' title='bbox 122 1566 285 1618; x_wconf 86' lang='lat' dir='ltr'><strong>excessus</strong></span> <span class='ocrx_word' id='word_1_99' title='bbox 304 1548 429 1617; x_wconf 90' lang='lat' dir='ltr'><strong>debent</strong></span> <span class='ocrx_word' id='word_1_100' title='bbox 437 1552 632 1641; x_wconf 89' lang='lat' dir='ltr'><strong>nuncupari,</strong></span> <span class='ocrx_word' id='word_1_101' title='bbox 650 1551 788 1639; x_wconf 91' lang='lat' dir='ltr'><strong>litteras,</strong></span> <span class='ocrx_word' id='word_1_102' title='bbox 806 1553 991 1618; x_wconf 89' lang='lat' dir='ltr'><strong>sententias</strong></span> <span class='ocrx_word' id='word_1_103' title='bbox 1009 1567 1071 1619; x_wconf 89' lang='lat' dir='ltr'><strong>seu</strong></span> <span class='ocrx_word' id='word_1_104' title='bbox 1084 1554 1258 1644; x_wconf 84' lang='lat' dir='ltr'><strong>rescripta,</strong></span> 
     </span>
     <span class='ocr_line' id='line_1_15' title="bbox 120 1647 1258 1741; baseline 0.004 -25"><span class='ocrx_word' id='word_1_105' title='bbox 120 1647 182 1716; x_wconf 90' lang='lat' dir='ltr'><strong>sub</strong></span> <span class='ocrx_word' id='word_1_106' title='bbox 199 1665 403 1736; x_wconf 89' lang='lat' dir='ltr'><strong>quocunque</strong></span> <span class='ocrx_word' id='word_1_107' title='bbox 420 1654 535 1716; x_wconf 88' lang='lat' dir='ltr'><strong>tenore</strong></span> <span class='ocrx_word' id='word_1_108' title='bbox 548 1649 602 1716; x_wconf 90' lang='lat' dir='ltr'><strong>vel</strong></span> <span class='ocrx_word' id='word_1_109' title='bbox 612 1650 745 1717; x_wconf 89' lang='lat' dir='ltr'><strong>nomine</strong></span> <span class='ocrx_word' id='word_1_110' title='bbox 756 1650 878 1737; x_wconf 89' lang='lat' dir='ltr'><strong>scripta</strong></span> <span class='ocrx_word' id='word_1_111' title='bbox 891 1650 946 1719; x_wconf 88' lang='lat' dir='ltr'><strong>vel</strong></span> <span class='ocrx_word' id='word_1_112' title='bbox 957 1656 1157 1741; x_wconf 89' lang='lat' dir='ltr'><strong>nuncupata,</strong></span> <span class='ocrx_word' id='word_1_113' title='bbox 1169 1651 1258 1720; x_wconf 90' lang='lat' dir='ltr'><strong>illius</strong></span> 
     </span>
     <span class='ocr_line' id='line_1_16' title="bbox 119 1747 1258 1837; baseline 0.004 -23"><span class='ocrx_word' id='word_1_114' title='bbox 119 1747 346 1835; x_wconf 88' lang='lat' dir='ltr'><strong>beresyarche</strong></span> <span class='ocrx_word' id='word_1_115' title='bbox 372 1747 521 1837; x_wconf 90' lang='lat' dir='ltr'><strong>pessimi,</strong></span> <span class='ocrx_word' id='word_1_116' title='bbox 548 1749 686 1836; x_wconf 93' lang='lat' dir='ltr'><strong>primum</strong></span> <span class='ocrx_word' id='word_1_117' title='bbox 705 1747 766 1816; x_wconf 91' lang='lat' dir='ltr'><strong>Dci</strong></span> <span class='ocrx_word' id='word_1_118' title='bbox 794 1747 916 1816; x_wconf 88' lang='lat' dir='ltr'><strong>deinde</strong></span> <span class='ocrx_word' id='word_1_119' title='bbox 944 1751 1072 1817; x_wconf 92' lang='lat' dir='ltr'><strong>cunctis</strong></span> <span class='ocrx_word' id='word_1_120' title='bbox 1098 1750 1258 1835; x_wconf 87' lang='lat' dir='ltr'><strong>gentibus</strong></span> 
     </span>
     <span class='ocr_line' id='line_1_17' title="bbox 120 1845 1258 1937; baseline 0.004 -23"><span class='ocrx_word' id='word_1_121' title='bbox 120 1845 242 1936; x_wconf 91' lang='lat' dir='ltr'><strong>odiosi,</strong></span> <span class='ocrx_word' id='word_1_122' title='bbox 269 1846 381 1914; x_wconf 90' lang='lat' dir='ltr'><strong>laccbi</strong></span> <span class='ocrx_word' id='word_1_123' title='bbox 407 1848 574 1935; x_wconf 85' lang='lat' dir='ltr'><strong>prenotati</strong></span> <span class='ocrx_word' id='word_1_124' title='bbox 600 1846 750 1937; x_wconf 87' lang='lat' dir='ltr'><strong>dicimus,</strong></span> <span class='ocrx_word' id='word_1_125' title='bbox 778 1850 894 1916; x_wconf 87' lang='lat' dir='ltr'><strong>contra</strong></span> <span class='ocrx_word' id='word_1_126' title='bbox 925 1853 1072 1916; x_wconf 87' lang='lat' dir='ltr'><strong>nostram</strong></span> <span class='ocrx_word' id='word_1_127' title='bbox 1098 1850 1258 1937; x_wconf 84' lang='lat' dir='ltr'><strong>imperia-</strong></span> 
     </span>
     <span class='ocr_line' id='line_1_18' title="bbox 117 1944 1257 2039; baseline 0.004 -27"><span class='ocrx_word' id='word_1_128' title='bbox 117 1945 184 2013; x_wconf 89' lang='lat' dir='ltr'><strong>lem</strong></span> <span class='ocrx_word' id='word_1_129' title='bbox 213 1945 428 2013; x_wconf 87' lang='lat' dir='ltr'><strong>clcmcnciam</strong></span> <span class='ocrx_word' id='word_1_130' title='bbox 460 1944 515 2012; x_wconf 89' lang='lat' dir='ltr'><strong>vel</strong></span> <span class='ocrx_word' id='word_1_131' title='bbox 540 1963 600 2034; x_wconf 89' lang='lat' dir='ltr'><strong>pcr</strong></span> <span class='ocrx_word' id='word_1_132' title='bbox 633 1964 699 2033; x_wconf 93' lang='lat' dir='ltr'><strong>que</strong></span> <span class='ocrx_word' id='word_1_133' title='bbox 729 1952 844 2014; x_wconf 92' lang='lat' dir='ltr'><strong>nostre</strong></span> <span class='ocrx_word' id='word_1_134' title='bbox 871 1946 1054 2015; x_wconf 87' lang='lat' dir='ltr'><strong>detrahitur</strong></span> <span class='ocrx_word' id='word_1_135' title='bbox 1080 1949 1257 2039; x_wconf 91' lang='lat' dir='ltr'><strong>maiestati,</strong></span> 
     </span>
     <span class='ocr_line' id='line_1_19' title="bbox 119 2044 1259 2134; baseline 0.004 -22"><span class='ocrx_word' id='word_1_136' title='bbox 119 2051 177 2112; x_wconf 92' lang='lat' dir='ltr'><strong>aut</strong></span> <span class='ocrx_word' id='word_1_137' title='bbox 203 2045 329 2113; x_wconf 90' lang='lat' dir='ltr'><strong>nostris</strong></span> <span class='ocrx_word' id='word_1_138' title='bbox 366 2044 567 2131; x_wconf 86' lang='lat' dir='ltr'><strong>sequacibus</strong></span> <span class='ocrx_word' id='word_1_139' title='bbox 597 2044 732 2132; x_wconf 87' lang='lat' dir='ltr'><strong>aliquod</strong></span> <span class='ocrx_word' id='word_1_140' title='bbox 757 2051 878 2133; x_wconf 91' lang='lat' dir='ltr'><strong>posset</strong></span> <span class='ocrx_word' id='word_1_141' title='bbox 903 2045 1120 2134; x_wconf 89' lang='lat' dir='ltr'><strong>prciudicium</strong></span> <span class='ocrx_word' id='word_1_142' title='bbox 1146 2064 1259 2133; x_wconf 85' lang='lat' dir='ltr'><strong>gene-</strong></span> 
     </span>
     <span class='ocr_line' id='line_1_20' title="bbox 118 2144 1258 2234; baseline 0.004 -24"><span class='ocrx_word' id='word_1_143' title='bbox 118 2146 210 2234; x_wconf 90' lang='lat' dir='ltr'><strong>rari,</strong></span> <span class='ocrx_word' id='word_1_144' title='bbox 247 2145 281 2210; x_wconf 95' lang='lat' dir='ltr'><strong>in</strong></span> <span class='ocrx_word' id='word_1_145' title='bbox 315 2149 428 2212; x_wconf 85' lang='lat' dir='ltr'><strong>vostra</strong></span> <span class='ocrx_word' id='word_1_146' title='bbox 462 2145 595 2211; x_wconf 90' lang='lat' dir='ltr'><strong>civitate</strong></span> <span class='ocrx_word' id='word_1_147' title='bbox 631 2150 689 2212; x_wconf 88' lang='lat' dir='ltr'><strong>aut</strong></span> <span class='ocrx_word' id='word_1_148' title='bbox 722 2145 805 2212; x_wconf 90' lang='lat' dir='ltr'><strong>locis</strong></span> <span class='ocrx_word' id='word_1_149' title='bbox 840 2144 913 2213; x_wconf 91' lang='lat' dir='ltr'><strong>aliis</strong></span> <span class='ocrx_word' id='word_1_150' title='bbox 946 2145 1258 2214; x_wconf 86' lang='lat' dir='ltr'><strong>circumiacentibus</strong></span> 
     </span>
     <span class='ocr_line' id='line_1_21' title="bbox 117 2241 1259 2332; baseline 0.001 -20"><span class='ocrx_word' id='word_1_151' title='bbox 117 2242 223 2312; x_wconf 84' lang='lat' dir='ltr'><strong>vobis</strong></span> <span class='ocrx_word' id='word_1_152' title='bbox 252 2241 412 2311; x_wconf 88' lang='lat' dir='ltr'><strong>subiectis</strong></span> <span class='ocrx_word' id='word_1_153' title='bbox 440 2241 604 2329; x_wconf 88' lang='lat' dir='ltr'><strong>divulgari</strong></span> <span class='ocrx_word' id='word_1_154' title='bbox 631 2259 692 2310; x_wconf 87' lang='lat' dir='ltr'><strong>scu</strong></span> <span class='ocrx_word' id='word_1_155' title='bbox 717 2241 879 2332; x_wconf 92' lang='lat' dir='ltr'><strong>publicari</strong></span> <span class='ocrx_word' id='word_1_156' title='bbox 900 2245 1070 2331; x_wconf 89' lang='lat' dir='ltr'><strong>patiamini</strong></span> <span class='ocrx_word' id='word_1_157' title='bbox 1098 2262 1259 2332; x_wconf 87' lang='lat' dir='ltr'><strong>quoquo-</strong></span> 
     </span>
     <span class='ocr_line' id='line_1_22' title="bbox 118 2341 1258 2431; baseline 0.004 -23"><span class='ocrx_word' id='word_1_158' title='bbox 118 2341 241 2430; x_wconf 92' lang='lat' dir='ltr'><strong>modo,</strong></span> <span class='ocrx_word' id='word_1_159' title='bbox 275 2359 317 2409; x_wconf 83' lang='lat' dir='ltr'><strong>cx</strong></span> <span class='ocrx_word' id='word_1_160' title='bbox 351 2358 418 2429; x_wconf 90' lang='lat' dir='ltr'><strong>quo</strong></span> <span class='ocrx_word' id='word_1_161' title='bbox 454 2359 588 2430; x_wconf 90' lang='lat' dir='ltr'><strong>semper</strong></span> <span class='ocrx_word' id='word_1_162' title='bbox 623 2344 709 2428; x_wconf 89' lang='lat' dir='ltr'><strong>grati</strong></span> <span class='ocrx_word' id='word_1_163' title='bbox 740 2347 857 2410; x_wconf 91' lang='lat' dir='ltr'><strong>nostre</strong></span> <span class='ocrx_word' id='word_1_164' title='bbox 892 2343 1052 2431; x_wconf 87' lang='lat' dir='ltr'><strong>imperiali</strong></span> <span class='ocrx_word' id='word_1_165' title='bbox 1083 2344 1258 2412; x_wconf 88' lang='lat' dir='ltr'><strong>clementie</strong></span> 
     </span>
     <span class='ocr_line' id='line_1_23' title="bbox 117 2440 1259 2532; baseline 0.001 -23"><span class='ocrx_word' id='word_1_166' title='bbox 117 2442 273 2528; x_wconf 84' lang='lat' dir='ltr'><strong>poteritis</strong></span> <span class='ocrx_word' id='word_1_167' title='bbox 307 2440 377 2508; x_wconf 87' lang='lat' dir='ltr'><strong>lieri</strong></span> <span class='ocrx_word' id='word_1_168' title='bbox 409 2442 595 2528; x_wconf 74' lang='lat' dir='ltr'><strong>gratiores,</strong></span> <span class='ocrx_word' id='word_1_169' title='bbox 621 2459 682 2530; x_wconf 89' lang='lat' dir='ltr'><strong>pro</strong></span> <span class='ocrx_word' id='word_1_170' title='bbox 718 2441 810 2508; x_wconf 92' lang='lat' dir='ltr'><strong>lirmo</strong></span> <span class='ocrx_word' id='word_1_171' title='bbox 844 2446 1009 2532; x_wconf 78' lang='lat' dir='ltr'><strong>tenenteS,</strong></span> <span class='ocrx_word' id='word_1_172' title='bbox 1041 2444 1139 2510; x_wconf 93' lang='lat' dir='ltr'><strong>immo</strong></span> <span class='ocrx_word' id='word_1_173' title='bbox 1166 2443 1259 2511; x_wconf 88' lang='lat' dir='ltr'><strong>firma</strong></span> 
     </span>
     <span class='ocr_line' id='line_1_24' title="bbox 118 2538 1257 2629; baseline 0.003 -23"><span class='ocrx_word' id='word_1_174' title='bbox 118 2539 242 2607; x_wconf 87' lang='lat' dir='ltr'><strong>liducia</strong></span> <span class='ocrx_word' id='word_1_175' title='bbox 259 2538 443 2629; x_wconf 88' lang='lat' dir='ltr'><strong>pollicetur,</strong></span> <span class='ocrx_word' id='word_1_176' title='bbox 471 2539 562 2628; x_wconf 92' lang='lat' dir='ltr'><strong>quod</strong></span> <span class='ocrx_word' id='word_1_177' title='bbox 587 2541 798 2628; x_wconf 89' lang='lat' dir='ltr'><strong>imperatorie</strong></span> <span class='ocrx_word' id='word_1_178' title='bbox 825 2539 986 2609; x_wconf 86' lang='lat' dir='ltr'><strong>claritatis</strong></span> <span class='ocrx_word' id='word_1_179' title='bbox 1003 2542 1167 2609; x_wconf 88' lang='lat' dir='ltr'><strong>serenitas</strong></span> <span class='ocrx_word' id='word_1_180' title='bbox 1194 2558 1257 2609; x_wconf 90' lang='lat' dir='ltr'><strong>vos</strong></span> 
     </span>
     <span class='ocr_line' id='line_1_25' title="bbox 115 2638 1257 2729; baseline -0.001 -23"><span class='ocrx_word' id='word_1_181' title='bbox 115 2639 219 2706; x_wconf 86' lang='lat' dir='ltr'><strong>voluti</strong></span> <span class='ocrx_word' id='word_1_182' title='bbox 245 2638 308 2705; x_wconf 91' lang='lat' dir='ltr'><strong>bos</strong></span> <span class='ocrx_word' id='word_1_183' title='bbox 335 2655 473 2725; x_wconf 93' lang='lat' dir='ltr'><strong>quorum</strong></span> <span class='ocrx_word' id='word_1_184' title='bbox 498 2638 753 2707; x_wconf 89' lang='lat' dir='ltr'><strong>sollicitudinem</strong></span> <span class='ocrx_word' id='word_1_185' title='bbox 777 2643 811 2705; x_wconf 90' lang='lat' dir='ltr'><strong>et</strong></span> <span class='ocrx_word' id='word_1_186' title='bbox 828 2655 939 2705; x_wconf 86' lang='lat' dir='ltr'><strong>curum</strong></span> <span class='ocrx_word' id='word_1_187' title='bbox 959 2641 1046 2725; x_wconf 89' lang='lat' dir='ltr'><strong>gerit</strong></span> <span class='ocrx_word' id='word_1_188' title='bbox 1067 2639 1257 2729; x_wconf 90' lang='lat' dir='ltr'><strong>specialem,</strong></span> 
     </span>
     <span class='ocr_line' id='line_1_26' title="bbox 116 2738 1256 2826; baseline 0.002 -22"><span class='ocrx_word' id='word_1_189' title='bbox 116 2743 333 2824; x_wconf 89' lang='lat' dir='ltr'><strong>vestramque</strong></span> <span class='ocrx_word' id='word_1_190' title='bbox 364 2738 530 2805; x_wconf 88' lang='lat' dir='ltr'><strong>civitatem</strong></span> <span class='ocrx_word' id='word_1_191' title='bbox 563 2744 596 2806; x_wconf 92' lang='lat' dir='ltr'><strong>et</strong></span> <span class='ocrx_word' id='word_1_192' title='bbox 629 2743 786 2826; x_wconf 86' lang='lat' dir='ltr'><strong>posteros</strong></span> <span class='ocrx_word' id='word_1_193' title='bbox 819 2739 853 2804; x_wconf 93' lang='lat' dir='ltr'><strong>in</strong></span> <span class='ocrx_word' id='word_1_194' title='bbox 885 2755 946 2804; x_wconf 90' lang='lat' dir='ltr'><strong>suc</strong></span> <span class='ocrx_word' id='word_1_195' title='bbox 973 2739 1105 2825; x_wconf 91' lang='lat' dir='ltr'><strong>pietatis</strong></span> <span class='ocrx_word' id='word_1_196' title='bbox 1130 2738 1256 2824; x_wconf 91' lang='lat' dir='ltr'><strong>gremio</strong></span> 
     </span>
     <span class='ocr_line' id='line_1_27' title="bbox 115 2835 1256 2925; baseline -0.001 -21"><span class='ocrx_word' id='word_1_197' title='bbox 115 2843 282 2925; x_wconf 88' lang='lat' dir='ltr'><strong>perpetuo</strong></span> <span class='ocrx_word' id='word_1_198' title='bbox 297 2835 505 2922; x_wconf 86' lang='lat' dir='ltr'><strong>gubernabit.</strong></span> <span class='ocrx_word' id='word_1_199' title='bbox 545 2836 583 2905; x_wconf 93' lang='lat' dir='ltr'><strong>In</strong></span> <span class='ocrx_word' id='word_1_200' title='bbox 610 2838 833 2904; x_wconf 90' lang='lat' dir='ltr'><strong>testimonium</strong></span> <span class='ocrx_word' id='word_1_201' title='bbox 858 2853 992 2923; x_wconf 87' lang='lat' dir='ltr'><strong>quoque</strong></span> <span class='ocrx_word' id='word_1_202' title='bbox 1018 2838 1256 2925; x_wconf 89' lang='lat' dir='ltr'><strong>premissorum</strong></span> 
     </span>
     <span class='ocr_line' id='line_1_28' title="bbox 114 2935 1255 3023; baseline 0 -21"><span class='ocrx_word' id='word_1_203' title='bbox 114 2940 295 3023; x_wconf 89' lang='lat' dir='ltr'><strong>presentes</strong></span> <span class='ocrx_word' id='word_1_204' title='bbox 331 2935 496 3004; x_wconf 87' lang='lat' dir='ltr'><strong>conscribi</strong></span> <span class='ocrx_word' id='word_1_205' title='bbox 527 2940 561 3003; x_wconf 86' lang='lat' dir='ltr'><strong>et</strong></span> <span class='ocrx_word' id='word_1_206' title='bbox 595 2941 710 3004; x_wconf 89' lang='lat' dir='ltr'><strong>nostre</strong></span> <span class='ocrx_word' id='word_1_207' title='bbox 743 2936 926 3004; x_wconf 88' lang='lat' dir='ltr'><strong>maiestatis</strong></span> <span class='ocrx_word' id='word_1_208' title='bbox 959 2937 1070 3022; x_wconf 90' lang='lat' dir='ltr'><strong>sigillo</strong></span> <span class='ocrx_word' id='word_1_209' title='bbox 1096 2937 1255 3004; x_wconf 91' lang='lat' dir='ltr'><strong>iussimus</strong></span> 
     </span>
     <span class='ocr_line' id='line_1_29' title="bbox 117 3031 1256 3124; baseline 0.001 -23"><span class='ocrx_word' id='word_1_210' title='bbox 117 3035 324 3103; x_wconf 90' lang='lat' dir='ltr'><strong>communiri.</strong></span> <span class='ocrx_word' id='word_1_211' title='bbox 371 3033 491 3102; x_wconf 83' lang='lat' dir='ltr'><strong>Datum</strong></span> <span class='ocrx_word' id='word_1_212' title='bbox 519 3033 700 3124; x_wconf 83' lang='lat' dir='ltr'><strong>Cremone,</strong></span> <span class='ocrx_word' id='word_1_213' title='bbox 727 3035 761 3102; x_wconf 93' lang='lat' dir='ltr'><strong>in</strong></span> <span class='ocrx_word' id='word_1_214' title='bbox 788 3033 904 3120; x_wconf 87' lang='lat' dir='ltr'><strong>vigilia</strong></span> <span class='ocrx_word' id='word_1_215' title='bbox 930 3031 1088 3122; x_wconf 89' lang='lat' dir='ltr'><strong>Symonis</strong></span> <span class='ocrx_word' id='word_1_216' title='bbox 1115 3041 1149 3103; x_wconf 91' lang='lat' dir='ltr'><strong>ct</strong></span> <span class='ocrx_word' id='word_1_217' title='bbox 1174 3033 1256 3102; x_wconf 89' lang='lat' dir='ltr'><strong>lude</strong></span> 
     </span>
     <span class='ocr_line' id='line_1_30' title="bbox 115 3131 1256 3222; baseline 0 -22"><span class='ocrx_word' id='word_1_218' title='bbox 115 3132 358 3222; x_wconf 90' lang='lat' dir='ltr'><strong>apostolorum,</strong></span> <span class='ocrx_word' id='word_1_219' title='bbox 386 3151 474 3201; x_wconf 89' lang='lat' dir='ltr'><strong>anno</strong></span> <span class='ocrx_word' id='word_1_220' title='bbox 501 3132 625 3202; x_wconf 91' lang='lat' dir='ltr'><strong>domini</strong></span> <span class='ocrx_word' id='word_1_221' title='bbox 651 3131 824 3202; x_wconf 91' lang='lat' dir='ltr'><strong>millesimo</strong></span> <span class='ocrx_word' id='word_1_222' title='bbox 842 3139 1075 3202; x_wconf 89' lang='lat' dir='ltr'><strong>trecentesimo</strong></span> <span class='ocrx_word' id='word_1_223' title='bbox 1094 3133 1256 3203; x_wconf 85' lang='lat' dir='ltr'><strong>vicesimo</strong></span> 
     </span>
     <span class='ocr_line' id='line_1_31' title="bbox 114 3229 1256 3323; baseline 0.001 -25"><span class='ocrx_word' id='word_1_224' title='bbox 114 3249 227 3322; x_wconf 90' lang='lat' dir='ltr'><strong>ucno,</strong></span> <span class='ocrx_word' id='word_1_225' title='bbox 263 3229 446 3299; x_wconf 90' lang='lat' dir='ltr'><strong>indictione</strong></span> <span class='ocrx_word' id='word_1_226' title='bbox 481 3233 582 3299; x_wconf 87' lang='lat' dir='ltr'><strong>tercia</strong></span> <span class='ocrx_word' id='word_1_227' title='bbox 608 3230 755 3323; x_wconf 88' lang='lat' dir='ltr'><strong>decima,</strong></span> <span class='ocrx_word' id='word_1_228' title='bbox 783 3233 879 3318; x_wconf 89' lang='lat' dir='ltr'><strong>regni</strong></span> <span class='ocrx_word' id='word_1_229' title='bbox 904 3234 1010 3301; x_wconf 91' lang='lat' dir='ltr'><strong>nostri</strong></span> <span class='ocrx_word' id='word_1_230' title='bbox 1036 3250 1125 3303; x_wconf 90' lang='lat' dir='ltr'><strong>anuo</strong></span> <span class='ocrx_word' id='word_1_231' title='bbox 1152 3233 1256 3320; x_wconf 89' lang='lat' dir='ltr'><strong>quin·</strong></span> 
     </span>
     <span class='ocr_line' id='line_1_32' title="bbox 115 3323 731 3420; baseline 0.003 -22"><span class='ocrx_word' id='word_1_232' title='bbox 115 3330 260 3420; x_wconf 91' lang='lat' dir='ltr'><strong>decimo,</strong></span> <span class='ocrx_word' id='word_1_233' title='bbox 288 3331 415 3418; x_wconf 92' lang='lat' dir='ltr'><strong>imperii</strong></span> <span class='ocrx_word' id='word_1_234' title='bbox 441 3348 522 3398; x_wconf 90' lang='lat' dir='ltr'><strong>vcro</strong></span> <span class='ocrx_word' id='word_1_235' title='bbox 550 3329 700 3399; x_wconf 87' lang='lat' dir='ltr'><strong>secundo</strong></span> <span class='ocrx_word' id='word_1_236' title='bbox 709 3323 731 3400; x_wconf 72' lang='lat'><strong>1.</strong></span> 
     </span>
    </p>
   </div>
   <div class='ocr_carea' id='block_1_3' title="bbox 112 3514 1257 3724">
    <p class='ocr_par' dir='ltr' id='par_1_3' title="bbox 112 3514 1257 3724">
     <span class='ocr_line' id='line_1_33' title="bbox 152 3514 1256 3637; baseline 0.002 -69"><span class='ocrx_word' id='word_1_237' title='bbox 152 3517 186 3637; x_wconf 47' lang='lat' dir='ltr'><strong>lg</strong></span> <span class='ocrx_word' id='word_1_238' title='bbox 202 3515 274 3569; x_wconf 87' lang='lat' dir='ltr'><strong>Nacb</strong></span> <span class='ocrx_word' id='word_1_239' title='bbox 297 3514 445 3592; x_wconf 81' lang='lat' dir='ltr'><strong>Bcdmanns</strong></span> <span class='ocrx_word' id='word_1_240' title='bbox 469 3514 590 3570; x_wconf 83' lang='lat' dir='ltr'><strong>absehrilt</strong></span> <span class='ocrx_word' id='word_1_241' title='bbox 614 3530 660 3572; x_wconf 87' lang='lat' dir='ltr'><strong>aas</strong></span> <span class='ocrx_word' id='word_1_242' title='bbox 685 3516 745 3572; x_wconf 86' lang='lat' dir='ltr'><strong>dom</strong></span> <span class='ocrx_word' id='word_1_243' title='bbox 767 3516 855 3571; x_wconf 83' lang='lat' dir='ltr'><strong>arcbir</strong></span> <span class='ocrx_word' id='word_1_244' title='bbox 873 3517 919 3570; x_wconf 86' lang='lat' dir='ltr'><strong>der</strong></span> <span class='ocrx_word' id='word_1_245' title='bbox 937 3516 1003 3571; x_wconf 87' lang='lat' dir='ltr'><strong>stadt</strong></span> <span class='ocrx_word' id='word_1_246' title='bbox 1021 3515 1120 3585; x_wconf 87' lang='lat' dir='ltr'><strong>Speicr.</strong></span> <span class='ocrx_word' id='word_1_247' title='bbox 1156 3515 1185 3569; x_wconf 91' lang='lat' dir='ltr'><strong>ln</strong></span> <span class='ocrx_word' id='word_1_248' title='bbox 1204 3515 1256 3572; x_wconf 76' lang='lat' dir='ltr'><strong>den</strong></span> 
     </span>
     <span class='ocr_line' id='line_1_34' title="bbox 112 3582 1257 3652; baseline 0.002 -16"><span class='ocrx_word' id='word_1_249' title='bbox 112 3583 170 3637; x_wconf 87' lang='lat' dir='ltr'><strong>lrirc</strong></span> <span class='ocrx_word' id='word_1_250' title='bbox 189 3583 277 3638; x_wconf 87' lang='lat' dir='ltr'><strong>lichen</strong></span> <span class='ocrx_word' id='word_1_251' title='bbox 301 3583 489 3650; x_wconf 86' lang='lat' dir='ltr'><strong>streitigkerten</strong></span> <span class='ocrx_word' id='word_1_252' title='bbox 514 3598 570 3638; x_wconf 85' lang='lat' dir='ltr'><strong>war</strong></span> <span class='ocrx_word' id='word_1_253' title='bbox 593 3583 639 3639; x_wconf 87' lang='lat' dir='ltr'><strong>der</strong></span> <span class='ocrx_word' id='word_1_254' title='bbox 662 3584 711 3652; x_wconf 80' lang='lat' dir='ltr'><strong>styl</strong></span> <span class='ocrx_word' id='word_1_255' title='bbox 736 3599 782 3639; x_wconf 84' lang='lat' dir='ltr'><strong>aus</strong></span> <span class='ocrx_word' id='word_1_256' title='bbox 807 3583 853 3639; x_wconf 94' lang='lat' dir='ltr'><strong>der</strong></span> <span class='ocrx_word' id='word_1_257' title='bbox 874 3587 925 3639; x_wconf 87' lang='lat' dir='ltr'><strong>zeit</strong></span> <span class='ocrx_word' id='word_1_258' title='bbox 943 3584 989 3639; x_wconf 86' lang='lat' dir='ltr'><strong>des</strong></span> <span class='ocrx_word' id='word_1_259' title='bbox 1007 3585 1154 3638; x_wconf 71' lang='lat' dir='ltr'><strong>Peterson</strong></span> <span class='ocrx_word' id='word_1_260' title='bbox 1171 3582 1257 3639; x_wconf 79' lang='lat' dir='ltr'><strong>Vinea</strong></span> 
     </span>
     <span class='ocr_line' id='line_1_35' title="bbox 112 3650 1131 3724; baseline 0.003 -19"><span class='ocrx_word' id='word_1_261' title='bbox 112 3665 168 3706; x_wconf 81' lang='lat' dir='ltr'><strong>rou</strong></span> <span class='ocrx_word' id='word_1_262' title='bbox 186 3651 234 3708; x_wconf 87' lang='lat' dir='ltr'><strong>der</strong></span> <span class='ocrx_word' id='word_1_263' title='bbox 252 3650 438 3707; x_wconf 87' lang='lat' dir='ltr'><strong>reicbsoanzlei</strong></span> <span class='ocrx_word' id='word_1_264' title='bbox 455 3650 620 3710; x_wconf 86' lang='lat' dir='ltr'><strong>beibebalten</strong></span> <span class='ocrx_word' id='word_1_265' title='bbox 638 3653 755 3724; x_wconf 86' lang='lat' dir='ltr'><strong>worden,</strong></span> <span class='ocrx_word' id='word_1_266' title='bbox 772 3666 869 3710; x_wconf 87' lang='lat' dir='ltr'><strong>wovon</strong></span> <span class='ocrx_word' id='word_1_267' title='bbox 889 3653 945 3711; x_wconf 82' lang='lat' dir='ltr'><strong>dics</strong></span> <span class='ocrx_word' id='word_1_268' title='bbox 964 3655 1025 3709; x_wconf 89' lang='lat' dir='ltr'><strong>eine</strong></span> <span class='ocrx_word' id='word_1_269' title='bbox 1041 3651 1131 3722; x_wconf 77' lang='lat' dir='ltr'><strong>probo.</strong></span> 
     </span>
    </p>
   </div>
   <div class='ocr_carea' id='block_1_4' title="bbox 0 0 1552 4882">
    <p class='ocr_par' dir='ltr' id='par_1_4' title="bbox 0 0 1552 4882">
     <span class='ocr_line' id='line_1_36' title="bbox 0 0 1552 4882; baseline 0 4"><span class='ocrx_word' id='word_1_270' title='bbox 0 0 1552 4882; x_wconf 95' lang='lat' dir='ltr'><strong> </strong></span> 
     </span>
    </p>
   </div>
  </div>
 </body>
</html>
