3096 4882
523 220 665 270 reuuuurs
686 223 894 274 rrcrouruusrs.
1203 198 1275 270 275

152 351 190 420 lie
215 357 413 442 expulsione
446 355 597 429 Heinrici
628 360 671 430 dc
706 379 811 448 reguo
842 369 876 432 et
902 362 1090 434 iiruradcne
1116 366 1275 440 Iohannis

236 454 293 522 litii
318 457 409 542 regis
437 458 470 524 iu
496 475 551 529 co.
1122 464 1200 555 Cep.
1228 469 1274 537 iii.

150 552 188 622 lte
212 557 452 642 preparacioue
485 559 576 643 rugis
612 559 647 626 iu
674 558 801 628 ltaliam
829 567 862 628 et
888 563 978 630 curio
1003 562 1204 634 marchionis
1230 565 1274 636 de

232 652 503 724 Braudeuburoh.
1112 661 1190 750 Cap.
1216 666 1273 734 iiii.

147 749 186 818 lic
211 754 429 822 coronatione
455 755 545 840 regis
572 754 606 824 in
626 753 832 845 Mediolano,
859 757 902 828 de
921 757 1007 828 duce
1026 756 1161 829 Austrie
1179 761 1274 832 Leu-

231 850 345 942 poldo,
373 859 407 920 ct
422 851 646 922 destructione
667 855 937 942 Tcruplarioruur.
1138 859 1272 948 Capu.

142 946 185 1016 lte
210 950 387 1020 obsidione
413 952 540 1043 Brixie,
568 952 611 1022 de
647 952 732 1022 duee
758 953 907 1025 Iohanne
934 962 968 1024 ct
991 963 1097 1026 morte
1123 959 1272 1046 inopere-

234 1050 336 1118 triciS.
1136 1055 1182 1126 Ca
1207 1061 1271 1129 ,ui

140 1146 185 1214 De
209 1149 433 1218 coronacione
461 1153 494 1216 et
518 1147 623 1236 prelio
650 1149 857 1236 inperatoris
882 1153 918 1219 iu
943 1152 1035 1242 urbe,
1063 1160 1097 1222 et
1116 1077 1270 1245 dcsgou-

231 1249 326 1316 sione
354 1247 532 1315 lletheriue
559 1247 624 1315 iilic
650 1243 778 1317 Alberti
803 1251 904 1336 regis.
1120 1253 1197 1343 Cap.
1215 1259 1270 1327 vii.

137 1346 185 1414 Dc
209 1347 349 1414 transitu
374 1347 591 1435 imperatoris.
827 1385 830 1392 ,
1095 1351 1174 1441 Cap.
1201 1357 1269 1424 viii.

137 1445 186 1514 Dc
215 1445 320 1533 prelio
353 1445 527 1514 Ludewioi
560 1444 656 1514 drrois
688 1445 844 1514 Bewarie
879 1448 1208 1543 annositatibus,
1236 1461 1271 1522 et

231 1535 299 1612 litio
325 1547 416 1630 regis
444 1541 634 1630 Arrogonie
661 1561 788 1632 sponse
809 1543 978 1620 Friderici.
1117 1548 1196 1637 Cap.
1223 1553 1268 1622 ix.

133 1643 184 1712 Dc
215 1645 447 1732 preparatione
480 1645 663 1732 principum
698 1641 742 1712 ud
768 1643 967 1718 electionem
992 1652 1028 1716 et
1052 1647 1125 1718 eliis
1153 1648 1268 1719 direr-

230 1743 290 1812 sis.
1129 1745 1209 1836 Cep.
1234 1767 1268 1820 rr.

427 1907 636 1998 Capitula
673 1909 820 1994 quinti
854 1908 971 1978 libri.

128 2035 182 2102 De
208 2033 371 2102 electione
397 2031 552 2104 Friderici
578 2036 612 2100 et
635 2030 809 2100 Ludewioi
835 2036 870 2102 et
895 2035 1112 2106 coronatione
1137 2036 1267 2104 utrius-

231 2149 307 2219 que.
1143 2133 1221 2222 Cep.
1241 2136 1265 2204 i.

122 2233 179 2300 De
196 2230 418 2319 dispositione
435 2229 609 2318 utriusque
625 2228 666 2298 ad
685 2228 812 2298 suturas
827 2232 1106 2300 concertationes.
1133 2231 1211 2322 Cap.
1231 2234 1266 2302 ii.

121 2332 179 2404 De
203 2329 471 2418 expeditionibus
496 2328 653 2398 Fridcuci
671 2327 823 2418 diversis,
851 2327 893 2395 dc
911 2330 1186 2400 reconciliacione
1203 2332 1265 2401 lo-

227 2430 347 2498 hanuis
382 2429 474 2514 regis
501 2435 535 2497 et
566 2427 714 2496 Heinrici
743 2426 852 2516 ducis,
880 2431 914 2494 et
948 2427 1144 2516 quibusdem
1180 2430 1265 2500 eliis,

1115 2526 1193 2616 Cap.
1220 2530 1263 2598 iii.

119 2629 176 2696 De
203 2625 306 2714 prelio
332 2622 505 2693 Ludewioi
532 2627 566 2692 et
589 2623 756 2693 ilriderioi.
1099 2624 1178 2713 Cep.
1205 2628 1261 2694 iiii.

119 2727 176 2794 De
202 2726 311 2811 gestis
344 2729 424 2812 post
456 2723 579 2792 bellurn
611 2729 645 2791 et
678 2722 853 2793 solucione
887 2721 1057 2792 cuborum
1083 2722 1263 2796 iratruuua

225 2825 426 2912 captivitate.
1121 2821 1200 2912 Cap.
1228 2843 1262 2892 r.

118 2924 174 2992 Dc
202 2922 296 2992 obitu
321 2919 486 3010 Leupoldi
511 2927 546 2990 et
570 2921 718 2990 Heinrici
748 2917 869 3010 duorun¹
895 2924 929 2988 et
955 2923 1168 3012 oppositione
1195 2920 1262 2990 Οι-

223 3024 311 3092 tuuis
339 3027 455 3092 eontra
480 3019 609 3093 iratres.
1113 3020 1191 3112 Cep.
1217 3023 1261 3092 vi.

118 3121 174 3190 De
209 3122 345 3190 introitu
375 3117 548 3188 Ludewioi
578 3121 613 3186 iu
645 3117 772 3188 ltaliam
806 3124 839 3188 et
865 3118 910 3187 ibi
942 3121 1050 3204 gestis
1077 3126 1111 3188 ct
1136 3139 1261 3190 recou-

224 3221 390 3288 cilintioue
418 3218 538 3288 ducunt
564 3237 637 3286 curu
665 3237 745 3304 rege
771 3216 943 3288 Bchemie.
1100 3217 1179 3307 Cap.
1207 3220 1262 3289 vii.

120 3317 175 3386 Do
211 3319 303 3388 obitu
328 3317 484 3388 Friderioi
511 3319 620 3406 regis,
657 3319 773 3404 regine
808 3317 974 3385 consortis
1001 3333 1062 3384 sue
1090 3317 1198 3408 Gutta,
1227 3325 1261 3388 et

225 3417 358 3486 ducisse
386 3415 531 3505 Ottonis‚
559 3417 700 3503 aliisque
728 3414 959 3482 incidentibus.
1088 3414 1166 3504 Cep.
1193 3419 1259 3486 viii.

120 3512 175 3581 Dc
209 3515 316 3585 reditu
348 3515 523 3584 Ludewioi
558 3521 591 3584 ct
623 3515 894 3584 reconciliatione
927 3513 1000 3580 eius
1036 3529 1108 3582 curu
1135 3511 1259 3583 Ottcue

223 3615 319 3687 duce.
1111 3611 1188 3701 Cap.
1216 3615 1259 3684 ix.

120 3709 176 3778 De
201 3715 358 3802 ingressu
384 3718 418 3782 et
443 3731 585 3802 egressu
611 3715 702 3802 regis
729 3712 888 3781 Bolrernie
913 3712 947 3780 iu
968 3711 1200 3780 Loruberdiaru
1226 3719 1260 3780 et

224 3813 267 3882 ilri
283 3815 389 3902 gestis
408 3821 442 3884 et
458 3815 606 3883 amicicia
626 3815 699 3881 eius
714 3825 788 3882 euru
804 3809 945 3882 ducibus
960 3807 1104 3880 Austris.
1132 3807 1211 3900 Cap.
1225 3831 1258 3880 x.

437 3996 642 4087 Capitula
676 3997 794 4064 sexti
823 3995 941 4064 libri.

123 4109 184 4178 De
213 4123 313 4186 norte
339 4119 487 4189 Heinrici
520 4120 617 4188 ducis
644 4119 789 4188 llerintlr.
814 4125 849 4187 et
875 4117 965 4208 quod
990 4116 1095 4186 duces
1121 4114 1256 4186 Austrie

229 4219 344 4286 terraur
370 4220 593 4290 obtinuerunt
1129 4213 1207 4306 Cap.
1234 4217 1254 4286 i.

1001 4319 1056 4378 re*
