3044 4882
416 211 557 259 rcunnnrs
576 213 783 260 rrcrcnmusrs.
820 214 846 280 u,
865 211 906 266 tc.
1170 179 1238 252 381

108 348 318 442 occurrebat,
344 350 495 420 salutans
521 351 708 440 vidensque
735 371 906 443 sponsam,
933 351 1136 441 cooperculo
1163 369 1242 420 cur·
1260 363 1327 418 tem

107 469 163 519 rus
191 450 336 539 detecto,
363 469 463 519 manu
484 452 694 540 apprehense
714 471 786 520 curn
804 451 1006 522 verecundia
1028 455 1061 519 et
1078 450 1243 520 modestia

106 549 251 622 breviter
286 549 455 620 edebatur.
494 550 625 618 Deinde
652 567 800 620 sororem
827 552 962 621 alterius
989 551 1094 621 mariti
1120 551 1242 619 solatio

106 648 360 740 consolebatur,
387 650 421 716 in
448 649 587 737 eiusque
615 650 709 718 salve
734 652 927 739 receptione
952 648 1126 739 plurimum
1151 650 1242 718 leta-

104 748 210 825 batur.
244 745 349 828 Quam
374 754 495 836 postea
520 747 656 838 Ruperti
682 750 772 835 regis
800 750 869 817 idio
897 749 972 818 duci
997 747 1151 816 Kalabrie
1178 765 1242 818 so-

108 848 208 916 cierit
233 851 268 914 et
292 847 473 915 honorifice
499 848 533 914 in
560 847 701 916 eandem
727 850 929 937 provinciam
956 847 1147 916 destinavit.

185 945 317 1014 Deinde
351 945 534 1014 Fridericus
564 946 717 1016 Kerolum
754 965 867 1035 regem
901 947 1047 1034 Ungarie
1086 946 1240 1036 advocet,
1264 978 1316 1018 rm.

106 1043 437 1133 Heinricumducem
460 1045 640 1135 Kerinthie‚
668 1045 783 1116 fraires
808 1063 889 1116 suos
913 1045 1016 1114 duces
1033 1044 1241 1133 Leupcldum

103 1141 277 1212 Athertum
302 1143 491 1212 Heinrienm
516 1149 548 1212 et
574 1143 739 1234 Ottenem,
766 1146 945 1235 pluresque
973 1145 1112 1213 comites
1138 1144 1242 1213 nobi-

103 1243 156 1310 les
176 1250 208 1310 et
226 1243 381 1332 herenee,
409 1243 603 1312 Wiirardum
627 1243 915 1334 archiepiscopum
928 1243 1242 1332 Selerpurgensem.

103 1341 380 1410 Presenteetiam
403 1359 520 1410 sorore
541 1361 602 1412 sue
618 1342 751 1413 domine
767 1341 912 1433 Agnete,
940 1342 1107 1430 quondam
1125 1343 1243 1428 regine

103 1441 268 1530 Ungarie,
303 1448 336 1508 et
362 1447 464 1509 matre
499 1440 633 1510 domina
667 1442 839 1511 Elizaheth
864 1443 1086 1511 Romanorum
1113 1443 1242 1532 regina,

103 1541 257 1606 maximis
281 1539 414 1609 solaciis
431 1541 581 1631 vacabat,
609 1547 733 1610 etcum
751 1541 910 1630 predictis
936 1540 1088 1609 omnibus
1109 1545 1242 1628 myste-

103 1639 188 1706 rium
224 1639 355 1706 consilii
390 1641 441 1708 sui
474 1641 652 1730 inpetebat,
679 1645 716 1708 ut
743 1641 958 1710 consulerent
986 1644 1019 1707 et
1044 1641 1244 1707 assisterent

103 1737 248 1808 consitio
276 1742 310 1805 et
335 1739 458 1807 auxilio
485 1739 529 1806 ad
546 1739 783 1827 acquirendum
805 1739 958 1807 thronum
976 1739 1069 1824 regie
1096 1738 1236 1806 celsitu-

104 1835 193 1905 dinis
220 1836 422 1906 hortabatur.
455 1835 518 1918 Qui
545 1855 660 1907 omnes
687 1841 759 1907 eius
786 1839 953 1908 desiderio
971 1837 1240 1927 congaudentes

102 1935 318 2004 meditantem
337 1941 401 2004 tem
419 1936 558 2023 grandia
575 1943 609 2006 et
629 1937 782 2006 sublimia
804 1936 1090 2028 commendabant,
1118 1935 1241 2005 edesse

104 2035 169 2103 sibi
197 2041 231 2102 et
257 2037 429 2123 cooperari
455 2037 535 2105 totis
562 2037 685 2104 viribus
712 2037 956 2126 promittebant.
995 2035 1066 2104 Hiis
1094 2036 1241 2124 acceptis

102 2135 295 2224 promissis,
322 2136 455 2222 magnis
482 2136 666 2224 sumptibus
697 2135 869 2224 tergisque
897 2134 1073 2224 stipendiis
1101 2153 1138 2202 se
1166 2133 1241 2202 dis-

101 2236 207 2322 ponit.
243 2233 361 2301 Sciens
383 2235 481 2302 etiarn
498 2233 722 2303 marchionem
743 2235 1100 2320 Brandenhurgensem
1123 2239 1156 2301 et
1174 2232 1242 2301 du-

103 2349 177 2400 cem
206 2331 353 2400 Saxonie
380 2351 417 2401 se
442 2351 511 2402 non
538 2332 705 2423 deserere,
735 2333 956 2402 confidentius
979 2338 1134 2400 armatur.

178 2431 310 2499 Interea
325 2433 441 2500 Petrus
458 2432 688 2523 Mogontinus,
700 2432 914 2501 Baldewinus
930 2432 1146 2499 Treverensis
1159 2447 1241 2518 pre-

103 2530 198 2598 sules
224 2548 298 2599 cum
323 2530 472 2600 Iohanne
496 2549 578 2618 rege
603 2531 761 2600 Bohemie
791 2532 965 2600 consilium
990 2531 1150 2618 iniemnt,
1178 2547 1242 2597 su-

102 2635 323 2718 spectamque
348 2630 505 2698 Friderici
531 2633 711 2720 potentiam
738 2631 912 2720 hahentes,
938 2628 1155 2697 Ludewicum
1172 2627 1241 2695 du-

102 2747 177 2796 cem
203 2729 354 2797 Bewerie
382 2731 527 2798 excitent
554 2734 588 2797 et
613 2735 753 2798 acuunt:
780 2747 839 2797 ear
855 2731 935 2816 ipre,
962 2746 1043 2814 epae
1068 2732 1101 2795 et
1124 2725 1242 2794 noeti-

101 2831 173 2895 tate
199 2832 243 2895 et·
256 2828 413 2914 dtpnitete
444 2831 519 2897 daci
552 2827 682 2896 Aestate
713 2828 898 2897 nullatenus
927 2828 1053 2913 imper,
1079 2825 1268 2911 adrepet

101 2929 230 2996 titutum
255 2930 289 2994 et
312 2928 454 3014 plantem
478 2945 544 2995 nen
569 2926 708 3012 anhelet,
734 2946 807 2996 eum
833 2929 862 2996 ei
884 2931 1037 3014 prestere
1062 2926 1109 2992 cd
1132 2925 1242 2992 omnia

97 3027 322 3114 patrocinium
347 3029 413 3094 sint
431 3028 557 3113 parati,
581 3025 678 3094 redes
695 3030 793 3114 etque
812 3023 1004 3113 cerpentes
1024 3024 1154 3106 fidetem
1177 3025 1241 3090 im-

96 3129 250 3214 pendere
263 3125 484 3210 semntatem?
518 3123 616 3205 Quod
631 3125 772 3194 audiens
791 3125 1006 3213 LudewicuS,
1033 3123 1158 3190 nullum
1177 3122 1242 3190 sibi

102 3226 350 3314 germaniorem
377 3225 536 3294 estimans
563 3243 662 3312 quem
688 3242 733 3294 se·
751 3226 870 3314 ipsum,
898 3223 941 3292 ad
959 3223 1080 3291 curiam
1097 3222 1241 3290 electio-

99 3327 159 3394 nis
192 3324 319 3394 virihus
353 3324 471 3412 quihus
506 3329 637 3418 poteret
662 3341 700 3392 se
726 3323 913 3414 componit,
939 3323 1081 3390 maxime
1107 3326 1242 3410 propter
1339 3331 1341 3334 ·

99 3425 276 3514 principes
310 3425 509 3513 premissos,
538 3425 594 3511 qui
630 3441 667 3491 se
703 3423 767 3491 sibi
793 3425 827 3490 in
857 3422 1015 3492 auxilium
1041 3418 1084 3488 ed
1110 3437 1241 3489 omnem

99 3542 220 3593 cesum
246 3523 343 3592 huius
369 3524 497 3610 negotii
523 3522 801 3591 constrinxerunt.

178 3623 255 3692 Hoc
279 3640 367 3691 enno
397 3625 495 3691 etiem
522 3621 672 3690 Paduani
696 3623 850 3711 oppressi
876 3640 896 3689 a
921 3618 1192 3707 VeronensihuS,
1220 3635 1240 3685 a

97 3722 274 3791 Friderieo
301 3720 385 3790 duce
412 3722 567 3791 auxilium
592 3725 719 3809 petunt
755 3719 819 3802 Qui
846 3721 986 3790 consilio
1012 3717 1125 3786 hebito
1151 3715 1241 3783 misit

100 3822 252 3890 Utricum
278 3823 384 3889 virum
410 3821 540 3890 tidelem
567 3819 609 3887 de
635 3819 770 3911 Wetse,
798 3821 1006 3909 capitaneum
1034 3816 1150 3904 Stirie,
1178 3812 1239 3882 ad-

97 3922 227 3989 iunctis
254 3919 318 3989 sihi
344 3920 494 4008 pluribus
519 3919 600 3986 viris
627 3921 805 4008 strennuis,
832 3918 959 3986 scilicet
982 3909 1093 3984 [tiriae
1121 3915 1240 3982 comite

99 4019 150 4088 de
185 4018 420 4110 Phennherch,
457 4024 490 4086 et
522 4018 634 4086 Ulrieo
666 4018 733 4087 idio
768 4035 840 4086 suo.
880 4009 960 4096 Qui¹
986 4015 1119 4083 nomine
1146 4011 1240 4082 ducis

139 4173 173 4238 1)
192 4172 247 4238 Qui,
266 4171 378 4227 ntmiieh
396 4169 483 4225 Utrieh
500 4185 552 4225 von
571 4170 670 4241 Wetse,
689 4172 751 4226 tehlt
767 4173 794 4226 in
814 4169 861 4224 der
877 4165 915 4222 hs.
933 4164 986 4221 und
1003 4165 1072 4220 heim
1083 4163 1172 4232 Lech,
1188 4163 1241 4218 und

92 4242 134 4297 ist
156 4255 208 4296 ron
226 4242 274 4295 mir
292 4239 359 4296 nach
375 4240 477 4296 Pezens
494 4240 632 4310 verschtag
650 4242 767 4309 ergiinzt.
