3002 4880
386 280 530 328 canoruca
552 281 589 326 ue
610 281 708 327 crsrrs
728 281 894 328 rarrerrrar.
1164 250 1210 322 29

84 420 220 509 dyabolo
245 420 439 505 instigante,
467 418 590 487 lraotus
617 420 726 488 animo
752 420 866 507 incipit
884 423 1024 489 tractare
1043 418 1085 489 de
1106 428 1211 491 morte

84 523 175 611 regis,
202 520 380 606 assumptis
407 517 469 587 sibi
496 517 692 605 quibusdam
719 518 896 609 nobilibus,
924 521 979 607 qui
1007 521 1105 588 etiam
1132 522 1211 608 qui-

83 619 212 687 busdam
239 620 349 687 causis
378 618 588 704 exigentibus
616 624 840 706 conceperant
858 619 936 686 talia
953 626 1068 688 eontra
1084 637 1210 706 regem.

83 718 146 786 Hiis
187 721 377 786 coniuratus
420 724 454 784 et
493 719 607 785 stricto
646 715 760 784 ledere
798 716 971 805 copulatus
1006 717 1059 786 die
1085 725 1210 786 noctu-

84 811 161 904 que¹
186 817 411 885 observabant
437 833 561 906 regem,
589 814 757 902 quomodo
791 833 864 883 eum
890 815 970 885 dolo
997 823 1151 884 tenerent
1176 824 1210 885 et

83 916 274 984 occiderent.
324 916 366 983 Et
401 933 473 981 cum
503 934 572 983 uua
604 912 657 982 die
690 916 846 982 transiret
870 913 997 983 Renum
1024 921 1057 984 et
1083 918 1209 985 exisset

83 1017 237 1083 civitatem
263 1011 492 1103 Argentinam,
521 1020 554 1081 et
580 1013 758 1082 direxisset
778 1016 838 1081 iter
853 1033 948 1082 suum
967 1020 1209 1104 contrapartes

83 1114 274 1203 orientales,
307 1119 406 1181 nacta
432 1115 696 1203 opportunitate,
733 1119 765 1181 et
796 1115 954 1200 perpauci
982 1120 1097 1182 essent
1123 1117 1211 1182 eirca

83 1231 159 1302 eum,
185 1215 219 1280 in
247 1231 364 1299 campo
391 1214 555 1281 irruentes
581 1214 614 1278 in
641 1230 733 1302 eum,
761 1229 834 1279 cum
860 1213 1002 1282 cultellis
1030 1219 1063 1281 et
1088 1212 1209 1300 gladiis

81 1311 300 1399 perfoderunt.
342 1308 405 1391 Qui
431 1310 555 1399 oppido
582 1309 774 1379 vulneratus
800 1310 843 1379 de
871 1329 958 1398 equo
985 1329 1063 1381 mox
1089 1314 1211 1382 corruit

82 1417 112 1478 et
125 1414 302 1478 intestatus
319 1401 556 1498 suppremum²
581 1412 647 1477 vite
664 1411 811 1499 spiritum
823 1410 998 1478 exhalavit.
1030 1408 1103 1491 Quo
1122 1410 1210 1479 iacto
1227 1418 1298 1474 1308

80 1509 221 1598 periculo
257 1527 295 1578 sc
329 1508 547 1577 discrimini
537 1527 733 1601 ingessere
760 1526 836 1576 nam
867 1516 904 1576 ut
939 1503 1290 1608 manumultoris¹1¹¹¹

80 1612 265 1696 potuissent
290 1607 434 1676 evadere
460 1610 611 1696 protinus
637 1608 749 1695 lugam
777 1625 874 1676 cursu
902 1611 1032 1676 concito
1056 1556 1270 1697 inierunt,1

82 1714 111 1775 et
134 1711 296 1776 intrantes
324 1709 408 1774 viam
429 1706 526 1795 llayn
550 1726 713 1795 nusquam
738 1713 810 1775 erat
833 1708 881 1774 eis
908 1711 1010 1774 tutum
1036 1705 1210 1793 relugium.

82 1806 247 1894 Siquidem
282 1806 355 1874 Deo
387 1805 521 1874 volente
555 1813 589 1874 et
618 1825 723 1882 uxore
756 1807 845 1893 regis
878 1804 1067 1874 vindicante
1094 1823 1211 1875 omnes

80 1914 193 1995 postea
221 1907 341 1972 misere
368 1907 545 1993 perierunt.

148 2003 220 2074 Sed
238 2023 297 2072 rex
317 2023 390 2071 oum
407 2002 515 2071 adhuc
529 2006 658 2072 viveret
680 2009 712 2071 et
732 2010 824 2072 esset
849 2007 882 2074 in
909 2023 1015 2074 rerum
1042 2002 1212 2071 alssuentia

82 2105 360 2193 opulentissimus
388 2104 506 2171 saciari
533 2121 600 2172 non
625 2105 732 2191 potuit
750 2104 849 2172 rebus
875 2103 1106 2193 mundialibus,
1135 2104 1213 2190 quia

81 2205 173 2272 nimia
189 2203 371 2271 ambitione
391 2209 562 2290 corruptus
580 2201 750 2270 indefesse
770 2203 944 2272 laborabat
970 2203 1032 2272 sibi
1059 2203 1211 2270 subicere

80 2303 174 2370 multa
212 2311 372 2370 terrarum
406 2303 531 2391 spatia,
566 2309 600 2369 et
631 2319 712 2372 suos
747 2301 869 2371 liberos
905 2303 1060 2390 exaltari,
1097 2306 1129 2368 et
1163 2301 1212 2367 sic

82 2405 218 2470 terrenis
245 2403 342 2468 nimis
368 2401 553 2488 implicatus
580 2403 677 2490 curis,
705 2407 792 2468 terre
820 2403 915 2469 citius
942 2403 1096 2469 sociatur.
1149 2396 1212 2479 Qui

82 2503 172 2568 etiam
195 2505 290 2586 justo
316 2499 379 2567 Dei
402 2499 529 2584 judicio
555 2501 587 2566 in
614 2499 705 2568 brevi
731 2501 877 2588 privatur
904 2500 1066 2587 omnibus,
1094 2504 1128 2565 et
1143 2501 1212 2583 jam

82 2597 119 2666 de
144 2599 300 2668 omnibus
326 2600 382 2665 vix
406 2597 560 2686 possidet
585 2605 713 2686 septem
737 2597 855 2686 pedes.
886 2597 1039 2685 Denique
1065 2597 1099 2663 in
1126 2597 1213 2663 civi-

82 2703 143 2766 tate
178 2699 332 2787 Spirensi
373 2695 524 2766 honestis
556 2697 727 2784 obsequiis
754 2697 931 2787 sepelitur,
959 2696 1015 2764 ubi
1040 2695 1213 2763 multorum

81 2813 191 2884 regum
230 2813 373 2885 corpora
402 2803 562 2887 pausant,
601 2813 741 2864 examen
768 2797 904 2864 extremi
926 2793 1042 2880 judieii
1068 2800 1101 2863 et
1127 2791 1214 2862 diem

81 2898 293 2966 novissimum
318 2895 554 2983 prestolantes

147 2993 251 3064 Anno
278 2996 378 3080 igitur
411 2989 454 3062 ab
480 2995 707 3062 incarnatione
734 2994 865 3066 Domini
890 2995 1073 3062 moeoviii.
1100 2994 1133 3060 in
1160 2989 1214 3059 dio

80 3091 249 3164 beatorum
293 3093 517 3181 apostolorum
552 3092 692 3207 Philippi
727 3100 760 3162 el
793 3093 926 3183 Jacobi,
959 3111 1042 3180 rege
1075 3089 1213 3160 Alberto

81 3197 189 3262 occiso
222 3209 345 3262 vacare
380 3194 469 3280 cepit
500 3194 671 3279 imperium
705 3209 811 3280 usque
845 3195 878 3260 in
906 3193 992 3261 diem
1018 3190 1115 3260 beate
1142 3189 1214 3257 lla-
1232 3211 1295 3321 nup.

81 3291 205 3361 therme
239 3293 378 3378 virginis
409 3298 443 3358 et
476 3298 576 3378 martp
575 3293 629 3359 ris
694 3289 766 3370 Qua
801 3290 855 3360 die
891 3291 1056 3360 electores
1091 3266 1280 3377 pariter2⁵

81 3397 317 3481 convenerunt,
344 3395 381 3456 ut
407 3392 503 3458 alium
529 3407 644 3476 regem
670 3390 927 3475 gubernatorem
943 3390 1086 3458 sollicita
1103 3394 1214 3456 mente

81 3487 190 3559 divina
215 3492 399 3578 inspirante
427 3492 533 3576 gratia
558 3494 783 3576 procrearent.

150 3591 255 3658 Porro
284 3588 436 3656 Clemens
462 3607 550 3677 papa
578 3606 651 3655 eum
667 3587 889 3656 intellexisset
903 3586 1073 3656 Albertum
1100 3601 1215 3672 regem

82 3690 190 3756 exisse
223 3694 330 3757 morte
357 3689 515 3754 acerrima
541 3687 583 3754 de
610 3685 833 3778 boemundo,
861 3705 929 3756 non
954 3704 1069 3774 parum
1097 3683 1212 3772 doluit,

82 3793 113 3852 et
146 3787 289 3855 sollicita
324 3785 594 3855 consideratione
627 3784 820 3875 prehabito,
860 3803 1001 3854 cernens
1034 3783 1216 3852 Romanum

80 3885 247 3972 imperium
284 3885 388 3953 multo
423 3885 601 3952 discrimini
634 3886 821 3972 expositum
858 3891 891 3951 et
924 3886 1023 3952 variis
1051 3879 1216 3950 erroribus

82 3985 270 4074 perurgeri,
308 4002 387 4052 mox
421 3986 545 4072 pietate
579 3990 708 4072 metue,
736 3985 821 4052 siout
847 3985 899 4051 cui
925 3981 1082 4049 incumbit
1107 3997 1218 4048 curam

82 4098 197 4166 gerere
225 4081 267 4151 de
297 4082 448 4151 omnibus
476 4082 676 4151 electoribus
703 4086 817 4172 regni,
844 4099 923 4150 suas
955 4081 1082 4148 litteras
1110 4079 1218 4148 desti·
1258 4097 1262 4103 ·

83 4184 191 4272 navit,
226 4200 352 4269 rogans
378 4184 500 4270 pariter
526 4187 559 4249 et
584 4181 781 4272 exhortans,
817 4185 853 4248 ut
886 4180 994 4247 Deum
1027 4197 1085 4269 pre
1114 4179 1218 4250 oeulis

114 4308 145 4373 1)
164 4317 291 4379 noctuque
309 4326 367 4366 eum
384 4310 422 4364 bs.
458 4309 489 4376 2)
508 4321 646 4378 suppreme
664 4307 703 4362 bs.
