3052 4878
475 229 592 276 urceum
612 229 656 276 ur.
678 229 819 278 noraour.
842 229 975 276 nuunrro.
1219 202 1285 271 121

152 370 244 436 oeret
270 366 328 435 illa
355 367 420 457 via,
447 385 515 436 non
540 369 779 457 compatientes
804 368 983 458 Perusinis,
1011 375 1107 456 quos·
1122 386 1191 438 una
1216 388 1290 438 eum
1306 381 1373 437 1312

150 466 427 536 Bononiensibus
455 483 555 554 supra
581 466 714 536 modum
740 466 858 535 odiunt
874 472 1009 555 propter
1035 485 1076 535 ea
1102 486 1167 555 que
1194 468 1290 538 leoe-

151 570 228 633 runt
242 570 361 633 eontra
375 564 615 657 imperatorem,
643 567 699 652 qui
717 584 887 653 nunquam
905 566 940 633 in
966 565 1079 653 aliquo
1094 569 1188 655 ipsos
1207 585 1290 654 gra-

151 667 300 755 vaverat,
328 662 390 732 sed
407 669 542 753 propter
559 663 701 755 demum,
727 667 807 752 quia
830 664 970 752 quilibet
987 663 1146 735 tendebat
1168 669 1291 735 reverti

151 763 260 853 Pisas,
288 767 322 830 et
342 763 457 850 plures
479 762 522 831 ad
546 769 660 851 partes
687 780 778 833 suas,
817 762 981 832 Dominus
1007 765 1184 851 imperator
1208 784 1290 854 pro-

151 863 215 951 prii
236 862 353 949 eapitis
384 866 419 928 et
440 864 564 950 proprii
590 879 714 930 sensus
737 863 772 929 in
790 860 857 930 hoo
875 867 908 930 et
930 863 965 929 in
986 863 1097 931 multis
1118 865 1205 953 aliis,
1233 866 1289 952 qui

150 978 222 1028 nou
240 977 278 1027 se
292 959 435 1045 regebat
450 978 582 1049 semper
596 979 656 1050 per
671 961 847 1030 eonsilium
861 961 1001 1029 alieuius
1019 958 1086 1029 nisi
1100 981 1163 1052 per
1182 981 1288 1053 suum,

152 1060 243 1127 siout
268 1076 397 1148 omnes,
426 1060 542 1146 quiin
568 1061 638 1128 suis
666 1061 815 1128 oonsiliis
843 1061 950 1145 magis
978 1062 1118 1128 seeretis
1145 1061 1287 1152 luerunt,

150 1157 347 1245 frequenter
381 1163 459 1225 sunt
491 1160 637 1248 experti,
664 1159 699 1226 iu
731 1158 842 1226 multis
872 1160 956 1227 loois
982 1159 1073 1227 illum
1099 1161 1289 1228 eomitatum

152 1256 330 1346 destruxit,
347 1261 380 1324 et
396 1256 498 1324 multa
515 1256 658 1346 dampna
673 1257 836 1326 bonorum
855 1258 1083 1345 temporalium
1104 1261 1153 1327 eis
1170 1259 1289 1328 intulit.

149 1355 229 1424 Non
261 1354 363 1423 oredo
398 1354 489 1442 quod
523 1357 642 1443 aliquis
676 1355 775 1424 fuerit
799 1356 845 1423 ibi
871 1362 1038 1448 mortum,
1066 1359 1144 1443 quia
1171 1373 1288 1427 omnes

149 1453 322 1544 ingemat,
349 1456 500 1542 exeeptis
525 1455 591 1523 illis
619 1454 661 1523 de
686 1454 879 1545 Marohono,
907 1456 963 1542 qui
989 1473 1104 1525 omnes
1132 1461 1210 1528 sunt
1235 1458 1289 1525 in-

149 1553 264 1643 venti,
299 1553 378 1640 quia
409 1555 523 1644 primi,
552 1559 586 1622 et
612 1571 728 1622 omnes
754 1571 815 1642 per
839 1555 952 1640 ignem
980 1553 1140 1622 destruoti
1167 1561 1200 1623 et
1227 1573 1288 1643 per

150 1651 308 1741 spolium.
350 1651 474 1720 lbidem
502 1658 536 1720 et
560 1655 594 1720 in
621 1652 818 1740 quibusdam
845 1653 917 1720 aliis
943 1653 1028 1721 loeis
1050 1655 1084 1720 in
1106 1653 1195 1722 dioto
1223 1672 1288 1722 oo-

148 1753 269 1819 mitatu
310 1748 444 1819 luerunt
477 1752 666 1842 Tudertini‚
700 1751 863 1841 Spoletini
898 1757 931 1820 et
968 1751 1191 1843 Narnienses,
1218 1769 1287 1821 non

148 1849 308 1918 dolentes
339 1848 382 1916 de
409 1867 523 1918 eorum
555 1849 801 1941 destructione,
829 1869 903 1918 oum
929 1850 1030 1940 alias,
1058 1851 1286 1941 mulcebant,

151 1949 300 2016 luissent
323 1965 384 2036 per
409 1965 469 2017 eos
497 1949 667 2018 destructi.
709 1948 811 2017 lmmo
834 1951 916 2039 seio,
943 1949 1033 2037 quod
1060 1949 1194 2019 domino
1222 1952 1288 2018 im-

147 2047 299 2137 peratori
318 2048 539 2135 promisemnt
561 2049 650 2116 omni
668 2047 722 2116 die
750 2064 817 2136 quo
833 2049 935 2116 vellet
951 2050 1062 2116 iacere
1078 2049 1113 2116 in
1130 2051 1287 2117 comitatu

147 2146 316 2215 Perusino
341 2145 430 2213 mille
456 2145 612 2238 llorenos,
641 2147 703 2215 sed
720 2146 821 2235 'quod
847 2147 999 2215 habuerit
1023 2165 1092 2215 non
1117 2147 1229 2216 oredo.

227 2244 277 2312 De
298 2245 457 2312 eomitatu
477 2246 638 2314 Perusino
652 2247 806 2314 venimus
826 2244 1014 2336 Cortonam,
1041 2247 1097 2313 ubi
1120 2245 1181 2314 luit
1201 2248 1289 2314 Ter-

148 2347 240 2414 rious
267 2341 310 2410 de
336 2341 499 2434 Villeson,
527 2350 639 2413 vester
664 2344 843 2434 familiaris,
872 2343 914 2412 de
932 2363 1000 2412 una
1018 2347 1175 2412 continua
1196 2363 1289 2413 mor-

149 2449 241 2513 tuus.
281 2440 332 2508 llli
358 2443 589 2529 imperatorem
616 2461 689 2511 cum
716 2461 838 2529 magno
866 2443 993 2510 honore
1020 2450 1228 2532 receperunt,
1257 2449 1290 2511 et

149 2545 185 2610 in
204 2541 375 2630 presentia
393 2542 496 2609 totius
518 2543 633 2630 populi
652 2541 844 2609 fidelitatem
861 2541 923 2609 sibi
945 2540 1095 2608 leoerunt
1115 2560 1175 2630 per
1200 2560 1290 2629 syn-

151 2641 260 2730 diom,
286 2645 448 2725 rogantes
470 2642 580 2729 ipsum
601 2646 638 2708 ut
655 2658 715 2710 eos
736 2639 778 2708 ad
799 2657 962 2708 eameram
980 2657 1074 2707 suam
1090 2645 1289 2730 reservaret,

148 2743 200 2808 ita
235 2737 325 2827 quod
358 2738 440 2805 nulli
471 2744 665 2808 tenerentur
694 2741 819 2808 servire
845 2739 911 2806 nisi
937 2737 1011 2806 sibi.
1054 2736 1152 2818 Quod
1179 2739 1289 2807 lacere

148 2839 270 2928 noluit,
298 2841 332 2904 et
356 2837 422 2906 lroo
448 2841 527 2924 quia
551 2839 586 2905 in
613 2840 744 2907 civitate
770 2838 902 2926 Pisana,
930 2843 1107 2923 antequam
1135 2836 1177 2906 ad
1202 2836 1290 2906 Cor-

148 2944 267 3006 tonam
290 2937 372 3026 iret,
406 2953 466 3024 per
492 2939 689 3026 episeopum
713 2935 886 3005 Aretinum
917 2935 979 3003 luit
1005 2936 1067 3004 sibi
1094 2939 1288 3027 intimatum,

149 3035 247 3124 quod
269 3034 413 3103 Cortona
431 3042 503 3103 erat
524 3037 669 3104 eeclesie
694 3033 847 3122 Aretine3
875 3041 909 3102 et
929 3034 971 3102 de
991 3035 1055 3103 hoe
1071 3036 1209 3104 volebat
1235 3035 1289 3104 la-

149 3151 234 3204 oere
259 3133 355 3202 iidem
382 3133 491 3202 dietus
519 3138 698 3223 episeopus
724 3153 785 3223 per
801 3134 1010 3223 privilegium
1031 3133 1144 3202 Karoli
1160 3133 1288 3224 Magni,

149 3235 212 3321 qui
229 3250 299 3300 eam
314 3234 459 3300 eoelesie
477 3230 615 3302 Aretine
633 3232 733 3323 dedit,
762 3239 795 3300 et
814 3250 876 3321 per
899 3233 1183 3302 confirmationem
1201 3234 1292 3302 mul-

148 3343 263 3401 torum
288 3333 429 3400 aliorum
452 3333 697 3421 imperatorum.
738 3329 926 3419 Antequam
944 3333 1121 3420 privilegia
1140 3351 1201 3400 sua
1224 3349 1290 3399 ve-

147 3433 273 3521 nirent,
298 3448 359 3520 pro
387 3431 505 3518 quibem
532 3432 725 3500 miseratio
751 3426 910 3519 Aretium,
937 3429 1062 3517 plaouit
1086 3430 1171 3521 Deo,
1200 3429 1291 3518 quod

149 3530 265 3598 dietus
282 3532 464 3618 episeopus
477 3531 512 3597 in
529 3531 614 3597 Pisis
629 3531 728 3598 linem
740 3531 898 3597 universe
917 3532 1024 3598 earnis
1043 3532 1290 3614 estingressus.

145 3627 251 3699 Unde
268 3627 436 3718 recordor,
464 3628 555 3714 quod
573 3631 750 3718 imperator
768 3630 918 3716 precepit
935 3628 1005 3696 lieri
1026 3631 1289 3716 instrumentum,

147 3726 249 3817 quod
264 3727 453 3796 fidelitatem
472 3726 726 3796 Cortonensium
746 3733 918 3815 reeeperat
937 3727 1031 3796 salvo
1052 3729 1123 3794 iure
1143 3725 1288 3794 eoelesie

144 3826 302 3916 Aretine,
328 3825 477 3894 nondum
503 3832 614 3894 tamen
640 3827 706 3894 sibi
733 3825 901 3893 deolarato
927 3843 992 3892 neo
1017 3831 1166 3894 ostenso.

230 3925 281 3994 De
308 3923 455 3994 Cortona
478 3927 631 3993 venimus
653 3922 822 4016 metium,
850 3926 906 4011 qui
931 3926 1041 4012 ipsum
1066 3941 1140 3991 oum
1164 3921 1291 4009 garrdlo

146 4029 354 4114 receperunt
369 4031 403 4092 et
426 4023 617 4093 fidelitatem
633 4023 792 4092 lecerunt.
831 4023 869 4091 ln
894 4022 950 4091 illo
976 4023 1052 4090 loco
1078 4020 1148 4090 sere
1175 4039 1291 4090 omnes

145 4129 404 4195 renovaverunt
423 4125 616 4213 iuramenta,
645 4123 746 4211 aliqui
763 4121 986 4213 personaliter
1007 4119 1109 4207 aliqui
1126 4137 1187 4209 per
1205 4138 1291 4209 syn-

146 4223 267 4314 dioos,
295 4223 356 4310 qui.
373 4222 508 4292 domiuo
523 4221 717 4311 Pandulpho
741 4227 775 4291 et
795 4220 872 4288 mihi
890 4221 1089 4288 iuraverant.
1120 4219 1160 4288 ln
1176 4217 1291 4290 Aretio
