3052 4878
466 223 581 270 nracunr
602 225 647 270 rr.
669 223 812 271 nonnoni.
833 224 966 270 aarnrro.
1211 197 1280 267 123

144 361 243 430 Petro
260 360 394 450 bonam,
421 368 521 449 prout
536 366 570 430 in
586 363 702 431 litteris
718 365 840 432 vestris
858 366 1056 453 continetur,
1084 365 1174 452 quod
1188 357 1282 435 licuit
1300 377 1367 432 lata

146 466 247 547 atque
266 460 355 550 licet,
382 461 461 527 lieet
477 460 590 549 plures
610 461 723 530 clerici
741 460 947 531 dominorum
965 462 1179 532 cardinalium
1196 484 1282 535 sen-

144 561 245 626 tirent
271 560 481 649 contrarium,
508 577 577 629 non
593 560 757 629 dubitavit
777 561 868 648 quod
889 563 924 628 in
943 563 1160 649 processibus
1189 571 1283 632 esset

147 657 319 748 delectus,
347 676 390 726 ex
416 676 483 746 quo
509 678 569 749 per
597 665 709 728 tantos
737 666 770 728 et
796 677 870 728 cum
896 665 988 729 tanta
1012 659 1185 747 diligentia
1211 669 1283 732 erat

145 757 369 825 examinatum
404 763 438 824 et
463 775 536 826 cum
569 763 661 827 tantu
697 759 845 847 periculo
872 777 988 828 eorum
1014 760 1062 828 eis
1083 767 1164 830 noto
1192 763 1282 832 siin

145 857 196 924 eis
223 854 376 924 delectus
402 855 522 943 aliquis
548 859 763 926 inveniretur.

219 955 300 1023 Post
328 955 392 1023 heo
420 957 493 1044 ipse
519 962 610 1025 motu
632 958 776 1047 iustitie,
804 957 890 1028 sicut
915 961 948 1026 in
974 977 1049 1028 mea
1074 959 1281 1028 conscientia

143 1051 258 1142 credo,
287 1055 486 1122 sententiam
511 1056 658 1145 protulit,
686 1056 831 1125 sednon
853 1058 1006 1126 simulde
1026 1057 1190 1147 omnibuS,
1217 1075 1281 1126 nec

141 1153 179 1219 in
205 1150 326 1220 eodem
352 1152 417 1242 die,
444 1154 523 1222 lieet
547 1157 581 1222 in
608 1154 725 1223 eadem
751 1156 895 1247 civitate,
922 1163 1022 1246 prout
1046 1156 1124 1225 mihi
1149 1155 1281 1225 videtur

142 1249 188 1318 ad
202 1268 355 1339 presens,
387 1252 429 1319 Et
453 1255 487 1320 in
508 1272 582 1321 mea
600 1255 806 1322 conscientia
828 1255 937 1324 adhuc
956 1257 1076 1346 sentio,
1104 1255 1195 1343 quod
1215 1275 1280 1323 au·-

145 1349 263 1418 daoius
287 1349 329 1418 de
346 1352 461 1418 maiori
478 1357 512 1420 et
528 1353 660 1438 magnis
679 1354 908 1423 executionem
936 1356 1103 1424 sententie
1129 1353 1279 1444 iecisset,

142 1450 174 1517 si
199 1451 377 1539 potuisset,
405 1468 504 1536 quam
531 1454 655 1539 scripto
679 1457 713 1520 et
728 1451 831 1520 verbo
858 1454 1041 1543 protulerit,
1068 1455 1102 1520 in
1123 1451 1188 1522 hoc
1205 1453 1279 1521 Deo

141 1546 287 1616 credens
312 1547 455 1637 placere.
501 1549 552 1618 De
578 1551 760 1618 minoribus
788 1557 821 1619 et
850 1551 1057 1620 multitudine
1084 1569 1152 1618 non
1179 1550 1279 1620 oredo

141 1653 279 1735 propter
313 1666 406 1715 suam
440 1650 614 1716 maximam
648 1651 916 1738 compassionem
941 1657 976 1718 et
1008 1649 1278 1739 misericordiam,

142 1744 237 1832 quod
262 1744 305 1813 de
331 1748 425 1837 ipsis,
453 1754 611 1834 quantum
638 1748 680 1816 ad
707 1751 826 1838 omnia,
855 1751 883 1816 si
897 1750 1074 1839 potuisset,
1103 1751 1279 1817 executio-

142 1861 221 1912 nem
246 1845 370 1914 iustitie
397 1845 545 1937 iecisset,
573 1846 634 1915 sed
661 1853 820 1934 quantum
847 1847 889 1916 ad
916 1848 1027 1935 aliqua
1054 1847 1165 1916 crede.

219 1941 271 2011 De
287 1941 401 2013 Aratio
421 1948 565 2012 recessit
582 1945 736 2015 dominus
752 1948 930 2034 imperator
946 1949 1032 2014 circa
1050 1945 1171 2013 lestum
1188 1946 1280 2013 nati·
1295 1961 1369 2001 sarr.

143 2042 260 2108 vitatis
295 2042 392 2112 beate
426 2037 605 2130 Virginis1.
654 2045 695 2112 Et
719 2047 822 2133 prima
850 2051 949 2113 noete
975 2043 1036 2112 luit
1060 2046 1094 2112 in
1122 2046 1281 2113 comitatu
1321 2016 1339 2068 ⁸

140 2139 337 2209 Florentino
371 2148 447 2210 ante
475 2148 618 2210 castrum
644 2143 769 2212 Montis
798 2143 913 2212 Wardi
924 2137 944 2212 ².
993 2143 1152 2212 Homines
1180 2145 1280 2211 castri
1385 2201 1388 2207 .

139 2257 239 2306 mane
265 2238 445 2309 lurtissime
472 2240 693 2310 defenderunt
719 2261 758 2310 se
782 2249 898 2311 contra
922 2242 1067 2311 insultus
1091 2243 1281 2310 Theot'oni-

141 2355 267 2406 corum.
306 2339 344 2406 ln
369 2342 522 2428 vesperis
549 2339 617 2408 duo
644 2341 762 2408 iratres
786 2341 1016 2409 Predioatores
1044 2341 1086 2408 de
1112 2347 1282 2408 conventu

140 2436 346 2527 Florentino,
375 2457 513 2525 quorum
531 2457 617 2506 unus
640 2439 699 2508 luit
725 2440 766 2507 de
790 2440 848 2508 illo
865 2441 952 2530 loco,
981 2446 1014 2507 et
1034 2439 1168 2526 quidam
1188 2441 1280 2508 cives

138 2531 280 2627 Aretini,
302 2535 465 2604 habentes
483 2539 516 2604 in
535 2536 623 2606 dioto
642 2543 753 2607 castro
771 2540 907 2628 aminea,
924 2540 1130 2606 intraverunt
1147 2537 1189 2604 ad
1208 2555 1278 2628 eoa,

141 2639 177 2701 et
204 2637 252 2702 eis
286 2637 433 2724 pericula
460 2635 697 2726 ostendentes,
725 2655 785 2706 eos
817 2636 1019 2704 induxerunt
1043 2635 1086 2703 ad
1112 2635 1280 2704 obedien-

140 2733 238 2823 tiam,
272 2753 371 2821 quam
397 2737 430 2802 in
456 2753 553 2802 mane
579 2733 746 2826 lecerunt,
770 2735 1037 2804 'misericordiam
1072 2736 1279 2822 imperatoris

140 2831 376 2924 deprecantes,
405 2833 496 2920 quod
522 2836 556 2901 in
583 2851 723 2923 corpore
750 2839 784 2902 et
808 2836 842 2902 in
868 2835 966 2904 rebus
991 2834 1096 2904 vellet
1122 2835 1172 2902 eis
1196 2852 1278 2923 par·

142 2947 231 2998 cere.
263 2929 364 3012 Quod
391 2933 535 3000 etfacit

216 3027 330 3099 Altero
353 3029 407 3099 die
431 3034 523 3100 venit
538 3034 716 3119 imperator
737 3030 780 3099 ad
804 3036 948 3100 castrum
976 3033 1083 3100 sancti
1108 3029 1281 3099 Iohannis·

136 3128 182 3196 Et
208 3136 385 3216 postquam
412 3129 567 3198 viderunt
593 3131 640 3197 illi
667 3129 709 3198 de
737 3135 857 3221 castro,
885 3129 976 3218 quod
1003 3148 1101 3219 aqua,
1130 3147 1197 3217 que
1220 3148 1281 3218 per

137 3226 252 3294 villam
278 3228 452 3318 transibat,
478 3229 520 3296 ab
547 3230 597 3297 eis
623 3230 872 3319 removebatur,
901 3247 965 3298 nee
990 3227 1150 3316 impedire
1176 3234 1280 3316 pote-

139 3330 220 3392 rant
236 3327 422 3414 aliqualiter
447 3333 524 3396 ante
543 3345 657 3396 eorum
683 3327 956 3418 destructionem,
982 3327 1204 3396 mediantibus
1224 3332 1280 3394 ta·-

141 3441 224 3491 men
245 3425 443 3512 quibusdem
462 3427 623 3516 patriotis,
651 3433 796 3494 castrum
818 3425 1033 3494 reddiderunt
1053 3425 1095 3494 ad
1113 3428 1279 3495 omnimo-

139 3522 221 3590 dam
244 3524 451 3593 voluntatem
475 3543 567 3594 suam
588 3524 785 3593 faciendam.
827 3524 875 3592 lbi
893 3532 988 3593 erant
1005 3527 1091 3593 circa
1109 3527 1280 3612 quinqua-

139 3623 240 3708 ginta
272 3623 405 3692 nobiles
440 3623 525 3692 bene
559 3625 594 3691 in
630 3625 745 3713 equis,
774 3624 980 3710 stipendiarii
1004 3625 1278 3711 Florentinorum,

136 3721 286 3788 natione
298 3721 482 3812 Cathalani,
510 3723 553 3790 ud
566 3721 752 3790 custodiam
765 3725 863 3790 castri
881 3725 983 3814 missi,
1001 3725 1197 3808 ignorantes
1215 3737 1278 3787 vo·

132 3819 287 3888 luntates
306 3809 587 3912 commorando
612 3821 836 3889 marescalcus
852 3823 985 3891 intravit
1009 3828 1042 3890 et
1063 3839 1122 3891 eos
1148 3823 1277 3908 captos,

136 3917 291 3986 dimissis
318 3922 415 4007 equis
443 3939 557 3990 eorum
575 3926 609 3988 et
634 3921 733 3988 armis
759 3921 1000 4008 indigentibus,
1028 3921 1071 3989 ad
1096 3921 1279 4006 imperato-

137 4035 216 4086 rem
241 4017 389 4087 adduxit.
447 4016 522 4110 Qui,
549 4019 627 4087 licet
651 4019 763 4107 plures
790 4023 953 4088 instarent
978 4020 1069 4106 quod
1086 4016 1280 4105 suspende-

174 4171 210 4234 1)
229 4169 288 4224 llrst
306 4172 393 4236 einige
412 4175 471 4236 tage
490 4171 573 4224 nach
591 4171 672 4226 Maria·
690 4173 782 4240 geburt
799 4173 909 4228 verlioss
926 4169 1048 4226 lleinriclr
1066 4169 1172 4227 Arezzo.
1191 4169 1279 4236 Vorgl.

132 4239 249 4294 vorher.
286 4239 316 4306 2)
336 4239 426 4296 Monte
444 4239 538 4294 Varohi
555 4255 596 4294 am
613 4239 693 4295 Arno.
