3028 4878
264 187 336 256 460
636 217 763 263 nrcunrru
785 215 1016 262 aanorroaansrs.

260 353 413 443 polensis
441 371 591 422 amenum
618 347 830 422 fortalioium¹
857 371 918 421 seu
936 356 1079 421 castrum
1099 352 1221 421 dietum
1239 353 1396 422 Wellrer-

262 453 370 524 husen
389 453 498 520 militis
511 451 651 521 Gotlridi
665 453 706 520 do
720 451 915 543 Eokesdori,
931 454 1030 520 situm
1041 453 1102 519 snb
1120 451 1395 521 oastroLandes-

262 570 335 620 wer
348 569 452 640 propo
470 550 603 639 opidum
613 551 830 641 ltlayningen
857 557 894 619 ut
908 569 1023 619 revera
1033 550 1227 640 speluncam
1236 550 1395 622 latronum

263 650 424 719 bollioose
442 650 575 718 obsedit
592 652 796 739 expugnavit
814 650 957 737 leoitque
976 649 1125 718 funditus
1142 649 1303 718 demoliri.

181 750 248 803 tsstl
338 750 478 836 Insuper
500 767 634 836 quoque
659 767 747 818 anno
770 748 893 817 domini
920 750 1132 817 m.ooo.xl.nn.
1166 750 1255 816 oiroa
1279 747 1397 817 osum

186 834 245 876 “¹¹¹
264 849 433 938 pasobatis
468 847 609 916 dissidio
639 866 843 934 gwerrarum
877 849 1094 935 interipsum
1122 845 1277 916 Ottonem
1305 849 1397 936 epis-

264 965 381 1036 oopum
418 946 712 1038 Herbipolensem,
747 949 781 1015 in
808 948 860 1014 sui
894 946 1077 1015 subsidium
1112 945 1288 1014 habentem
1321 952 1399 1015 tono

262 1047 485 1115 venerabilem
518 1045 686 1117 dominum
711 1046 901 1114 Heinrioum
928 1045 970 1113 de
997 1045 1186 1131 Virneburg
1212 1045 1397 1135 arehiepis-

262 1163 381 1234 oopum
403 1145 636 1231 Mogontinum
656 1151 690 1213 et
708 1145 911 1233 speolabiles
932 1150 1107 1231 magnates
1126 1145 1318 1212 Heinrioum
1335 1162 1396 1214 oo-

260 1245 371 1312 mitem
391 1243 432 1311 de
457 1243 686 1330 Hennenberg
701 1246 863 1312 iuniorem
883 1249 916 1310 et
932 1245 1171 1333 potenoiorem,
1199 1244 1397 1312 existentem

261 1341 393 1430 quidem
421 1361 606 1431 supremum
634 1344 853 1412 marsoalkum
880 1359 920 1410 ao
936 1343 1173 1428 burggravium
1199 1343 1307 1430 ipsius
1334 1361 1395 1412 eo-

261 1441 364 1509 olesie
387 1441 651 1532 Herbipolensis
678 1442 860 1510 Iohannem
883 1443 1117 1528 burggravium
1136 1440 1178 1508 de
1198 1440 1397 1528 Nurenberg

259 1540 413 1628 aliosque
447 1539 601 1610 dominos
635 1543 774 1610 eomites
801 1547 835 1608 et
860 1541 1004 1610 barones
1036 1540 1250 1628 quamplures
1276 1539 1396 1609 oonle-

259 1631 418 1708 deratos²
444 1646 478 1707 et
493 1639 556 1707 sibi
573 1641 786 1728 ipsorummet
806 1639 951 1727 dampno
974 1639 1145 1708 adiutores
1165 1656 1226 1707 sue
1254 1640 1396 1708 eoolesie

259 1738 514 1827 Herbipolensis
537 1756 578 1808 ox
597 1757 674 1829 una,
703 1746 736 1807 et
755 1756 836 1807 suos
855 1739 947 1806 aives
965 1737 1230 1827 Herbipelenses
1257 1744 1291 1806 et
1312 1757 1410 1808 oon-

258 1838 385 1906 iuratos
403 1838 468 1905 beu
486 1844 564 1905 tuno
582 1856 655 1905 eum
682 1837 818 1906 domino
843 1836 1026 1905 Lodewioo
1053 1844 1132 1906 nato
1159 1836 1292 1924 quidem
1314 1837 1400 1906 duoe

256 1937 397 2005 Bavarie
432 1942 468 2004 ut
499 1939 698 2025 imperatore
731 1936 952 2006 Romanorum
980 1942 1097 2023 quarto
1125 1941 1158 2004 et
1184 1936 1339 2025 opidanis
1364 1939 1400 2005 in

202 2067 203 2072 ,
257 2033 454 2120 Nurenberg
472 2035 698 2121 Wizzenburg
713 2034 906 2122 Rotenburg
924 2041 957 2102 el.
978 2035 1245 2126 Windensbeim,
1272 2036 1314 2104 ab
1333 2035 1399 2104 alia

257 2136 370 2222 parte,
398 2131 561 2200 suadente
589 2132 734 2222 dyabolo
765 2134 870 2224 proob
896 2133 992 2202 dolor
1019 2136 1201 2223 suscitato,
1229 2140 1264 2202 et
1288 2153 1396 2223 usque

257 2230 300 2299 ad
328 2249 459 2300 messes
486 2237 565 2300 tuno
590 2222 758 2320 proximas
785 2235 988 2323 continuato,
1013 2233 1238 2301 maobinarum
1266 2234 1399 2321 quidem
1504 2307 1505 2322 ,

257 2331 331 2398 aliis
373 2348 507 2419 quoque
546 2330 780 2400 diversimodis
814 2332 942 2400 belliois
981 2333 1194 2420 apparatibus
1228 2333 1400 2402 utrinlibet

255 2429 422 2497 hostiliter
443 2432 639 2520 preparatis,
667 2430 800 2498 tandem
817 2429 950 2498 invente
970 2432 1063 2518 pacis
1083 2436 1229 2521 arrotore,
1257 2450 1395 2522 prorsus

257 2529 379 2617 quippe
414 2527 579 2597 dissoluta
611 2529 721 2598 debite
755 2531 879 2597 unione
907 2531 1078 2598 coniurata
1103 2537 1271 2620 prolaeta,
1300 2549 1397 2599 oom-

254 2629 440 2714 posioionis
473 2628 652 2696 oonoordia
684 2647 771 2716 equa
798 2633 831 2695 et
857 2629 976 2717 amieo,
1010 2645 1078 2696 non
1106 2631 1178 2696 sine
1206 2630 1395 2698 exoellente

254 2725 362 2811 gloria
388 2732 421 2794 et
447 2725 573 2795 bonore
599 2727 705 2814 ipsius
731 2727 874 2795 eoelesie
900 2726 1154 2814 Herbipolensis
1179 2728 1213 2794 in
1236 2731 1347 2817 eapite
1363 2733 1397 2797 et

253 2824 290 2892 io
306 2825 470 2914 membris,
498 2843 560 2892 neo
579 2827 677 2893 etiam
697 2826 824 2913 absque
841 2843 964 2911 magno
992 2830 1026 2893 et
1051 2826 1220 2911 gaudioso
1248 2827 1393 2918 tripudio

254 2940 295 2990 ao
321 2922 496 2992 oomrnodo
523 2924 745 3011 prediotorum
773 2924 892 2993 oivium
918 2917 1125 2994 intervenit³.

256 3123 309 3188 tus
335 3119 488 3188 dominus
516 3123 695 3210 episoopus
722 3124 756 3190 in
782 3139 927 3210 persona
953 3123 1103 3213 propria,
1129 3128 1167 3191 ut
1192 3141 1311 3190 revera
1336 3124 1395 3191 in·
1501 3113 1502 3116 '

255 3220 490 3308 expugnabilis
508 3239 618 3308 ymmo
637 3223 740 3289 eoiam
757 3221 838 3289 alias
866 3222 980 3308 sepius
999 3223 1200 3290 viatoriosus
1227 3224 1393 3311 existens,

255 3319 482 3405 sollempniter
498 3326 531 3387 et
548 3325 703 3408 potenter
730 3320 866 3389 devenit
891 3319 934 3387 ad
952 3337 1089 3410 oampos
1110 3319 1200 3408 opidi
1217 3320 1398 3389 Franlren-

254 3414 338 3506 iurd,
367 3422 479 3485 ereoto
505 3419 580 3486 solo
606 3418 744 3488 banerio
772 3437 834 3487 seu
859 3419 983 3487 vexillo
1011 3420 1157 3488 eoelesie
1185 3437 1247 3487 sne
1270 3419 1398 3488 Herbi-

251 3516 418 3605 polensis,
446 3533 519 3584 oum
546 3516 817 3608 quadringentis,
846 3535 957 3606 ymmo
983 3536 1099 3588 revera
1125 3518 1296 3608 pluribuS,
1324 3519 1396 3588 suis

250 3614 377 3683 sedulis
405 3615 620 3684 servitoribus
642 3616 797 3685 militibus
821 3622 855 3684 et
870 3618 1040 3702 armigeris
1058 3617 1201 3703 galeatis
1219 3636 1259 3686 ae
1277 3635 1394 3686 eornm

201 3713 203 3720 '
251 3713 452 3801 sequaoibus
480 3716 684 3800 ootingentis
716 3715 934 3804 pluribusque
961 3719 1116 3806 armatis,
1142 3717 1177 3783 in
1205 3716 1395 3785 subsidium

250 3818 450 3901 oportunum
484 3815 628 3882 eoolesie
662 3813 862 3901 Mogontine
898 3831 958 3884 sue
991 3815 1246 3904 metropolitane
1275 3821 1395 3885 eontra
1498 3841 1499 3844 ¹

286 4022 316 4086 1)
335 4019 479 4074 lorolioium
506 4021 545 4075 bs.
597 4022 629 4087 2)
656 4021 703 4074 der
727 3983 877 4076 bundwar
900 4023 1071 4092 gesoblossen
1095 4037 1127 4077 zu
1149 4022 1327 4078 Piarrlireben
1351 4021 1396 4076 bei

251 4087 425 4143 Sobweinsurt
448 4104 488 4142 am
507 4091 539 4143 15
557 4092 621 4160 april
645 4091 718 4144 lsai.
755 4091 841 4157 Vargl.
865 4089 927 4159 Reg.
953 4092 1023 4146 Boio.
1045 4092 1071 4156 8,
1091 4093 1130 4145 ll.
1183 4092 1214 4158 3)
1239 4092 1326 4160 Vergl.
1351 4089 1395 4142 dre

251 4155 331 4211 durab
355 4157 557 4211 sobiedsrlcbter
582 4159 718 4225 gemaebte
742 4159 860 4227 riobtung
886 4161 910 4215 d.
935 4159 958 4216 d.
982 4157 1394 4229 Wirzborg22oot.13llber'

252 4223 336 4292 biinig
354 4223 533 4278 Reiolrsarebiv
551 4227 592 4292 tl,
611 4224 669 4278 950.
1248 4226 1252 4231 ’
