3028 4878
447 271 573 319 nnrcnnr
595 272 845 330 nnncnnnncnnsls
865 267 1018 323 nlcrlucn.

159 407 263 477 bliohi
286 410 392 497 longo
420 416 578 501 tempore,
605 410 716 481 donce
739 412 840 482 vitam
867 413 972 483 linivit

160 507 344 597 Imperator
368 507 570 599 Arnrrlpbus.
598 510 693 578 Tunc
718 511 791 580 cius
818 529 1037 582 successores

160 606 237 674 Nou
262 613 435 695 pareutum
462 626 564 696 opera
591 610 771 678 servabant
795 629 906 698 neque
931 629 1052 682 mores.

159 704 310 792 Ipsorum
335 712 514 796 propterca
540 711 710 776 consortia
737 709 847 798 vitari,

159 802 294 871 lllcsam
321 809 431 874 tamen
457 804 557 874 fidem
584 807 755 875 Germanis
781 807 968 878 observavi.

159 901 242 970 Nam
268 909 348 990 post
373 903 437 972 hcc
463 901 540 972 Otto
567 906 702 995 primus,
730 905 806 974 dum
831 907 915 974 meis
942 909 1111 998 coaptavit

161 999 205 1068 Se
231 1007 416 1090 promptum
444 1003 599 1094 servitiis²
626 1021 701 1071 mea
727 1005 847 1072 virtute
873 1007 990 1075 stravit

159 1096 340 1187 Apodritas
363 1101 517 1170 sorabos
545 1107 577 1169 et
603 1102 688 1170 alios
716 1101 911 1172 Solavorum

160 1194 211 1264 Ao
236 1198 401 1267 Dacorum
427 1201 583 1289 populos,
610 1218 676 1270 nec
701 1219 770 1270 non
796 1201 1001 1271 Ytalicomm

159 1296 338 1387 Populum,
367 1299 423 1385 qui
451 1303 602 1368 cessarat
628 1318 645 1366 a
672 1317 747 1368 meo
773 1301 853 1386 iugo
882 1301 1026 1394 pridem,

157 1393 302 1463 Reduxit
327 1396 468 1464 feliciter
493 1396 536 1464 ad
563 1414 669 1466 meam
695 1399 827 1486 plenam
853 1399 962 1468 briem.

157 1493 314 1579 Ungaros
340 1500 418 1563 tuno
444 1513 598 1584 paganos
625 1513 748 1582 magna
774 1496 857 1565 cede
882 1499 1078 1590 prostravit,

156 1589 311 1661 Rebelles
338 1594 438 1661 modo
465 1602 586 1679 gentes
612 1595 769 1682 plurimas
797 1597 978 1684 superavit.

157 1689 254 1758 More
280 1693 393 1778 magni
420 1692 531 1760 llaroli
558 1690 636 1761 Otto
661 1711 804 1780 magnus
832 1701 885 1762 est
910 1693 1037 1785 dictus,

156 1787 263 1858 Multa
289 1792 377 1859 sicut
401 1789 543 1860 Karolus
569 1791 658 1859 bella
684 1794 792 1878 gessit
816 1794 970 1862 invictus.

157 1887 240 1955 Post
267 1886 423 1958 Ottoncm
451 1890 558 1980 lilius,
585 1890 662 1958 binc
687 1908 795 1979 nepos
822 1897 1065 1982 regnaverunt,

157 1983 221 2066 Qui
247 1987 345 2055 michi
371 1987 511 2056 lelicilcr
537 2006 578 2056 ac
604 1988 691 2056 bene
719 1991 914 2058 servierunt.

157 2084 237 2153 Post
262 2103 321 2173 per
348 2087 548 2154 electionem
574 2093 734 2175 ceperunt
758 2082 999 2157 Romanorum¹

156 2183 321 2272 Imperare
347 2185 525 2273 principes.
559 2185 610 2252 Ex
635 2191 715 2256 tunc
739 2186 851 2275 plures
878 2204 992 2255 eorum

154 2279 341 2367 Regnando
368 2282 644 2380 legaliter,miobi
671 2285 961 2374 complacuerunt,

158 2378 339 2448 Commune
366 2399 474 2448 meum
500 2381 624 2448 bonum
649 2383 780 2469 privato
806 2383 1024 2471 protulerunt.

154 2474 207 2544 Ad
234 2478 298 2546 hec
324 2485 423 2563 gesta
448 2484 608 2546 strennua
633 2481 789 2568 precipue
815 2482 970 2550 iuverunt

154 2575 294 2644 Nobiles
321 2577 512 2667 Germanic,
548 2579 604 2664 qui
636 2596 696 2667 pro
731 2587 809 2646 tunc
836 2580 1017 2647 extiterunt

153 2672 376 2744 Romanorum
403 2674 561 2744 Cesaram
588 2674 708 2744 lidelcs
737 2677 933 2766 servitorcS,

153 2773 208 2840 Ac
234 2772 351 2841 lervidi
376 2775 494 2842 iurium
519 2791 668 2843 meorum
693 2775 870 2843 zelatores.

159 2868 242 2949 Quis
268 2871 401 2940 labores
428 2874 589 2940 maximos
615 2872 714 2961 plene
741 2879 860 2961 posset
886 2869 1020 2962 reterre,

154 2966 249 3047 Quos
283 2968 469 3055 gaudenter
501 2971 625 3059 placuit
660 2973 709 3038 eis
735 2989 796 3059 pro
823 2989 875 3038 mc
903 2969 1071 3037 sullcrrc‘l
1175 2950 1177 2964 ’

153 3066 205 3134 Ex
229 3067 344 3134 borum
371 3069 477 3154 gestis
503 3086 611 3156 pauca
635 3069 668 3136 in
695 3070 838 3137 cronicis
865 3068 1071 3156 scribuntur,

153 3165 191 3232 In
217 3164 341 3234 mundo
367 3183 427 3254 pcr
454 3184 505 3234 mc
532 3166 639 3235 solam
666 3167 728 3234 bec
755 3169 865 3236 omnia
900 3162 1082 3235 sciuntur.“

228 3358 300 3427 lliis
328 3360 424 3430 dictis
451 3362 589 3431 obticuit
614 3365 709 3450 rugo
735 3364 835 3451 pleno
862 3363 1004 3453 decore,

153 3457 196 3525 Et
219 3456 305 3526 llcns
332 3458 416 3528 ludit
441 3461 594 3529 lacrimas
621 3481 694 3530 cum
720 3463 864 3547 gemitus
899 3482 1039 3534 merore.

1157 3465 1294 3549 ‚190

189 3650 218 3716 l)
238 3652 331 3708 Glossc
350 3653 397 3708 des
415 3653 554 3720 originale:
581 3655 641 3708 Post
658 3667 706 3723 per
725 3656 890 3710 electionem.
914 3656 970 3710 Hoc
988 3655 1046 3708 dico
1066 3653 1123 3720 quia
1142 3659 1202 3721 post
1220 3667 1292 3706 mor-

151 3723 204 3772 tcm
224 3719 329 3775 Oltonis
353 3723 443 3777 tercii.
464 3723 505 3788 qui
526 3721 569 3774 luit
584 3736 669 3790 nepos
689 3721 792 3776 Ottoms
809 3725 898 3792 primi,
916 3735 998 3789 usque
1017 3721 1049 3774 ad
1067 3727 1183 3782 tempora
1202 3728 1293 3775 nostra

149 3787 198 3839 luit
215 3791 349 3855 provisum
366 3791 474 3857 imperio
493 3803 540 3857 pcr
558 3793 870 3860 electionempriucipum
885 3793 1036 3856 electorum,
1054 3794 1082 3842 ut
1100 3791 1174 3842 ctiam
1193 3789 1247 3842 dixi
1264 3791 1292 3843 in

148 3854 268 3922 predicto
294 3861 404 3910 tractatu
432 3857 479 3923 [dc
505 3857 603 3910 iuribus
623 3861 696 3923 regni
715 3864 741 3911 et
759 3860 873 3928 imperii]
902 3873 956 3926 cap.
982 3860 1009 3912 ii.
1034 3870 1061 3909 ιιι
1084 3857 1146 3910 lmc.
1178 3856 1292 3918 Quorum

148 3923 245 3991 primus
264 3923 311 3978 luit
329 3923 464 3977 Heinricus
488 3925 618 3977 secundus
642 3929 692 3978 etc.
718 3925 780 3980 Post
803 3927 871 3980 bunc
894 3931 978 3979 autem
1005 3925 1085 3992 longo
1104 3931 1221 3994 tempore
1239 3926 1291 3978 im-

148 3993 252 4058 peravit
270 3990 416 4045 Ludovicus
435 3997 539 4059 qncmus
558 3994 610 4046 dux
630 3991 738 4046 babaric
756 3997 837 4062 magis
854 3999 1005 4047 mansuetus
1023 3997 1049 4046 et
1071 3991 1195 4060 pacificus
1215 4007 1290 4060 quam
1374 4040 1376 4044 .

148 4063 283 4124 tyrannus.
310 4059 420 4114 llicraul
439 4061 557 4129 spiitcrcr
580 4067 678 4114 zusalz:
708 4061 759 4116 Sed
785 4075 854 4115 auco
878 4063 951 4114 xxxii
975 4062 1049 4128 regni
1073 4067 1099 4113 ct
1122 4062 1167 4113 xix
1190 4063 1290 4130 imperii

148 4129 232 4246 ppslns
258 4127 356 4180 domini
383 4128 508 4181 Ludorici
537 4126 660 4181 Gerlccus
687 4135 760 4190 natus
788 4128 889 4182 Gerlaci
917 4131 1018 4182 comilis
1045 4129 1078 4181 (lc
1105 4129 1251 4184 Nazzauwe
1276 4146 1290 4184 c

166 4195 255 4246 omino
274 4195 409 4250 Clemente
427 4211 492 4264 papa
512 4200 587 4248 sexto
610 4196 637 4248 iu
656 4197 785 4252 Avioionc
810 4211 876 4250 anuo
896 4196 991 4250 domini
1010 4211 1042 4250 m.
1061 4209 1114 4250 ccc.
1132 4187 1290 4262 ulfrictc.

146 4262 181 4315 Es
201 4261 289 4328 lolgcn
307 4277 360 4316 mun
378 4263 510 4320 belamuto
528 4262 625 4318 sochen
643 4263 683 4317 bis
702 4265 747 4318 aul
761 4264 885 4334 Lndwigs
903 4265 954 4321 tod.
1051 4273 1065 4320 ἶ
1121 4275 1124 4281 ·

182 4359 434 4402 cosuunnronrus
454 4349 477 4401 l.
982 4349 983 4360 ι
1060 4345 1126 4404 31-
1170 4345 1183 4352 1.
1278 4347 1283 4352 .
