3096 4882
234 161 305 230 260
593 175 660 222 vrri
681 175 788 224 utnon
810 175 919 232 ounnrr
941 172 1000 218 rnre.

153 335 219 391 1339
233 347 322 418 pum,
356 344 430 394 oum
457 334 531 386 enm
563 339 623 411 per
655 318 818 403 integmm
844 315 931 386 diem
957 324 1189 416 expectasset,
1217 330 1251 394 et
1276 327 1369 394 acies

234 433 351 498 essent
375 431 507 514 parato,
524 419 675 511 quamvis
702 421 735 486 in
763 420 913 486 exercitu
940 418 1061 486 multos
1086 423 1255 513 principes
1280 423 1370 493 Aie-

235 529 344 596 manie
380 542 493 593 seeum
530 523 685 608 baberet,
719 517 874 586 videlicet
900 517 1019 586 ducem
1045 518 1248 612 Bravancie‚
1276 543 1369 592 mar-

234 626 386 696 chionem
410 623 633 690 iuliacensom
656 624 689 686 et
704 617 746 685 de
761 616 888 706 Monte,
905 620 1057 686 comitem
1074 620 1311 692 Fiandrensem
1328 623 1372 692 dc

234 724 382 794 interiori
405 720 593 806 diemanio3
621 719 663 787 de
683 718 848 804 superiori
873 734 953 785 vero
974 719 1195 789 marchionem
1212 722 1373 792 Misnen-

235 842 317 914 sem,
344 821 566 891 marchionem
581 816 920 902 Brandeburgensem
943 815 1043 884 filium
1061 819 1191 910 bavari,
1219 830 1252 891 et
1269 841 1371 909 quam

233 924 346 1013 piures
373 922 458 988 aiios
487 938 560 988 oum
586 917 742 1007 potencia
763 915 936 1004 Ludovici‚
964 915 1021 1002 qui
1043 917 1234 990 Ludovicus
1259 924 1372 1010 ipsum

234 1041 349 1109 regem
391 1017 512 1106 Anglie
552 1035 613 1106 per
660 1015 867 1083 Germaniam
909 1015 1068 1084 vicarium
1115 1022 1242 1109 imperii
1281 1038 1373 1088 con-

236 1123 399 1191 stituerat.

308 1221 377 1288 iliis
404 1218 524 1287 diebus
551 1233 624 1284 curn
648 1219 744 1303 pater
768 1232 863 1282 meus
885 1233 986 1283 unum
1002 1217 1133 1285 oculum
1156 1217 1374 1308 perdidisset,

235 1321 270 1387 in
297 1320 401 1387 attero
427 1317 592 1404 incipiens
618 1314 789 1403 infirmari,
817 1315 969 1382 transivit
1003 1318 1036 1384 in
1062 1314 1213 1386 Montem
1238 1319 1374 1385 Pessu-

234 1412 366 1486 ianum¹
393 1420 524 1484 secreto
560 1413 602 1482 ad
635 1412 784 1483 medicos
812 1414 841 1480 si
867 1418 987 1501 posset
1013 1419 1129 1485 curari.
1170 1415 1234 1497 Qui
1259 1423 1375 1484 tamen

236 1535 277 1586 eo
305 1523 453 1605 tempore
481 1518 660 1582 excecatus
688 1518 750 1582 est.
783 1513 858 1598 Ego
885 1531 964 1581 vero
991 1516 1213 1603 procedebam
1240 1516 1283 1584 ad
1308 1534 1374 1604 re„-

235 1633 312 1704 gem
338 1616 518 1705 Hispania,
545 1615 579 1681 in
611 1613 767 1681 auxilium
802 1612 910 1681 eidem
944 1619 1059 1681 contra
1085 1633 1200 1702 regem
1227 1615 1374 1684 Granate

234 1717 461 1804 derogandum,
489 1732 529 1782 ac
554 1719 674 1798 gentes
702 1718 736 1780 at
761 1717 939 1799 apparatus
959 1731 1052 1782 meos
1071 1715 1136 1782 iarn
1154 1717 1372 1803 promiseram

234 1816 269 1882 in
302 1815 450 1884 Montem
484 1803 678 1880 Albanum².
726 1810 793 1879 Sed
825 1817 920 1898 pater
954 1829 1047 1879 mens
1082 1815 1217 1882 retinuit
1249 1831 1300 1882 me
1334 1815 1372 1881 in

234 1914 351 1982 Monte
392 1912 566 1982 Pessrdani
605 1915 754 2000 secrete,
788 1927 858 1978 non
899 1912 1093 1999 permittens
1133 1931 1185 1982 me
1228 1914 1373 1980 transire

234 2014 384 2082 ulterius.

308 2112 349 2179 Et
375 2129 448 2178 cum
476 2111 581 2178 cunoni
608 2126 676 2176 non
699 2108 974 2197 valuissotpater
994 2129 1099 2202 meus,
1126 2114 1279 2200 processi
1302 2131 1375 2180 una

235 2227 307 2280 oum
334 2211 409 2298 ipso
441 2227 560 2278 vorsus
585 2205 785 2275 Avinionem
820 2207 863 2275 ad
889 2227 1007 2296 papam
1035 2211 1253 2280 Benedictnm
1279 2211 1372 2279 duo-

235 2311 416 2398 decimum,
452 2308 494 2376 ad
531 2307 799 2377 concordandum
830 2324 902 2374 cum
938 2326 979 2377 eo
1014 2309 1056 2378 de
1091 2309 1229 2379 denario
1261 2313 1372 2378 sancti

234 2410 331 2499 Petri,
360 2410 415 2496 qui
442 2407 596 2475 daturin
624 2405 763 2494 dyocesi
790 2406 1067 2476 Wratisiavicnsi.
1106 2409 1177 2478 Nec
1202 2416 1281 2478 tunc
1308 2408 1373 2478 init

234 2507 480 2596 concordatum,
508 2505 569 2576 sed
595 2507 751 2573 remansit
776 2506 811 2572 in
837 2505 1014 2577 discordia.
1055 2510 1180 2577 Temen
1194 2510 1226 2577 in
1245 2514 1370 2598 poste-

233 2627 304 2676 rum
331 2609 392 2676 tuit
418 2605 619 2674 concordata
645 2604 866 2693 disconduci0‚
894 2623 958 2691 que
985 2614 1055 2675 erat
1080 2609 1166 2676 inter
1193 2609 1372 2676 ecclesiam

232 2707 474 2776 Romanam-et
506 2705 625 2773 dictam
659 2703 822 2792 dyocesin
848 2722 908 2791 pro
936 2703 1071 2775 denario
1097 2709 1161 2774 iam
1187 2706 1289 2776 dicto.
1328 2708 1373 2776 Et

234 2807 279 2874 ibi
305 2806 402 2874 nobis
430 2803 651 2873 existentibus
678 2802 827 2871 confessi
852 2802 972 2872 inimus
999 2805 1107 2874 eidem
1132 2825 1220 2895 pape
1242 2807 1284 2874 dc
1311 2808 1370 2874 vi-

235 2907 331 2974 sione
358 2903 455 2974 nobis
482 2901 568 2970 iectu
593 2901 635 2969 de
652 2902 818 2989 Delphino
841 2901 1017 2990 Vyonensi
1043 2923 1115 2972 cum
1142 2905 1307 2974 ineramus
1334 2909 1370 2974 in

235 3005 356 3093 Ytalia‚
384 3020 448 3090 que
475 3002 630 3091 superius
656 3005 862 3069 memoratur.
898 3003 1023 3071 tamen
1049 3022 1110 3093 pro
1138 3010 1285 3095 tempore
1311 3006 1369 3074 iiio

234 3109 342 3171 visum
369 3101 446 3186 init,
474 3100 564 3189 qrrod
590 3099 707 3167 meiius
735 3107 827 3167 esset
856 3106 965 3170 tacere
990 3109 1127 3191 propter
1153 3105 1282 3192 aliquas
1308 3123 1369 3172 ra-

237 3203 372 3290 ciones,
410 3219 508 3287 quam
541 3201 624 3288 patri
663 3217 737 3267 meo
773 3198 884 3267 dicere
925 3219 986 3270 seu
1020 3203 1179 3272 revelare.
1222 3205 1262 3272 Et
1295 3221 1369 3270 oum

234 3300 358 3369 ibidem
385 3316 538 3368 essemus
559 3303 637 3386 aput
657 3317 787 3387 papam,
806 3299 922 3368 Petrus
939 3301 1107 3387 quondam
1130 3303 1234 3372 abbas
1250 3303 1371 3371 Fisce-

235 3402 362 3490 nensis‚
388 3399 639 3467 Lemovioensis
661 3397 820 3486 dyocesis
843 3399 1016 3489 oriundus,
1034 3407 1206 3489 promotus
1222 3404 1256 3470 in
1274 3403 1370 3492 epis-

236 3518 354 3588 copum
380 3495 710 3587 Atttsstodomnsem
738 3497 868 3566 demum
894 3499 929 3565 in
954 3500 1240 3590 archiepiscopum
1256 3501 1372 3570 Seno·-

236 3617 394 3686 nenscm‚
427 3601 507 3686 post
537 3596 599 3663 bec
625 3595 806 3664 translatus
830 3598 865 3664 in
892 3598 1214 3688 archiepiscopatum
1241 3598 1372 3670 Rotbo-

236 3701 461 3786 magiensem‚
496 3701 644 3784 tempore
678 3695 734 3764 itio
768 3696 949 3784 episcopus
984 3699 1159 3787 presbyter
1193 3699 1371 3769 cardinalis

236 3798 332 3886 tytuli
359 3802 549 3867 sanctorum
575 3801 751 3882 martyrum
768 3794 869 3863 Nerei
895 3801 929 3863 et
950 3793 1103 3887 Achillei,
1130 3798 1172 3867 de
1199 3817 1266 3887 quo
1293 3805 1374 3868 anto

237 3897 368 3966 mencio
401 3894 489 3964 iacta
523 3900 590 3984 est,
625 3894 681 3981 qui
715 3891 777 3961 tuit
808 3892 851 3962 de
886 3896 1028 3965 consilio
1055 3899 1145 3984 regis
1171 3897 1313 3987 Philippi
1339 3906 1376 3968 et

238 4014 349 4064 coram
377 4012 418 4064 eo
445 3994 672 4063 celebraverat
698 3994 834 4060 missam
860 3994 893 4061 in
922 3994 977 4062 dio
995 3996 1152 4087 cinerum,
1179 4004 1276 4087 prout
1294 4007 1375 4068 anto

238 4093 358 4162 dictum
387 4098 448 4164 est.
486 4093 519 4162 is
554 4097 727 4180 receperat
761 4110 812 4159 mo
846 4094 880 4159 in
907 4092 1039 4164 domum
1067 4113 1176 4187 suam,
1203 4115 1255 4165 me
1282 4115 1378 4166 mar·

273 4210 303 4274 1)
322 4209 497 4279 ittontpeitier.
532 4211 563 4276 2)
582 4209 747 4266 Mentauban.
