3002 4880
275 135 323 206 tt
588 164 732 212 ouromcr
754 164 791 211 ou
812 165 911 212 rnsrrs
932 165 1100 214 rnrncrrorr.

274 309 380 374 morte
406 305 542 392 dignum
568 302 699 372 dicens:
727 301 894 388 Occidet,
919 304 1027 372 occidi
1050 305 1204 373 mouisti.
1253 305 1396 376 Vooans·

276 423 340 493 qne
376 423 477 472 unum
511 401 554 471 de
587 402 760 471 clientibus
795 403 865 470 suis
888 404 990 487 jussit
1015 404 1045 472 ei
1070 406 1177 472 vioem
1204 405 1395 494 rependere3

276 507 331 591 qui
363 509 397 571 et
429 503 595 590 pereussit
629 519 703 569 eum
729 507 764 569 et
795 506 954 570 mortuus
971 508 1032 570 est.
1084 502 1273 592 spissisque
1297 503 1397 572 David

273 601 423 671 vestibus
457 600 534 668 feeit
571 599 738 688 planetum
770 618 871 689 super
898 600 1031 670 Saulem
1058 608 1092 669 et
1117 619 1218 690 super
1243 605 1330 672 m'ros
1356 603 1397 670 il-

274 701 394 770 lustres
423 702 477 787 qui
504 717 577 767 oum
612 717 654 768 eo
681 699 905 769 oooubuerant
930 702 964 769 in
990 701 1096 789 prelio
1106 694 1131 771 ¹.
1180 701 1267 771 Mira
1292 720 1343 769 res
1368 705 1398 770 et

273 801 489 888 inconsueta,
531 804 568 866 ut
605 799 723 886 aliquis
766 798 890 867 desseat
931 801 1096 868 inimioum
1130 819 1225 869 suum
1260 803 1398 870 oeeisum

273 917 373 966 manu
399 898 522 987 aliena,
551 901 584 965 et
608 898 787 966 utoisoatur
813 900 920 987 ipsum
946 917 1045 967 manu
1069 903 1222 989 propria,
1250 918 1322 968 oum
1345 899 1397 966 ni·

273 999 387 1064 mirum
421 995 462 1064 de
495 1003 600 1064 morte
635 997 755 1064 inimioi
789 997 956 1066 soleamus
983 1000 1096 1087 sepius
1123 1000 1283 1068 exultare.
1332 997 1398 1066 Heo

274 1096 371 1164 ambo
398 1093 504 1162 David
530 1097 684 1163 virtutum
712 1100 839 1164 amator
863 1097 898 1162 in
920 1096 1021 1166 Saule
1047 1098 1180 1166 inimioo
1207 1090 1397 1166 suo²oom·

271 1195 369 1284 plens
405 1193 547 1262 reddidit
581 1193 670 1262 bona
703 1213 764 1282 pro
798 1194 902 1264 malis.
953 1195 1035 1264 Ideo
1065 1198 1157 1279 justo
1194 1195 1256 1266 Dei
1278 1194 1397 1282 judicio

271 1295 496 1382 persecutoris
530 1293 580 1360 sui
607 1311 746 1378 regnum
771 1295 890 1362 meruit
912 1294 1099 1382 possidere.
1149 1295 1224 1364 Non
1251 1297 1309 1388 sio,
1335 1310 1399 1362 non

273 1393 321 1461 sio
356 1410 415 1460 rex
445 1389 621 1482 hibertus,
656 1391 717 1460 sed
750 1391 871 1460 oceidit
902 1394 1039 1482 insuper
1064 1399 1099 1462 et
1122 1393 1286 1483 possedit.
1336 1390 1399 1462 Sed

272 1509 352 1559 eooe
387 1493 510 1559 sinistri
544 1508 694 1559 rumores
729 1489 771 1559 ad
806 1510 903 1560 aures
936 1495 1007 1561 eius
1042 1492 1153 1561 subito
1184 1493 1397 1583 perferuntur,

272 1592 439 1659 dominum
471 1587 701 1678 Apostolioum
734 1589 894 1659 videlieet
929 1609 1031 1679 super
1060 1597 1166 1660 morte
1201 1590 1313 1662 hdolh
1346 1593 1399 1658 in-

271 1689 466 1777 dignatione
501 1691 627 1758 moveri
658 1690 757 1757 nimia
784 1696 900 1757 eontra
926 1707 1011 1758 eum.
1061 1689 1159 1770 Quod
1185 1709 1259 1758 oum
1285 1706 1399 1780 peree-

270 1791 377 1877 pisset
410 1806 488 1856 mox
519 1791 621 1857 utitur
657 1787 797 1855 oonsilio
835 1790 977 1878 saniori,
1012 1794 1046 1856 et
1071 1788 1238 1876 quomodo
1265 1791 1400 1876 gratiam

271 1886 361 1956 sedis
397 1886 583 1974 apostoliae
618 1903 687 1953 non
719 1883 856 1976 perdat,
887 1888 942 1954 vel
971 1889 1125 1956 amissam
1152 1888 1315 1957 rehabere
1341 1905 1399 1956 va-

268 1985 347 2075 leat,
376 1986 440 2053 hoo
466 1983 554 2073 apud
581 2003 618 2054 se
645 1984 760 2053 solerti
787 1991 897 2053 mente
924 1988 1051 2074 cogitat
1076 1991 1110 2054 et
1133 1993 1326 2075 pertractat.
1362 1985 1401 2054 Et

268 2087 420 2174 protinus
451 2083 606 2171 providet
641 2084 702 2152 sibi
737 2083 779 2151 de
812 2083 963 2153 honestis
997 2086 1125 2154 nuntiis
1134 2139 1143 2176 ,
1180 2103 1265 2173 quos
1301 2087 1401 2153 mittat

269 2185 392 2251 orrriam
426 2182 469 2250 ad
502 2181 703 2274 Romanam,
740 2185 795 2269 qni
830 2183 983 2252 deterant
1017 2182 1214 2273 Apostotioo
1254 2186 1401 2274 pretiosa
1487 2245 1488 2280 1

269 2299 416 2371 munera,
443 2288 480 2349 ut
505 2285 539 2350 in
567 2283 636 2351 suis
662 2281 869 2370 exequendis
886 2284 1031 2370 negotiis
1047 2286 1156 2372 ipsum
1169 2286 1400 2373 promptiorem

268 2380 414 2449 habeant
437 2382 493 2449 vel
517 2382 693 2470 placatum.
745 2381 813 2451 Sed
847 2384 933 2452 inter
961 2382 1025 2451 alia
1050 2384 1150 2450 xenia
1174 2383 1401 2471 prestanoiora

270 2486 341 2548 erat
375 2498 442 2548 una
464 2499 590 2564 ¹mensa
621 2479 710 2549 facta
743 2480 785 2549 de
812 2486 953 2569 argento
980 2488 1014 2550 et
1040 2499 1120 2549 auro
1148 2489 1182 2548 et
1206 2483 1290 2550 satis
1315 2481 1400 2569 lapi-

269 2578 367 2648 dibus
392 2581 561 2668 pretiosis.
589 2580 656 2650 Sed
683 2587 790 2649 utrum
815 2585 921 2650 nuntii
948 2579 989 2648 ad
1010 2577 1240 2669 Apostolioum
1263 2581 1403 2649 tinaliter

268 2682 483 2767 pervenerint
501 2680 706 2748 etmandata
722 2681 813 2766 regis
839 2699 879 2750 ao
905 2681 1082 2749 commissa
1107 2680 1245 2764 nogotia
1272 2676 1403 2748 executi

270 2777 400 2868 suerint
430 2785 555 2846 eertum
580 2797 649 2847 non
672 2776 791 2847 babeo.
829 2777 902 2868 Qui,
928 2777 1014 2865 proh
1046 2777 1159 2846 dolor!
1185 2796 1274 2866 papa
1298 2778 1403 2847 Boni·
1486 2791 1487 2800 ¹

184 2889 252 2944 1303
270 2874 393 2966 taoiuS,
431 2877 487 2944 illo
526 2878 560 2943 in
595 2883 743 2962 tempore
783 2877 894 2946 subito
937 2880 1085 2944 mortuus
1120 2878 1315 2968 mundatur,
1351 2874 1403 2962 qui

194 2973 404 3081 ⁰1⁰*·1proptor
429 2975 627 3088 probitatem
653 2993 747 3043 suam
773 2994 839 3063 qua
864 2991 966 3064 super
991 2981 1123 3043 eeteros
1151 2976 1278 3064 enituit,
1309 2993 1404 3042 emu-

204 3028 321 3142 11tos
348 3074 471 3162 babuit,
500 3075 556 3159 qui
574 3092 658 3163 eum
686 3074 857 3164 otiamur,
885 3091 1018 3144 veneno
1044 3064 1167 3142 mixto³
1192 3073 1404 3162 poouloomn

270 3171 414 3260 dampno
451 3174 552 3240 totius
584 3173 725 3241 eoeleste
752 3176 966 3243 necaverunt.
1017 3169 1079 3239 Hie
1106 3173 1134 3240 si
1160 3172 1233 3241 Deo
1260 3174 1404 3261 propitio

270 3272 409 3359 amplius
444 3273 600 3362 vixisset,
636 3272 752 3361 proord
787 3271 887 3340 dubio
922 3271 964 3341 de
999 3289 1061 3339 sua
1094 3270 1258 3340 industria
1283 3273 1403 3340 mrdtus

269 3369 412 3437 eeclesia
443 3371 668 3457 negligentias
701 3373 911 3438 correxisset.
963 3369 1119 3438 Preterea
1144 3387 1203 3438 rex
1211 3422 1221 3459 ‚
1249 3369 1404 3459 deposita

268 3468 491 3536 sollieitudine
513 3488 610 3556 quam
630 3468 673 3537 de
700 3486 826 3538 summo
854 3468 967 3537 habuit
991 3467 1160 3558 pontihoe,
1188 3475 1222 3537 et
1247 3486 1322 3536 oum
1335 3471 1403 3554 jam

268 3574 362 3635 esset
386 3569 420 3634 in
445 3568 595 3655 plenaria
628 3569 754 3657 imperii
780 3573 967 3659 potestate,
991 3565 1104 3636 habita
1130 3584 1242 3635 seeum
1269 3567 1403 3636 delibo-

267 3668 414 3757 ratione,
443 3666 607 3755 decreuit,
643 3672 679 3734 ut
703 3667 871 3756 promisit,
906 3666 1141 3752 rempublicam
1168 3667 1343 3757 ampliare,
1371 3669 1403 3734 et

266 3768 371 3852 primo
406 3765 494 3834 bona
521 3785 541 3832 a
567 3782 674 3850 regno
707 3764 865 3833 distraota
896 3766 1022 3851 eogitat
1052 3771 1224 3854 repetere,
1253 3764 1402 3850 obligata

267 3865 409 3953 solvere,
438 3870 471 3931 ot
502 3881 634 3950 queque
670 3883 690 3932 a
722 3863 1019 3952 prodecessoribus
1045 3865 1115 3931 suis
1141 3864 1299 3948 negleota
1325 3870 1401 3931 stu-

267 3962 361 4030 diose
388 3964 567 4049 corrigere.

261 4105 395 4227 tunthpui
422 4119 480 4162 eum
508 4106 727 4176 occupaverant
720 4120 747 4159 ro
766 4105 850 4176 pretio
867 4105 907 4160 hs
953 4104 985 4171 2)
1007 4105 1101 4159 immrei
1126 4107 1164 4160 sui
1185 4103 1223 4159 hs.
1275 4103 1305 4170 3]
1329 4103 1403 4158 mix-
