3096 4882
516 255 584 300 vrrn
606 254 714 301 annom
737 257 845 310 onnam
869 258 928 302 mr.
1223 231 1288 299 261

158 392 276 460 chione
302 391 451 460 Moravie
482 395 667 483 existente,
691 412 751 481 pro
778 413 819 463 co
843 400 991 484 tempore
1017 415 1083 485 quo
1111 398 1189 466 steti
1215 405 1295 486 aput
1312 411 1376 465 roro

159 509 276 578 papam
310 492 538 560 Benedictum
575 491 733 579 Dixitque
770 513 837 562 una
871 493 953 563 bora
985 514 1113 564 mecum
1144 499 1293 572 existens

157 591 190 656 irr
217 589 318 657 domo
345 609 419 658 sua:
453 591 496 658 Tu
513 589 622 658 adbuc
641 593 706 658 eris
723 610 785 658 ree
802 593 1032 662 Romanorum.
1061 595 1120 664 Cui
1146 614 1293 685 rospon-

156 687 203 756 di:
236 687 279 755 Tu
298 691 363 756 cris
384 695 460 758 crete
473 709 576 776 popu.
611 688 709 770 Quod
728 698 902 780 utrumque
927 701 1079 762 secutum
1106 700 1169 786 est,
1195 703 1295 785 prout

157 786 242 855 inira
268 787 484 858 describetur.

230 887 312 955 Post
337 888 400 955 beo
426 907 492 956 una
519 893 712 975 compatre
739 907 815 958 meo
841 908 995 960 reversus
1025 909 1097 959 sum
1124 893 1159 960 irr
1185 893 1292 961 Fran-

156 987 249 1054 ciam.
291 987 333 1053 Et
358 987 479 1055 abinde
506 988 594 1053 misit
619 1005 671 1054 me
697 994 792 1076 pater
820 1007 913 1057 meus
940 989 983 1057 ad
1010 1008 1160 1058 sororem
1186 1011 1292 1060 meam

155 1085 232 1152 oiim
270 1085 415 1154 relictam
449 1087 583 1154 Hernici
618 1085 712 1155 ducis
751 1088 913 1180 Bovario,
947 1107 1012 1176 que
1047 1092 1294 1178 opprimebatur

153 1201 211 1270 per
229 1183 435 1254 Ludovicum
459 1187 515 1273 qui
542 1203 578 1252 se
606 1187 745 1271 gerebat
767 1205 828 1275 pro
850 1189 1059 1279 imperatore,
1085 1208 1145 1278 pro
1168 1191 1291 1260 auxilio

156 1287 189 1349 et
215 1277 355 1351 consitio
383 1285 490 1353 cidem
518 1284 691 1354 iaciendis.
724 1286 859 1353 Etcum
884 1290 1113 1374 pervenissem
1139 1289 1181 1356 ad
1208 1307 1292 1380 eam,

153 1383 267 1449 inveni
293 1401 366 1450 earn
394 1403 466 1451 cum
494 1401 535 1452 co
564 1384 813 1452 concordatam.
846 1383 978 1454 Abinde
1005 1389 1127 1476 arripui
1151 1390 1213 1456 iter
1233 1407 1294 1478 per

152 1481 474 1570 archiepiscopatum
502 1482 805 1570 Salczpurgensem
839 1503 898 1571 per
924 1485 1018 1572 alpes
1047 1505 1112 1574 que
1139 1487 1295 1555 dicuntur

152 1577 329 1649 durentur.
369 1582 507 1650 Etcum
536 1587 606 1648 tota
633 1581 686 1650 dic
713 1584 887 1650 transirem
913 1602 973 1670 per
998 1586 1116 1653 vallem
1145 1604 1209 1672 que
1236 1585 1293 1654 di-

152 1682 235 1746 citur
270 1674 427 1770 Gerlos¹,
455 1680 651 1749 recordatus
688 1699 761 1748 sum
795 1680 837 1749 do
874 1683 1031 1752 miraculo
1067 1702 1127 1752 seu
1161 1685 1292 1753 visione

151 1776 243 1864 quod
270 1780 304 1846 in
332 1779 386 1846 die
413 1781 511 1848 beate
538 1780 676 1866 virginis
684 1833 693 1869 ,
723 1783 756 1848 in
783 1783 1017 1869 assumpoione
1044 1788 1160 1850 sancto
1185 1784 1293 1869 virgi-

149 1879 221 1966 nis,
260 1879 292 1944 in
321 1879 497 1948 Tbarunso
532 1880 717 1946 Parmensis
755 1880 915 1967 dyocesis
958 1882 1055 1949 michi
1094 1883 1293 1969 contigerat.

151 1976 192 2042 Et
218 1977 260 2043 ab
287 1977 407 2045 codem
441 1985 589 2066 temporo
619 1981 759 2065 concepi
786 1979 828 2046 ad
856 1981 929 2048 eius
957 1980 1118 2049 bonorem
1144 1981 1292 2067 gloriose

151 2077 290 2160 virginis
327 2077 426 2145 boras
461 2077 597 2147 cottidie
630 2077 859 2146 decantandas
893 2081 926 2146 in
960 2079 1121 2166 Progensi
1148 2081 1292 2148 ecclesia

151 2173 316 2262 ordinare,
343 2177 388 2243 ita
414 2181 450 2244 ut
477 2177 518 2244 de
545 2178 649 2264 ipsius
676 2179 743 2244 vite
772 2179 878 2263 gestis
907 2183 940 2245 et
966 2180 1130 2246 miraculis
1154 2179 1291 2248 cottidie

149 2290 239 2340 rrova
269 2273 417 2360 legenda
450 2276 631 2362 legeretur.
667 2273 764 2355 Quod
798 2283 920 2364 postca
954 2274 1074 2344 iactum
1111 2283 1164 2346 est
1194 2285 1292 2367 prout

153 2369 290 2440 inferius
318 2372 536 2442 describetur.
578 2374 693 2461 Ibique
719 2377 858 2463 perveni
893 2375 935 2442 ad
966 2374 1097 2443 fratrem
1123 2395 1231 2445 meum
1257 2381 1290 2444 in

151 2471 275 2538 vailcm
295 2473 329 2539 in
347 2466 613 2542 Insuburcbam².
648 2470 722 2562 Qui,
750 2472 888 2541 dimisso
912 2475 1073 2562 episcopo
1095 2475 1290 2544 Tridentino

148 2587 209 2657 pro
250 2571 425 2658 capitaneo
460 2575 494 2641 in
533 2573 690 2640 comitatu
717 2573 861 2662 Tyrolis,
895 2575 1061 2660 processit
1096 2591 1224 2641 mecum
1257 2576 1289 2641 in

149 2669 331 2761 Boemiam,
359 2671 480 2740 deinde
507 2671 550 2739 ad
576 2688 690 2756 regem
718 2669 888 2760 Cracovie‚
915 2670 1038 2738 deindo
1065 2671 1107 2739 ad
1133 2672 1289 2740 Karolum

149 2785 263 2854 regern
291 2770 454 2861 dirgane,
488 2789 561 2839 cum
594 2788 661 2857 quo
688 2776 722 2837 ct
756 2770 824 2839 idio
853 2787 915 2838 suo
941 2769 1134 2862 Ludovico‚
1163 2790 1289 2859 genero

151 2885 239 2956 mco,
270 2885 309 2936 se
335 2870 505 2956 colligavit
531 2869 699 2938 federibus
728 2875 764 2937 et
787 2870 866 2956 ligis
888 2870 1092 2940 firmissimis.

227 2966 276 3034 Ibi
305 2985 345 3036 eo
372 2975 537 3037 existente
564 2974 729 3037 venerunt
754 2970 883 3057 nuncii,
912 2969 1063 3038 dicentes
1088 2973 1178 3059 quod
1205 2991 1290 3042 uxor

150 3082 214 3133 sua
239 3085 307 3133 una
340 3085 413 3136 curn
439 3068 619 3136 baronibus
647 3071 820 3136 comitatus
856 3069 908 3136 sui
944 3075 1060 3138 contra
1093 3089 1167 3140 eum
1202 3091 1289 3141 oon-

150 3166 376 3255 spiravcrunt3
403 3172 539 3256 propter
566 3166 656 3254 quod
683 3183 759 3234 eum
784 3185 843 3256 por
867 3168 1040 3236 Bavariam
1067 3175 1100 3236 et
1119 3171 1289 3239 Boemiam

148 3264 348 3352 opportebat
374 3265 570 3334 festinanter
595 3267 715 3333 reverti
742 3266 785 3334 ad
814 3268 1003 3334 comitatum
1029 3268 1173 3355 Tyrolis
1215 3272 1290 3358 Ego

149 3381 230 3432 vcro
258 3364 350 3432 brevi
382 3372 529 3453 tompore
563 3366 707 3433 decurso
735 3371 870 3432 secutus
898 3382 971 3432 sum
999 3359 1094 3433 cum3
1120 3369 1153 3436 in
1180 3371 1289 3438 comi-

148 3468 252 3530 tatum
280 3463 420 3532 eundem
447 3467 480 3532 in
507 3464 627 3533 vallem
652 3465 724 3533 Eoi.
755 3465 797 3533 Et
814 3465 859 3531 ibi
878 3472 1010 3533 secreto
1034 3469 1179 3553 cognovi
1199 3467 1289 3556 quod

147 3562 281 3649 qnidam
299 3561 610 3656 nominedlbertus,
621 3555 900 3632 iratednatoralis
917 3567 1029 3634 uxoris
1048 3563 1155 3633 fratris
1170 3569 1245 3657 mei,
1257 3573 1291 3635 et

181 3738 213 3804 i)
235 3737 286 3792 Das
307 3736 453 3792 Gerlostbal
477 3744 510 3792 rst
538 3743 580 3792 ein
610 3737 747 3792 seitentbal
773 3738 820 3790 des
847 3735 994 3791 Ziiiertbais
1012 3738 1079 3792 naeb
1098 3739 1157 3792 dora
1174 3738 1289 3804 Pinzgeu

144 3819 186 3874 zu,
212 3806 292 3860 durob
317 3807 431 3861 welches
455 3809 511 3860 aiso
538 3808 598 3861 lieri
624 3807 777 3876 gekommcn
802 3818 865 3856 war.
906 3806 936 3866 2)
964 3806 1113 3860 lnnsbruclr.
1161 3807 1192 3872 3]
1216 3805 1287 3859 Naob

143 3875 206 3927 dem
233 3873 388 3930 aaronica
409 3877 535 3931 weicbem
559 3877 619 3930 liarl
638 3875 705 3929 noch
724 3877 749 3928 in
768 3871 870 3926 Olmiitz
889 3889 952 3926 war.
987 3878 1018 3935 nt
1038 3875 1103 3928 titius
1121 3875 1194 3928 lesen
1213 3875 1286 3927 Reirr.

140 3942 197 3996 und
225 3944 268 3996 die
296 3944 344 4008 bs,
368 3945 422 3998 und
440 3959 469 3998 es
493 3945 536 3999 bat
554 3947 627 3999 diese
645 3945 787 4005 allerdings
805 3941 854 3993 alte
872 3941 960 4001 iesart,
979 3943 1078 3995 wclcbe
1097 3944 1160 3996 auch
1188 3959 1214 3997 rn
1241 3944 1287 3994 dor

140 4011 212 4064 citer
233 4011 402 4066 b'dbmiscbon
427 4013 604 4080 iibersetzucg
629 4029 660 4066 zu
686 4011 786 4080 grunde
814 4009 878 4074 negt
903 4009 1004 4072 (Peizel
1022 4009 1115 4064 Gesob.
1141 4013 1214 4064 liaris
1233 4011 1286 4064 nti.

141 4081 167 4144 1,
192 4079 257 4146 ct),
286 4095 317 4134 zu
349 4081 504 4149 unzdbligen
538 4082 667 4137 sabeleien
693 4079 882 4142 veruclassurg
906 4078 1032 4145 gegeben.
1074 4080 1159 4132 Atleio
1184 4083 1210 4131 in
1236 4084 1286 4132 den

140 4149 222 4202 Beitr.
265 4163 313 4201 zar
350 4149 444 4205 Gesob.
476 4166 528 4205 von
557 4151 628 4204 Tiro!
656 4151 680 4214 7,
705 4147 754 4203 166
785 4147 828 4200 bat
855 4144 901 4197 der
924 4147 1130 4202 boobverdiento
1158 4147 1189 4200 Di
1215 4147 1287 4201 Pauli

139 4217 364 4284 nowideriegltcb
391 4219 538 4286 bewiescn,
564 4221 625 4273 dass
647 4217 727 4272 irater
753 4216 862 4284 geiesen
886 4217 994 4270 worden
1019 4216 1113 4270 miisse.
1156 4216 1205 4270 Die
1225 4221 1286 4269 ent-

141 4284 329 4340 scbeidenden
350 4287 451 4356 griindc
475 4288 535 4342 sind
558 4289 704 4355 cinerseits,
729 4285 790 4338 dass
815 4283 858 4336 dte
884 4295 935 4338 von
961 4284 1088 4339 Adeibeid
1112 4299 1164 4338 von
1184 4285 1286 4339 Braun-
