3002 4880
253 189 298 258 56
567 216 710 264 ennonrcn
731 217 769 262 or
790 216 888 262 cnsrrs
905 217 1072 263 rnrncrrnn.

173 371 238 426 1319
255 363 305 426 tes
332 373 434 445 snper
458 355 581 424 malitia
609 361 643 423 et
667 353 808 443 pertidia
833 355 867 423 in
893 371 935 423 eo
962 354 1068 446 iacta,
1095 358 1270 426 transitum
1295 357 1383 426 civi·
1491 378 1495 395 ·

254 457 332 524 tatis
353 457 402 523 cis
424 461 601 545 negantes,
627 459 664 522 ut
684 452 879 521 Noricorum
895 456 1100 542 provintiam
1123 473 1193 524 non
1215 457 1385 527 intrarent

253 553 335 623 Ideo
362 553 577 622 vehementer
602 551 773 620 iracundia
799 553 953 620 concitati
961 605 972 642 ‚
1000 553 1110 622 omnia
1128 572 1203 622 rura
1229 561 1263 623 et
1286 556 1385 624 villas

256 656 342 721 circa
374 653 539 720 civitatem
567 653 646 737 igne
673 656 707 718 et
732 651 842 740 spolio
873 657 1099 722 vastaverunt.
1133 652 1214 722 Post
1239 654 1302 723 heo
1326 672 1385 723 re-

256 751 416 832 cedentes
440 757 510 819 eta
535 751 732 819 seinvicem
757 747 982 841 discedentes⁷
1009 750 1078 819 dux
1093 751 1278 820 Friderious
1297 753 1386 842 apud

253 850 404 919 Miildori
425 851 592 919 transiens
619 850 735 939 Euam,
761 847 946 935 regreditur
971 850 1004 916 in
1022 847 1206 938 Austriam3
1232 850 1385 942 Lcnpol-

255 949 318 1018 dus
341 968 422 1018 vero
440 948 540 1018 irater
557 949 630 1017 eius
648 953 760 1037 partes
777 945 1005 1016 occidentales
1025 953 1192 1040 repetens,
1209 956 1387 1039 antequam

254 1049 439 1117 Bawariam
466 1049 586 1137 exiret,
615 1065 686 1116 eam
709 1046 799 1115 duris
822 1046 1052 1115 exactionibus
1076 1047 1328 1142 depecuniavit,
1355 1055 1388 1119 et

255 1148 486 1216 nichilominus
513 1148 592 1232 igne
619 1147 764 1232 graviter
790 1144 987 1214 devastavit.

330 1246 430 1315 Porro
447 1263 507 1314 rex
524 1243 707 1313 Ludwious
725 1245 867 1313 volvens
885 1245 918 1312 in
935 1243 1036 1313 corde
1056 1261 1119 1314 suo
1140 1249 1245 1314 totum
1264 1246 1387 1313 malum

256 1343 348 1430 qnod
379 1362 504 1433 passus
538 1349 607 1434 cst,
641 1349 675 1412 ct
707 1343 885 1432 dampnum
919 1346 1004 1412 terre
1039 1361 1101 1412 sue
1128 1343 1218 1431 qnod
1244 1346 1386 1437 accepit,

255 1448 346 1510 totus
372 1461 500 1512 merore
527 1449 561 1512 ct
586 1443 739 1511 molestia
765 1442 972 1512 absorbetur.
1009 1442 1051 1510 Et
1074 1442 1194 1511 videns
1220 1444 1254 1509 in
1280 1459 1387 1529 regno

257 1559 294 1609 se
314 1560 384 1610 non
401 1543 572 1632 proficere,
592 1560 652 1633 pro
670 1560 713 1611 cc
727 1542 837 1610 multis
853 1540 1022 1610 laboribus
1039 1542 1160 1610 habitis
1181 1541 1253 1609 sinc
1269 1539 1387 1633 fructu,

255 1647 364 1709 mente
393 1642 535 1710 sollicita
552 1642 678 1728 cogitat
704 1647 737 1710 et
761 1644 941 1729 pertractat
967 1639 1058 1727 quod
1084 1640 1255 1730 expediat:
1282 1647 1389 1709 utrum

254 1757 314 1828 pro
340 1758 448 1826 rcgno
475 1741 597 1809 debeat
622 1742 762 1828 amplius
789 1739 969 1828 decertare,
996 1738 1050 1806 vei
1075 1739 1244 1828 parcendo
1272 1740 1389 1808 sibiet

255 1838 328 1905 aliis
355 1841 489 1908 omnino
516 1838 638 1907 debeat
662 1841 847 1924 resignare.
876 1836 948 1905 Nec
973 1837 1104 1928 mirum,
1133 1838 1273 1907 durante
1300 1839 1387 1906 enim

255 1935 444 2004 discrimino
477 1937 656 2025 proborum
681 1937 889 2025 impossibiie
916 1941 968 2004 est
993 1955 1109 2025 pacem
1135 1937 1206 2005 ficri
1232 1937 1387 2006 ecclesio.

255 2034 323 2102 Sed
346 2036 425 2122 quic
448 2034 543 2103 inemo
567 2036 704 2121 encoma,
729 2037 837 2124 inquit
862 2051 939 2125 rex,
966 2037 1285 2121 retorqueretur,
1310 2036 1387 2104 utile

254 2135 317 2200 erit
347 2151 444 2201 ocant
472 2135 584 2218 pedro
605 2152 670 2222 pro
696 2135 813 2203 mattis.
839 2126 911 2201 Dc1
938 2150 976 2202 se
1002 2139 1112 2202 autcrn
1138 2134 1287 2203 dicebat:
1314 2134 1385 2202 Me·
1496 2169 1498 2220 t

254 2231 317 2298 litis
341 2235 400 2316 est,
425 2233 541 2323 inquit,
567 2251 604 2301 se
628 2250 729 2320 reone
750 2233 880 2318 pmcotd
898 2249 997 2317 qoam
1019 2232 1136 2301 monitos
1159 2236 1228 2301 cito
1247 2234 1385 2319 pmouri.
1433 2311 1438 2318 ,
1497 2225 1498 2240 ἶ

253 2330 326 2398 Hcc
351 2330 440 2420 apud
464 2349 501 2400 se
526 2332 696 2419 cogitabat
715 2333 841 2420 pietate
863 2336 983 2421 motus
1010 2349 1079 2400 non
1105 2337 1216 2401 tamen
1242 2331 1386 2400 audebat
1496 2373 1498 2412 t

255 2431 353 2497 alicui
379 2437 510 2500 secreta
535 2431 645 2500 cordis
673 2433 725 2500 sui
749 2429 909 2520 pandere,
936 2430 1050 2498 maluit
1074 2433 1162 2499 enim
1181 2447 1262 2500 suos
1283 2432 1385 2500 latere

254 2548 352 2616 quam
379 2530 518 2621 alienos,
545 2530 636 2619 quod
663 2532 844 2619 quitatum
867 2528 998 2619 malurn,
1026 2529 1116 2616 quod
1143 2530 1271 2620 accidit,
1300 2548 1385 2598 cau-

254 2630 318 2696 sati
345 2635 432 2720 sunt,
459 2629 521 2699 sed
538 2631 627 2720 apud
643 2635 820 2699 extrancos
840 2626 981 2696 fidentes
1006 2629 1068 2697 sibi
1086 2646 1188 2717 snper
1208 2628 1273 2696 boo
1299 2646 1386 2698 con-

254 2727 360 2795 silinm
387 2729 558 2816 querebat.
585 2727 648 2810 Qui
667 2728 729 2796 sibi
752 2726 927 2795 consitium
950 2724 1049 2795 fidele
1074 2733 1302 2816 porrexerunt,
1332 2727 1386 2796 di-

141 2857 146 2864 ·
254 2832 386 2894 centes:
412 2828 502 2911 qaod
524 2845 590 2894 rwn
615 2829 766 2914 desperet
789 2826 851 2892 aed
873 2828 1024 2892 streonae
1050 2830 1133 2912 aqut
1147 2831 1181 2893 et
1202 2827 1305 2912 ceptis
1322 2843 1387 2894 non

254 2926 415 3004 desistat;
445 2926 525 3008 qaia
556 2924 673 2994 sibcc
705 2942 792 2992 anno
822 2923 960 3007 fernme
990 2925 1117 2991 uidetur
1147 2926 1217 2992 saia
1241 2923 1387 2993 bostibua

253 3019 392 3088 idiomata
417 3024 581 3108 amatore,
605 3024 694 3108 forte
719 3039 806 3090 anno
830 3021 952 3106 lamro,
978 3021 1050 3090 Deo
1070 3024 1225 3108 propitio,
1250 3026 1388 3092 sccotbt

253 3120 406 3204 respiciet
430 3120 551 3206 latiori,
578 3140 642 3209 quo
668 3122 730 3190 Dei
756 3120 882 3189 cecilio
907 3121 1054 3188 inimicos
1079 3139 1158 3188 auos
1177 3124 1302 3206 potent
1325 3141 1387 3191 ec-

249 3235 410 3304 mtqcere.
445 3218 572 3301 Quibus
599 3222 747 3290 consiliis
775 3221 995 3307 acquiescens
1022 3237 1157 3310 rursus,
1186 3222 1272 3289 sicut
1298 3222 1386 3308 ignis

254 3317 420 3385 extinctus
454 3326 646 3389 remanente
681 3318 813 3388 modica
846 3318 990 3386 scintilla
1021 3320 1055 3387 in
1086 3337 1242 3406 magnum
1268 3338 1387 3407 rogum

254 3433 429 3508 crescens,
457 3420 506 3486 sic
530 3421 603 3508 ipse
630 3418 736 3488 iactus
762 3419 872 3486 tenuis
899 3421 933 3485 et
958 3418 1054 3487 exilis
1080 3419 1197 3487 iterum
1223 3420 1329 3488 crevit
1353 3421 1386 3487 in

254 3521 389 3601 gentem
414 3534 580 3604 magnam.
828 3585 831 3591 .

169 3627 235 3681 1320
326 3615 452 3684 liniens
477 3618 577 3702 igitur
600 3617 785 3684 Bawariam
807 3615 849 3684 ad
864 3614 992 3683 Renum
1013 3633 1123 3702 usque
1142 3616 1304 3707 pervenit,
1330 3616 1388 3685 nbi

163 3711 395 3784 ilum·Dominc
422 3719 637 3802 promovente
663 3716 884 3801 congregavit
903 3714 1078 3782 maximum
1098 3716 1276 3784 exercitum
1302 3715 1389 3783 sicut

253 3829 399 3900 unquam
424 3815 458 3880 in
484 3816 551 3882 vita
578 3831 639 3881 sua
666 3815 853 3901 acquisivit.
877 3812 992 3881 Fertur
1017 3813 1103 3880 enim
1129 3812 1173 3880 ibi
1199 3814 1260 3880 tria
1286 3813 1387 3882 miliia

253 3914 399 3999 equitum
425 3914 626 3982 convenisse
648 3914 827 3981 electorum
845 3913 1001 4002 virorum,
1030 3917 1154 3979 etcum
1171 3913 1252 3980 tanti
1271 3917 1389 3980 essent
1421 3914 1425 3920 '

252 4012 390 4096 gavisus
414 4018 468 4080 est
492 4030 550 4081 rex
573 4011 778 4080 benedicens
798 4011 905 4079 Deum
924 4028 1025 4099 super
1041 4013 1203 4078 immenso
1222 4010 1387 4080 bencboio

252 4111 335 4199 eim,
353 4115 386 4177 ct
400 4112 462 4178 ait:
490 4111 627 4180 ODcos
645 4115 770 4198 quanta
788 4113 864 4178 suot
879 4127 984 4196 opero
996 4109 1079 4178 tuo!
1100 4109 1213 4178 Pridie
1223 4112 1387 4195 nemeaea·

289 4232 318 4298 i)
338 4230 375 4286 De
394 4231 456 4286 fehlt
473 4235 500 4287 in
520 4234 567 4290 der
584 4234 622 4288 bs.
