3044 4882
280 179 351 252 288
598 209 742 256 ronnnnrs
762 207 970 258 rrcronrnrsra
1008 206 1032 274 r,
1050 208 1076 258 θ.

276 367 314 420 εθ
346 349 492 420 asseruit
524 349 613 418 sieut
646 348 872 434 Margaretam
896 349 931 416 in
956 344 1092 418 Austria
1119 353 1153 415 et
1179 345 1307 440 Styrla,
1338 350 1403 434 rogi
1506 373 1507 450 ,

274 450 356 519 Bele
387 449 518 538 publice
552 449 755 535 resignavit3
789 466 887 536 quam
913 448 1023 516 statim
1048 445 1294 518 lleuthenorum
1319 451 1402 534 regis
1506 469 1507 478 ¹

277 549 345 617 lilio
371 548 548 639 copulavit,
577 549 670 616 etin
696 552 807 616 eastre
827 545 1005 634 Himperob
1032 544 1172 614 lestiras
1199 549 1330 635 nuptias
1348 564 1404 614 ee·
1506 559 1507 618 4

275 647 425 718 lebrarit.
452 646 524 728 Que
540 665 618 715 mox
634 648 851 734 impregnata,
865 643 1169 732 abseedentemque
1180 665 1199 714 a
1211 663 1248 714 se
1263 647 1404 714 maritum

277 754 398 836 postea
430 765 499 816 non
533 747 719 834 conspexit.
753 745 863 813 Faotis
898 750 1008 812 autem
1036 747 1161 830 treugis
1189 762 1289 830 reges
1316 743 1405 812 ambo
1506 745 1507 748 ’

276 847 359 914 Belo
383 852 418 915 et
444 843 624 914 Ottaharus
661 850 785 913 statuto
819 845 897 912 loeo
931 848 964 912 et
991 849 1140 932 tempore
1174 848 1406 933 convenerunt,

278 945 468 1032 habitisque
502 944 696 1012 traotatibus
732 946 766 1012 in
792 942 856 1011 hoo
881 944 1119 1032 perstiterunt,
1145 944 1192 1012 ita
1216 948 1253 1012 ut
1278 940 1407 1010 hostria
1506 1015 1507 1028 ἶ

280 1042 459 1134 Ottaharo,
494 1050 528 1111 et
560 1043 641 1112 Belo
677 1043 788 1130 Styria
817 1041 1053 1130 perpetualiter
1085 1048 1280 1132 remaneret,
1307 1044 1406 1111 inter·
1506 1039 1507 1044 ’

278 1145 465 1232 positisque
499 1142 593 1211 metis
629 1147 733 1212 terras
762 1140 1064 1229 distinguentium,
1093 1141 1222 1210 soilioet
1247 1141 1406 1212 montibus

281 1243 454 1312 Semernih
480 1247 514 1311 et
539 1240 714 1331 Haiperob,
743 1241 878 1308 lirmotis
904 1240 1012 1327 paotis
1030 1241 1063 1306 in
1089 1240 1279 1308 alterutrum
1297 1241 1338 1308 ab
1355 1243 1407 1307 in-

279 1343 386 1410 vioem
412 1340 627 1408 amicabiliter
654 1346 687 1408 et
714 1338 924 1408 ooneorditer
946 1333 1207 1408 disoesserunt¹.
1235 1336 1408 1408 Ottakorus

281 1445 390 1508 autern
418 1439 609 1507 Gerdrudim
637 1458 679 1508 ex
693 1436 829 1508 hostria
853 1440 888 1506 in
912 1437 1054 1526 Styriom
1078 1456 1143 1525 que
1163 1440 1227 1506 iam
1254 1438 1295 1507 de
1323 1440 1409 1526 regis

279 1539 426 1626 Ungarie
453 1538 579 1608 ditione
606 1537 722 1630 luerat,
749 1538 914 1624 relegavit
939 1539 971 1604 in
995 1536 1152 1626 oppidum
1178 1537 1269 1624 quod
1286 1537 1410 1608 luden-

279 1638 383 1706 bureb
408 1644 627 1726 nanoupatnr.
651 1637 879 1726 styriensibus
897 1636 960 1704 beo
976 1637 1109 1724 partitio
1126 1636 1304 1724 displiouit.
1332 1637 1411 1706 Nam

280 1737 470 1827 Stephanus
497 1737 574 1827 dux,
604 1756 701 1824 quem
718 1738 824 1825 pridie
847 1754 920 1803 oum
948 1735 1115 1804 dedooore
1142 1736 1345 1825 abieoerunt,
1371 1733 1411 1804 ad

279 1838 450 1924 pristinam
471 1854 584 1904 eorum
599 1838 729 1924 positus
752 1834 1038 1924 gubernationem,
1066 1851 1151 1922 quos
1177 1836 1269 1922 prius
1295 1836 1411 1904 allinit
1506 1875 1507 1888 ε

280 1933 441 2023 llagelliS,
478 1935 711 2022 seorpionibus
739 1951 826 2004 nuno
852 1932 1009 2023 oedebat,
1037 1939 1071 2002 et
1096 1934 1242 2020 graviori
1267 1951 1411 2024 oppres-

278 2034 374 2102 sione
402 2053 500 2121 quam
526 2034 596 2102 lato
623 2040 657 2102 et
680 2035 782 2104 latere
808 2033 967 2121 populum
993 2030 1175 2118 ailligebut.

351 2131 424 2200 Hiis
450 2132 497 2200 ita
522 2134 556 2199 in
583 2139 698 2202 nostra
724 2132 893 2202 habitabili
920 2149 958 2200 se
985 2130 1184 2200 habentibus
1204 2130 1410 2201 Meinlredus

277 2231 484 2320 imperatoris
512 2230 599 2300 filius
625 2230 668 2301 de
695 2231 782 2300 laeto
809 2248 868 2298 rex
894 2230 1018 2318 Syoilie
1044 2249 1104 2319 per
1128 2249 1249 2320 papam
1272 2249 1412 2300 exeom-

277 2331 478 2421 munioatur,
515 2336 548 2398 et
572 2335 608 2398 ut
641 2348 714 2399 eam
739 2330 813 2420 plus
840 2335 961 2398 terreat
988 2347 1028 2397 ao
1053 2329 1167 2419 feriat,
1195 2336 1312 2398 eontra
1340 2349 1412 2399 eum

197 2445 267 2500 laon
281 2431 459 2498 exereitum
485 2448 640 2516 magnum
666 2431 771 2520 mittit,
799 2431 856 2517 qui
882 2426 1067 2498 labelaetus
1091 2429 1165 2496 sine
1185 2427 1337 2498 ellieaeia
1362 2431 1413 2498 in-

201 2531 260 2571 aaa.
280 2529 386 2597 uniter
420 2535 473 2598 θεῖ
506 2546 674 2598 reversus.
717 2529 824 2618 Super
850 2546 917 2615 quo
932 2545 1031 2617 papa
1056 2546 1124 2596 non
1150 2526 1316 2596 modinum
1344 2535 1413 2596 tur-

279 2627 428 2698 babatur.
459 2627 666 2698 Meinlrodus
693 2634 803 2697 autem
831 2633 897 2695 tam
922 2624 1201 2696 Moinlredoniam
1226 2627 1414 2698 inoboatam

280 2732 313 2794 et
346 2745 454 2796 asuo
490 2729 623 2796 nomine
658 2729 707 2796 sio
739 2733 893 2798 renatam
928 2727 963 2794 in
997 2723 1084 2814 pedo
1116 2728 1237 2794 montis
1271 2729 1414 2815 positam
1506 2811 1507 2818 ἵ

281 2843 376 2912 quam
413 2825 496 2894 alias
531 2828 683 2894 civitates
718 2826 892 2896 structuris
920 2829 953 2892 et
979 2825 1122 2893 turribus
1149 2823 1290 2894 lontibus
1318 2844 1414 2894 eom·

279 2925 428 3012 munivit,
459 2930 492 2992 θῖ
517 2929 634 3011 portus
660 2927 915 3012 eireumquaque
947 2924 982 2992 in
1009 2923 1130 3011 quibus
1157 2930 1210 2992 est
1234 2924 1413 3012 applioatio

280 3021 410 3089 navalis
444 3022 599 3090 nobiliter
631 3025 841 3113 instauravit,
877 3023 990 3090 iurans
1023 3039 1083 3111 per
1117 3023 1270 3092 thronum
1305 3041 1412 3111 suum,

283 3118 372 3205 quod
408 3137 445 3188 se
473 3119 667 3190 defenderet
701 3121 742 3190 ab
770 3120 935 3191 omnibus.
969 3121 1066 3190 quta
1091 3121 1173 3190 illud
1200 3118 1413 3192 Ouidianum:

380 3217 479 3307 „Non
498 3221 605 3289 minor
623 3227 673 3290 θεῖ
690 3222 796 3288 virtus
812 3236 907 3309 quam
925 3237 1065 3307 querere
1081 3227 1175 3309 parta
1194 3225 1294 3307 tueri3

433 3315 543 3386 Casus
569 3322 657 3389 inest
682 3321 765 3410 illio,
785 3321 838 3388 hio
864 3320 927 3386 erit
953 3321 1032 3388 artis
1059 3317 1180 3408 opus.“

283 3413 325 3482 nt
350 3417 440 3484 item:

381 3513 519 3606 „ludioe
533 3533 585 3583 me
604 3515 694 3584 fraus
719 3524 771 3586 est
788 3533 953 3587 eonoessa
971 3515 1134 3604 repellere
1156 3514 1315 3610 fraudem,

404 3610 571 3703 Armaque
599 3625 714 3684 oontra
740 3624 886 3686 armatos
913 3633 1045 3684 sumere
1071 3617 1143 3684 iura
1168 3614 1319 3685 sinunt.“

316 3790 346 3856 l]
365 3789 401 3843 Zu
419 3789 490 3843 huda
508 3805 549 3844 arn
567 3790 582 3844 3
601 3793 663 3859 april
685 3791 750 3843 125t
768 3791 857 3846 warde
877 3793 909 3846 de
927 3789 1008 3846 lriede
1026 3798 1112 3847 zuerst
1138 3791 1217 3846 dureh
1236 3790 1416 3848 bevollmdeb-

280 3858 344 3923 tigte
369 3857 547 3924 geschlossen.
583 3857 738 3912 Steiermarh
763 3861 854 3914 warde
881 3861 1005 3928 getbeilt3
1032 3874 1088 3914 was
1112 3875 1169 3914 zum
1196 3860 1347 3926 huesgebiet
1373 3861 1418 3914 der

280 3925 337 3978 ltlur
353 3927 463 3992 gebdrte
482 3927 575 3982 erbielt
593 3928 663 3991 Boia,
680 3941 737 3981 was
755 3941 787 3982 zu
804 3928 863 3982 dem
881 3929 928 3982 der
947 3929 1039 3984 Danau
1056 3927 1170 3986 ottotn.
1198 3929 1287 3996 Vergl.
1307 3931 1350 3984 die
1370 3945 1417 3982 ur-

280 3993 365 4048 hunde
383 3994 424 4048 bol
443 3994 509 4048 llurz
528 3996 664 4051 Oestreioh
683 4000 760 4048 anter
778 3993 884 4050 Ottohar
902 3998 926 4065 2,
946 3995 1002 4049 lli.
