3096 4882
470 235 535 281 nne.
557 235 678 282 uussnrr
699 235 862 283 uuuourcos
882 237 947 283 unu.
1205 205 1274 280 185

142 372 511 462 doricus-reliquerat,
539 374 634 442 socie
660 373 887 442 coniuratione
913 372 1115 464 rebellasse,
1142 379 1177 442 et
1202 371 1275 442 cum
1290 378 1359 444 leae

140 472 342 541 Florentinis
359 471 529 561 Gelirsqne
546 473 669 540 Tuscic
688 490 805 560 pacem
828 474 863 540 in
884 471 1045 542 Ludovioi
1064 472 1176 541 odium
1195 491 1274 562 pre-¹

140 570 365 658 iudiciumque
398 575 568 660 temptare.
615 572 841 640 Furlivienses
871 589 1005 659 quoque
1033 577 1146 661 spreto
1173 590 1275 640 recu·

141 676 283 758 satoque
300 668 465 738 Ludovioi
481 671 629 759 imperio,
655 669 812 738 mandata
833 671 978 739 ecclesie
995 671 1166 759 legatique
1185 688 1275 760 apo-

140 769 259 838 stolice
277 767 370 836 sedis
387 769 529 859 iurasse,
544 770 666 837 multos
684 787 744 858 per
764 769 886 839 Tuscia
903 775 1008 838 terres
1027 769 1144 838 eedem
1159 775 1272 838 atten-

138 873 228 958 tare,
263 869 297 934 in
322 867 626 955 Langobardisque
658 869 816 956 plurimas
841 868 958 959 nrbes,
986 869 1115 937 scilicet
1139 869 1276 958 Papiam

137 967 336 1053 Pergamum
362 971 396 1034 et
410 966 569 1058 Laudem,
597 966 741 1035 delicere
768 985 808 1034 ac
828 967 938 1055 palem
959 966 1139 1059 defecisse,
1165 969 1274 1037 solum

140 1064 266 1133 Canem
291 1081 365 1132 curn
389 1064 564 1134 Ludovioo
590 1065 727 1135 Mentuc
754 1065 961 1135 dominatore
982 1073 1015 1134 et
1038 1067 1274 1136 Parmensibus

137 1162 305 1232 Ludovici
338 1162 436 1231 fidem
470 1165 639 1255 tenuisse,
675 1182 739 1233 nec
772 1171 882 1232 temen
917 1165 1004 1235 adeo
1032 1165 1074 1233 de
1099 1165 1277 1235 Ludovioo

138 1261 261 1352 fidere,
300 1268 338 1330 ut
370 1263 461 1330 illum
494 1266 578 1331 intre
603 1263 732 1332 urbium
759 1281 893 1332 suerum
919 1267 1028 1334 menia
1054 1262 1275 1335 admitterent.

137 1360 332 1430 Ludovicus
360 1361 410 1430 his
438 1365 650 1448 angustiatus
676 1364 841 1450 pressuris
867 1362 1045 1432 Succinum
1063 1366 1276 1453 municipium

138 1460 231 1550 adiit,
259 1462 444 1548 paucisque
463 1460 581 1530 diebus
605 1479 738 1532 annone
756 1466 789 1530 et
810 1461 1039 1531 alimoniorum
1054 1469 1195 1548 urgente
1213 1481 1275 1531 ce-

139 1560 249 1626 rentie
282 1559 510 1628 Mediolanum
544 1578 664 1628 versus
696 1563 759 1628 iter
793 1559 960 1653 dirigens,
987 1564 1125 1630 traiecto
1151 1558 1276 1630 Ambro

139 1675 239 1726 amne
253 1657 445 1726 Valubrium
467 1658 690 1749 descendens,
718 1662 873 1746 sequenti
889 1659 943 1727 die
958 1659 1180 1746 Gorgozolam
1198 1677 1276 1728 mo-

139 1757 198 1848 vit,
227 1756 392 1825 coloniam
419 1757 535 1826 decem
562 1758 694 1826 milibus
726 1757 828 1826 ferme
853 1759 1010 1846 passibus
1038 1778 1057 1827 a
1081 1757 1279 1826 Mediolano

141 1855 335 1946 distantem,
361 1855 609 1944 identidemque
636 1856 772 1925 resedit.
815 1857 985 1945 Spinetam
1011 1856 1054 1926 de
1078 1857 1276 1945 Malaspinis

139 1954 375 2045 marchionem,
401 1973 462 2044 per
481 1954 604 2024 Canem
623 1954 785 2023 Grandem
806 1955 848 2023 ed
862 1954 1011 2026 Azonem
1033 1957 1278 2046 transmissum·

139 2053 346 2143 dictumest,
373 2053 547 2122 Ludovioo
571 2057 801 2142 acquiesceret
823 2054 997 2145 iidelisquc
1015 2054 1111 2146 soret,
1138 2061 1172 2123 at
1186 2055 1279 2124 illum

137 2153 231 2240 prius
266 2157 406 2221 mortem
438 2152 625 2221 subiturum
651 2152 888 2246 respondisse,
915 2157 951 2224 in
977 2154 1164 2243 eodemque
1189 2173 1275 2244 pro-

141 2253 256 2340 posito
284 2257 318 2319 et
342 2250 615 2321 Mediolanenses
642 2252 723 2322 iore.

212 2349 356 2419 Retruso
375 2369 457 2437 ergo
474 2350 649 2421 Ludovioo
676 2352 718 2420 ad
736 2352 799 2419 hec
816 2348 1017 2419 Lomberdie
1032 2347 1177 2417 ccnlmia
1193 2348 1278 2417 Bel·

138 2447 258 2516 trando
290 2450 434 2519 ecclesie
458 2451 572 2537 legato
604 2453 748 2520 accrevit
777 2452 905 2518 animus
934 2455 1000 2516 tarn
1030 2448 1151 2515 Tuscic
1179 2465 1278 2546 quern

136 2545 289 2616 Marchie
324 2567 364 2617 ac
388 2548 606 2618 Romandiole
641 2553 737 2618 ctiam
768 2550 915 2638 populos
950 2553 983 2615 et
1014 2547 1115 2614 urbes
1142 2562 1183 2612 ac
1210 2546 1278 2614 do-

139 2648 323 2716 minatores
351 2646 394 2716 ad
419 2650 595 2717 amicitiam
622 2649 764 2717 ecclesie
791 2648 934 2736 allicere,
961 2645 1039 2713 dum
1063 2647 1128 2712 iarn
1147 2643 1188 2710 eb
1203 2643 1278 2711 Lu-

141 2745 265 2814 dovioo
292 2747 469 2835 caloreque
495 2749 674 2836 imperialis
693 2746 818 2818 favoris
845 2764 883 2814 se
910 2744 1087 2814 destitutos
1114 2741 1276 2832 viderent,

138 2850 285 2931 urgente
310 2845 387 2915 illos
413 2852 515 2933 metu,
541 2864 584 2913 no
611 2849 750 2916 maxime
775 2847 809 2914 in
833 2863 894 2915 eos
921 2846 978 2932 qui
1003 2843 1049 2910 illi
1076 2841 1279 2911 adheserant

138 2943 261 3011 ulcisci
291 2944 514 3013 meditaretur.
563 2944 631 3013 Sed
658 2952 692 3014 et
717 2946 782 3014 hoc
815 2944 947 3014 iortunc
979 2961 1078 3010 cursu
1112 2942 1161 3009 sic
1190 2959 1281 3010 oon·

137 3048 300 3111 oerueute
318 3043 405 3111 ultra
426 3061 524 3132 quern
546 3045 620 3131 ipse
638 3044 725 3113 idem
742 3049 919 3132 putaverat
936 3041 978 3110 ad
997 3047 1109 3110 votum
1135 3058 1279 3110 succes-.

140 3143 195 3210 sit.
238 3141 437 3210 Franciscns
464 3142 597 3231 quidem
621 3143 664 3212 do
682 3141 870 3233 OrdalaliiS,
898 3142 1002 3230 quiet
1018 3139 1169 3208 Zeechus
1187 3157 1279 3207 nnn-

140 3239 346 3333 cupebatnr,
372 3242 624 3310 Fur-liviensium
650 3245 772 3330 primas
786 3295 795 3331 ‚
832 3259 871 3310 ac
896 3244 983 3309 inter
1016 3257 1075 3308 eos
1101 3245 1279 3327 preceptor

138 3344 174 3407 et
190 3338 357 3427 domiuus,
384 3339 592 3409 Ludovioum
610 3347 642 3408 et
664 3342 869 3409 Teutonicos
889 3339 1088 3429 detestatus
1113 3338 1279 3407 reverenti

136 3443 221 3506 voto
242 3455 316 3506 curn
333 3440 594 3507 Furliviensibus
613 3457 651 3508 sc
679 3440 823 3508 ecclesio
850 3438 1007 3508 devotum
1032 3439 1279 3527 periturumque

136 3542 257 3625 presto
274 3537 402 3628 obtulit,
431 3557 470 3605 ac
488 3539 643 3606 obnixam
666 3538 764 3606 fidem
782 3538 884 3629 dedit,
912 3544 1040 3606 etcum
1063 3534 1279 3604 iureiurando

138 3638 174 3704 iu
191 3637 349 3704 Bononia
369 3638 563 3725 presentiali
580 3654 737 3728 persona,
765 3639 951 3726 paucisque
967 3641 1048 3726 post
1070 3635 1187 3704 diebus
1204 3652 1279 3701 cum

137 3736 192 3803 ccl
218 3735 382 3804 lanceatis
407 3736 574 3824 equitibus
601 3736 644 3804 ed
661 3737 809 3824 legatum
836 3754 875 3804 se
902 3735 1050 3824 contulit,
1077 3750 1279 3820 quacunque

135 3835 279 3902 iusserit
312 3835 400 3902 illurn
433 3837 481 3903 ire
520 3836 683 3923 pariturus
718 3835 816 3904 itlius,
869 3836 972 3905 Filius
1002 3832 1187 3919 Francisci‚
1223 3831 1281 3918 qui

135 3933 303 4002 Faventic
337 3934 435 4021 pulso
467 3940 562 4022 patre
587 3939 737 4025 preerat,
766 3953 839 4017 cum
866 3934 985 4022 quihus
1012 3932 1119 4019 potuit
1143 3929 1280 3996 militum

136 4031 359 4120 peditumque
386 4034 493 4121 copiis
520 4031 609 4100 idem
635 4032 722 4101 iecit.
765 4031 995 4102 Ariminenses
1015 4028 1226 4097 Ravennates
1247 4035 1281 4096 ct

137 4129 244 4200 lermc
282 4148 399 4199 omnes
433 4130 650 4200 Romandiole
677 4137 710 4210 et
737 4131 881 4202 Marchie
911 4129 1026 4220 populi
1053 4127 1278 4204 dominatores

137 4229 253 4300 iecere
271 4227 361 4299 idem
378 4231 553 4300 ct'Tusoie
577 4233 700 4321 pariter
725 4233 893 4303 universa.
931 4227 1065 4300 Marcus
1081 4225 1279 4301 Balatronus
