3096 4882
467 207 531 254 aar.
552 208 673 256 nussum
696 207 858 256 turonicos
878 208 943 254 rur.
1200 179 1270 250 173

129 346 263 416 indices
283 363 463 437 nauseam,
489 346 566 416 illos
592 347 722 416 mentiri
748 345 895 434 superbo
918 347 1029 416 animo
1053 346 1214 435 vultuque
1238 354 1273 416 ot

130 447 245 515 verbis
271 446 402 514 acribus
429 444 620 538 respondit3
655 463 718 514 nec
744 447 816 531 regi
843 463 915 514 eam
941 448 1177 535 reverentiam,
1206 464 1275 535 que·

132 545 305 636 decuerat,
332 543 500 635 deierans,
526 546 561 613 in
577 546 838 614 annuntiatores
854 545 902 612 rei
920 543 1017 614 buius
1036 546 1142 614 minas
1159 546 1272 616 iacta-

134 645 202 714 bat
242 645 281 712 In
308 661 406 731 quem
429 660 506 712 mox
531 645 580 711 ira
605 661 672 712 non
698 643 857 714 mediocri
875 643 1054 714 lacessitus
1080 646 1270 736 insurrexit,

132 762 198 812 nec
223 741 303 810 inde
328 743 434 831 pedes
462 760 635 833 amovere,
660 743 726 812 nisi
752 742 908 812 exhibitis
935 746 1097 833 pecuniis,
1123 745 1272 832 impera·

131 845 192 913 vit
233 843 366 910 Interim
393 843 516 910 Galaaz
542 842 721 930 superbum
748 849 848 931 atque
869 841 1068 912 insolentem
1092 860 1132 911 ac
1151 861 1271 932 parere

131 946 345 1010 recusantem
370 942 405 1008 in
431 947 537 1010 atrum
563 939 762 1029 profundum
788 957 954 1010 carcerem
986 940 1117 1012 detrudi
1143 960 1270 1011 nervo-

132 1058 200 1129 que
226 1038 333 1129 pedes
360 1041 501 1126 astringi
529 1039 619 1108 lecit.
661 1039 809 1129 Moxque
830 1036 913 1130 Aeo,
940 1040 1075 1112 Marcus
1100 1046 1133 1109 ot
1154 1042 1272 1129 reliqui

130 1141 292 1230 prosapie
312 1138 587 1208 Vicecomituma
607 1140 697 1225 regis
715 1139 802 1208 iaoie
821 1141 940 1208 semoti
958 1141 1020 1210 sibi
1039 1141 1179 1229 sparsim
1193 1140 1272 1210 hinc

132 1238 504 1326 atquebincdelituero.
532 1235 694 1326 Omnique
709 1241 810 1327 priori
822 1243 990 1326 potestate
1004 1247 1103 1328 atquc
1117 1241 1271 1308 eminen-

131 1339 182 1406 tia
203 1339 323 1426 privati
345 1345 432 1407 sunt.
472 1337 636 1406 Exhibitis
656 1338 756 1423 igitur
779 1357 838 1408 rex
855 1340 1016 1429 pecuniis,
1045 1356 1218 1408 commune
1239 1344 1272 1407 ot

133 1437 294 1526 populum
321 1442 523 1507 exoneratos
549 1437 647 1505 novis
666 1433 922 1506 collectionibus
939 1437 1134 1507 exhilaravit
1142 1461 1151 1525 3
1177 1439 1273 1525 regi-

132 1538 214 1605 mini
230 1535 424 1626 Mediolani,
444 1542 480 1604 ut
497 1535 725 1623 solempnibus
740 1536 1036 1624 communibusque
1050 1537 1171 1605 civium
1185 1555 1272 1606 con-

134 1635 220 1703 siliis
247 1642 438 1726 regeretur,
466 1633 602 1704 formam
630 1635 732 1705 dedit.
781 1633 1036 1704 Animadversio
1063 1636 1127 1703 boe
1153 1653 1173 1702 a
1198 1635 1273 1704 Lu-

133 1735 256 1803 dovico
272 1736 306 1803 in
324 1735 548 1804 vicecomites
563 1734 650 1802 iacta
677 1738 825 1823 tyrannis
853 1736 971 1803 ceteris
998 1733 1196 1804 bombardio
1213 1736 1270 1803 in-

132 1841 257 1922 gentes
276 1839 416 1902 terrores
440 1835 590 1923 incussit,
618 1840 654 1900 ut
676 1833 718 1903 de
735 1836 812 1922 ipso
837 1833 1026 1902 diffidentes
1049 1833 1210 1922 deinceps
1228 1833 1270 1902 ab

132 1935 208 2002 cius
241 1934 522 2021 supereminentia
556 1936 589 2001 in
626 1934 696 2000 suis
729 1935 827 2001 terris
859 1951 1039 2020 precavere
1073 1933 1270 2002 attentiores

132 2033 271 2120 borent3
297 2051 361 2100 neo
387 2038 497 2100 tamen
524 2031 567 2100 ob
591 2031 627 2100 id
647 2033 848 2120 suspicionis
876 2032 1054 2120 quidquam
1081 2031 1271 2101 ostenden-

131 2139 199 2222 tes,
227 2150 270 2199 ne
288 2137 381 2200 tanto
396 2130 510 2200 labore
528 2138 562 2199 ct
575 2132 735 2219 impensis
759 2137 873 2220 ceptus
897 2131 1035 2200 fiducias
1051 2132 1246 2201 lacerarent.

209 2229 338 2299 lnterea
349 2231 384 2298 in
401 2229 704 2298 hunoLudovicum
724 2238 934 2317 conatusque
951 2238 1016 2298 tam
1030 2236 1271 2318 apertossum-

131 2348 208 2398 mus
243 2329 393 2418 pontifex
425 2330 468 2397 ab
498 2330 603 2398 latere
629 2348 749 2420 unum,
784 2331 914 2398 scilieet
939 2329 1170 2419 boimundum,
1198 2347 1270 2396 erun

132 2431 267 2515 magnis
282 2430 469 2497 militiarum
485 2430 591 2518 copiis
617 2429 651 2496 in
676 2428 908 2497 Lombardiam
933 2429 1070 2518 legavit,
1099 2429 1155 2514 qui
1181 2430 1271 2496 aci-

131 2529 233 2597 vibus
267 2529 567 2615 communitateque
600 2527 715 2596 Parme
749 2527 1056 2616 predominantibus
1088 2524 1211 2594 Rubeis
1237 2529 1272 2594 in

132 2627 284 2696 Parmam
306 2629 472 2697 civitatem
489 2644 562 2695 cum
587 2644 711 2713 magno
731 2625 844 2696 lavore
871 2624 1063 2713 gaudioque
1091 2632 1271 2714 susceptus

134 2733 204 2814 est,
231 2744 376 2815 moxque
402 2727 585 2795 Passarino
612 2725 655 2794 dc
674 2725 861 2794 Bonaeosis
878 2725 1133 2794 Mantuanorum
1159 2723 1272 2792 domi-

133 2827 245 2894 natori
270 2826 392 2895 bellrun
418 2825 589 2894 decretum
615 2825 808 2912 illatumque
834 2830 905 2915 est,
930 2823 1143 2914 depopulatis
1169 2823 1273 2892 Man-

135 2927 247 2994 tuanis
274 2928 386 3015 egum,
418 2924 559 2994 coloniis
587 2923 673 2992 lerro
700 2930 735 2992 et
758 2925 839 3010 igne
866 2924 1071 3015 absumptis,
1098 2939 1172 2992 cum
1197 2923 1273 3012 plu-

134 3027 219 3093 rium
245 3025 497 3112 municipiorum
525 3025 690 3112 captione.

210 3123 272 3192 Per
296 3123 359 3193 bec
382 3128 550 3194 momenta
572 3120 720 3211 Romani,
750 3123 806 3208 qui
823 3121 928 3208 longo
944 3123 1009 3192 iam
1031 3129 1180 3211 tempore
1201 3118 1274 3189 Ro·
1313 3175 1324 3186 .

134 3241 233 3290 mana
260 3225 353 3291 curia
377 3223 412 3290 in
439 3239 552 3291 eorum
578 3222 740 3290 immensa
765 3219 909 3308 dampna
932 3228 966 3290 et
982 3222 1185 3308 ignominias
1212 3238 1274 3289 ca-

134 3323 293 3412 ruissent,
320 3322 454 3408 legatos
471 3323 609 3410 primum
623 3317 820 3388 Avinioncm
841 3318 884 3388 ad
902 3337 1064 3390 summum
1083 3318 1274 3410 pontificem

136 3424 363 3511 transmisere,
390 3422 552 3509 petituros
575 3422 681 3506 iprum
706 3437 864 3486 summum
882 3419 1069 3505 pontificem
1087 3421 1275 3504 curiamque

135 3522 171 3588 iu
192 3519 337 3603 Itcticru,
362 3520 499 3588 Remum
517 3519 651 3602 sciluet,
678 3517 864 3601 tcusfmi,
889 3519 1000 3586 sedem
1021 3523 1171 3586 sunctum
1189 3535 1275 3602 upo-

135 3619 290 3687 stcliccm
313 3639 337 3686 c
359 3618 456 3686 beuta
481 3619 582 3687 Petro
607 3619 797 3702 cunctaque
817 3616 968 3701 putribus
996 3617 1113 3686 ibidem
1128 3632 1274 3701 procoe-

135 3719 293 3803 stitutum,
320 3737 414 3804 uum
430 3735 466 3785 se
482 3722 678 3802 accepturos
693 3717 826 3784 sumum
842 3715 1012 3784 demderiis
1025 3713 1197 3800 succubus
1212 3711 1274 3781 tc-

136 3818 335 3903 ueriburque
359 3816 582 3903 spondebant,
607 3815 858 3900 obediturosque
880 3817 964 3883 cotis
991 3811 1209 3882 connumera
1232 3829 1276 3880 uc

135 3915 346 4002 supplicibus.
390 3916 434 3983 At
453 3916 611 4002 siquidm
635 3913 705 3998 bec,
730 3916 815 3982 deut
837 3913 925 3982 clius
940 3913 1067 4000 pluries
1091 3911 1276 3998 requisitus,

136 4019 299 4100 renuerit,
335 4017 530 4101 utrumque
562 4015 674 4082 sedem
706 4013 902 4094 deseruerit,
937 4012 1134 4080 lodovicum
1165 4028 1276 4097 regem

137 4116 260 4182 dictum
282 4114 520 4198 Romanorum,
547 4115 694 4199 quumvis
713 4130 829 4180 rwmeu
850 4110 1037 4196 titulumque
1055 4110 1277 4178 Romanorum

137 4217 228 4300 repis
253 4215 424 4299 ferentem,
449 4216 483 4282 ic
499 4211 579 4282 urbe
603 4216 808 4297 accepturos,
836 4211 872 4276 ut
892 4209 1007 4295 Rome,
1031 4213 1133 4296 ceput
1157 4210 1276 4294 muudi,
