3052 4878
260 135 304 204 76
577 163 693 210 meomu
714 165 757 209 nr.
780 163 920 209 aurnum.
943 163 1077 208 neuram.

176 319 243 374 raro
332 301 474 371 Domino
490 317 572 386 rege
594 300 628 368 in
647 300 791 369 Novaria
811 303 976 370 existente
992 319 1052 391 per
1069 301 1203 388 aliquos
1221 299 1305 390 dies,
1324 298 1392 368 do-

258 403 368 470 minus
393 399 500 468 Gnido
525 398 567 468 da
590 398 692 468 Turre
708 405 786 467 tuna
809 400 871 468 sibi
890 403 976 470 misit
991 400 1262 489 ambassiatores,
1285 401 1391 488 primo

260 498 349 589 quod
367 501 511 586 veniret;
538 515 598 586 ρετ
616 515 702 585 quos
720 497 837 566 iratres
853 499 1096 588 arehiepiseopi
1111 498 1390 589 Mediolanensis,

260 617 346 687 quos
373 604 471 667 antea
495 615 564 666 non
590 599 742 687 miserat,
775 598 853 666 lieet
878 597 920 666 de
945 595 1009 668 Ast
1042 600 1234 687 petivisset,
1267 597 1392 666 liberos

259 701 393 768 remisit.
420 697 478 766 llle
498 694 558 764 luit
573 698 696 783 primus
714 696 820 786 loouS,
841 698 897 785 qui
917 697 1023 766 solum
1042 716 1061 764 a
1079 696 1272 766 Mediolano
1291 695 1394 764 distat

258 817 318 887 ρετ
342 815 477 886 parvam
503 795 642 884 dietam,
668 794 710 863 ad
737 813 834 882 quem
860 797 964 886 misit,
991 797 1069 863 licet
1094 799 1128 864 in
1153 797 1287 864 eivitate
1310 794 1393 883 Spi-

259 899 350 966 rensi
383 897 529 963 misisset
563 895 705 982 priorem
732 900 765 960 et
795 897 1000 983 suppriorem
1033 895 1278 964 Predieatormn
1314 894 1394 962 Me-

259 995 514 1084 diolanensium,
542 991 632 1081 quod
658 995 739 1060 eitra
763 992 953 1061 Lausauam
981 993 1045 1061 sibi
1072 999 1267 1083 oeeurreret,
1294 998 1395 1082 prout

259 1097 413 1182 superins
442 1098 496 1161 est
520 1098 678 1161 notatum.
728 1090 826 1160 Mora
851 1093 1018 1160 missionis
1052 1095 1240 1162 nuntiorum
1268 1090 1393 1161 domini

259 1192 421 1261 Gnidonis
453 1191 495 1260 de
523 1191 624 1258 Turre
651 1189 694 1258 ad
721 1208 853 1281 regem,
882 1190 1066 1259 seeundum
1092 1210 1132 1260 ea
1158 1210 1224 1279 que
1250 1189 1395 1259 manda-

259 1297 353 1360 verat
373 1310 432 1379 ρετ
450 1290 580 1380 iratres,
609 1291 691 1357 satis
709 1291 742 1356 in
762 1289 863 1358 eorde
883 1292 975 1376 regis
993 1292 1107 1378 posuit
1124 1290 1166 1359 de
1186 1292 1393 1380 suspicione,

258 1391 337 1458 lieet
361 1390 428 1458 illis
456 1389 572 1457 diebus
590 1407 703 1476 pamm
725 1387 919 1457 ostenderat
936 1407 995 1477 per
1014 1389 1177 1478 ellectum,
1206 1407 1278 1456 oum
1296 1405 1391 1456 sem-

257 1506 336 1578 per,
369 1496 660 1577 quantumcunque
694 1494 907 1555 aoousaretur
937 1507 997 1576 per
1023 1489 1107 1556 alios
1135 1488 1243 1557 dietus
1271 1487 1391 1578 Gnido,

257 1607 317 1678 per
343 1606 416 1657 eum
444 1594 669 1658 excusaretur.
706 1584 863 1666 Quamvis
891 1586 932 1654 de
959 1588 1068 1654 mullis
1093 1590 1182 1656 veris
1210 1604 1394 1656 acousare-

257 1694 320 1779 tur,
343 1688 499 1756 videlieet
522 1685 612 1775 quod
630 1685 765 1754 domino
789 1685 966 1754 Guillermo
983 1686 1026 1754 de
1043 1685 1199 1775 Postella,
1217 1688 1273 1773 qui
1288 1688 1394 1755 maior

257 1793 309 1855 est
334 1788 456 1856 nobilis
487 1786 529 1854 de
555 1784 767 1874 Mediolano,
802 1787 941 1871 negavit
973 1786 1086 1853 venire
1118 1784 1160 1854 ad
1186 1786 1392 1873 presentiam

256 1887 347 1971 regis
382 1888 423 1953 iis
450 1885 568 1953 diebus
596 1890 629 1951 et
653 1883 825 1973 pluribus,
854 1889 887 1951 et
916 1882 1007 1969 quod
1032 1885 1105 1971 ipse
1131 1890 1250 1952 terram
1276 1885 1392 1951 mnni-

256 1990 351 2052 verat
377 1986 509 2052 armatis
543 1983 695 2051 omnibus
730 2001 816 2070 quos
848 1982 971 2050 habere
1003 1987 1151 2071 poterat,
1179 2001 1310 2070 semper
1336 1988 1395 2052 ta-

185 2121 187 2125 *
254 2101 341 2174 men,
370 2089 661 2170 quantumcunque
684 2081 818 2149 domino
838 2084 910 2167 regi
930 2081 1104 2171 diceretur,
1131 2085 1238 2170 ipsum
1257 2081 1391 2170 publiea

256 2181 448 2252 excusabat.
485 2182 527 2249 Et
552 2180 686 2249 diaebat
719 2180 918 2268 quibusdam
944 2180 987 2248 ad
1020 2186 1146 2268 partem
1176 2182 1246 2249 suis
1274 2182 1391 2250 amieis

254 2281 410 2371 privatis,
446 2280 537 2367 quod
571 2282 660 2368 prior
686 2285 720 2347 et
751 2281 904 2367 supprior
936 2279 1077 2367 predioti
1101 2280 1391 2370 Mediolanenses

256 2379 318 2448 sibi
353 2379 505 2448 dixerant
530 2381 563 2448 in
590 2381 716 2447 animas
746 2395 845 2470 suas,
872 2378 963 2466 quod
989 2380 1078 2447 bona
1104 2378 1168 2446 ide
1195 2374 1395 2448 intendebat

256 2477 403 2570 obedire,
432 2485 465 2547 et
489 2479 570 2549 nihil
595 2479 672 2545 mali
698 2478 827 2546 eratin
855 2478 955 2546 eorde
982 2495 1045 2546 suo
1072 2480 1157 2546 eima
1183 2495 1267 2547 eum.

329 2578 379 2646 De
408 2579 553 2648 Novaria
585 2577 747 2647 recedens
783 2578 937 2646 transivit
963 2577 1112 2644 Tieinum
1140 2578 1212 2645 sine
1243 2577 1395 2663 navigio.

255 2675 353 2758 Quod
380 2680 568 2746 miraonlum
596 2679 710 2746 rustici
736 2676 777 2744 de
803 2676 954 2765 partibus
981 2675 1147 2766 moenam,
1176 2693 1249 2742 oum
1266 2695 1285 2742 a
1303 2693 1393 2744 oen-

255 2781 323 2844 tum
350 2779 446 2845 annis
473 2795 541 2846 non
569 2783 663 2845 esset
688 2775 845 2865 auditum,
873 2773 963 2863 quod
980 2775 1054 2842 sine
1078 2776 1156 2842 navi
1170 2792 1231 2863 per
1245 2774 1393 2862 aliquem

253 2875 363 2944 looum
389 2877 463 2962 quis
491 2877 682 2944 transiverit
707 2875 796 2942 illam
823 2893 953 2961 aquam.
991 2872 1219 2942 Mediolanum
1245 2891 1393 2962 preaes-

254 2979 345 3041 serat
369 2974 593 3042 marasealeus
626 2975 716 3060 regis
742 2979 877 3061 propter
901 2973 1046 3061 hospitia
1072 2973 1288 3059 assignanda.
1324 2970 1392 3052 Qui

252 3071 375 3138 nullam
401 3072 522 3141 bonam
548 3073 752 3141 voluntatem
779 3072 897 3140 videns
923 3072 956 3139 iu
984 3071 1119 3140 domino
1148 3072 1298 3141 Gnidone
1326 3090 1394 3141 suo

253 3169 397 3258 iudioio,
433 3172 516 3239 satis
542 3173 729 3258 ingressum
758 3170 882 3239 domini
907 3173 998 3257 regis
1024 3174 1131 3239 timuit
1156 3173 1191 3239 in
1217 3171 1393 3240 Mediola-

252 3287 341 3359 num,
363 3270 551 3355 speeialiter
568 3289 642 3338 eum
657 3272 814 3360 palatium
830 3273 1012 3338 eommunis
1030 3269 1139 3339 dietus
1157 3270 1264 3340 Guido
1284 3271 1394 3339 nollet

254 3365 434 3458 dimittere,
468 3370 524 3456 qui
549 3371 658 3457 ipsum
684 3369 906 3459 inhabitabat,
934 3387 997 3436 nee
1024 3370 1261 3459 stipendiarios
1288 3370 1394 3438 vallet

253 3466 443 3556 lieentiare,
471 3469 527 3555 qui
563 3475 657 3536 erant
686 3471 719 3535 in
745 3471 842 3556 equis
869 3466 938 3536 iere
965 3468 1064 3537 mille.
1107 3468 1248 3550 Quando
1273 3472 1308 3536 in
1333 3469 1394 3539 via

253 3566 380 3634 litteras
416 3568 542 3655 recepit
573 3567 764 3635 marasoalei
791 3566 945 3635 dominus
971 3585 1031 3635 rex
1057 3567 1099 3636 de
1128 3574 1217 3637 statu
1243 3569 1392 3637 divitatis

253 3664 519 3734 Mediolanensis
554 3670 587 3733 et
618 3655 803 3735 voluntate‘
825 3665 948 3734 domini
981 3666 1139 3736 Gnidonis
1174 3673 1207 3734 et
1239 3685 1389 3760 suornm,

253 3767 390 3834 retraxit
423 3782 461 3832 se
487 3764 725 3852 aliquantulum
753 3770 848 3833 extra
872 3767 976 3855 viam,
1005 3771 1039 3833 et
1062 3765 1214 3854 predicta
1239 3768 1272 3833 in
1301 3784 1390 3834 eou-

252 3865 328 3932 silio
354 3865 536 3953 proposuit.
577 3863 697 3955 Pauai,
729 3865 769 3932 iis
796 3863 936 3954 auditis,
970 3863 1103 3933 luemnt
1135 3868 1192 3953 qui
1223 3864 1394 3934 auderent

252 3961 338 4031 bene
371 3966 561 4049 ingressum
595 3982 690 4032 suum
724 3963 900 4032 consulere
935 3970 1068 4052 propter
1095 3965 1241 4052 perioula
1266 3963 1392 4052 prodi-

252 4062 369 4152 tionis,
403 4080 468 4151 que
503 4065 598 4150 qrrasi
626 4065 660 4130 in
693 4069 846 4151 promptu
870 4062 1078 4131 videbantur.
1129 4064 1197 4132 Sue
1223 4064 1393 4135 voluntati

251 4163 469 4247 aequiesoens
506 4161 673 4232 mandavit
708 4161 902 4232 festinanter
933 4163 1154 4254 marasoaloo,
1183 4162 1272 4251 quod
1298 4181 1391 4252 pro-

682 4356 695 4443 i
