3044 4882
264 170 335 240 316
585 196 960 246 1ormrmrsurororrmrrsrs.
995 193 1020 263 2,
1038 197 1061 248 5.

263 343 299 404 el
329 335 514 404 Friderious
550 353 688 422 rognum
720 334 896 425 possidere
928 335 1159 425 potentialiter
1196 334 1401 424 inoeperunt.

263 433 491 522 consequenti
527 438 675 524 temporo
707 451 767 522 por
806 435 974 506 connubio
1008 439 1122 504 mutuu
1155 439 1402 502 convenerunt:

263 534 338 602 lrliis
365 532 476 602 Koroli
501 530 633 623 Apulia,
662 532 737 602 filiis
764 533 852 602 Petri
887 534 1017 625 Sicilie,
1058 541 1093 602 et
1124 533 1276 619 utrisque
1306 533 1403 600 titulo

262 634 355 719 regis
383 631 494 699 Sioilie
522 637 556 700 et
579 631 761 701 Ierusalem
787 639 988 702 remanente.
1037 629 1181 719 Reliquit
1206 632 1305 699 etiem
1330 631 1402 699 llu-

263 733 354 801 rolus
382 730 493 820 tilium,
520 749 618 816 quem
644 733 796 820 suscepit
821 732 965 802 eoelesiu
985 730 1237 800 eduorndum..

180 816 246 871 1²⁸⁵
334 827 434 898 Anno
462 828 587 898 domini
613 829 852 900 moolxxxiiii
879 847 966 921 popa
985 830 1173 900 transiitox
1189 827 1405 897 boemundo.

261 929 426 998 Universe
451 928 539 997 vium
566 931 674 997 earnis
704 929 845 999 llorolus
882 937 935 999 est
968 931 1145 1016 ingressus
1181 945 1238 1016 pre
1276 929 1406 995 tristitia

263 1029 351 1096 siout
377 1026 490 1096 lertur.
535 1027 644 1116 Super
675 1029 795 1116 quibus
828 1029 963 1098 ossibus
997 1046 1116 1098 vorsus
1150 1027 1261 1098 Flueei
1286 1028 1405 1116 possi-

261 1143 334 1196 mus
360 1143 544 1217 porsonaro
571 1128 627 1213 qui
653 1125 747 1196 dioit:

359 1224 440 1316 „Sio
465 1223 583 1294 uvidus
609 1224 710 1294 luitur
735 1221 888 1312 indulget
912 1224 1062 1314 piscibus
1086 1222 1217 1313 humus,

387 1322 513 1392 Callida
540 1325 590 1392 sio
615 1323 735 1394 stultus
760 1324 888 1414 deoipit
914 1341 995 1394 esoo
1020 1321 1145 1396 lorus‘.

261 1423 303 1492 Et
329 1419 487 1490 Ouidius:

358 1521 482 1611 „Ludit
506 1523 541 1590 in
567 1521 719 1592 humanis
746 1523 859 1594 divina
880 1523 1034 1612 potentia
1060 1518 1171 1612 rebus,

383 1621 425 1689 Et
450 1625 575 1691 eertum
599 1637 740 1710 presens
766 1624 823 1693 vix
848 1623 949 1692 hebet
974 1616 1196 1692 horodiem“.

263 1801 361 1890 Quod
382 1801 544 1887 liudolfus
567 1820 630 1869 mu
655 1803 738 1871 duos
759 1802 848 1886 filios
871 1820 951 1872 suos
982 1805 1017 1872 ol
1045 1799 1272 1870 munburdum
1298 1803 1405 1870 eond-

360 1905 424 1968 tem
449 1902 550 1968 duces
572 1900 661 1985 seuit.
1251 1901 1334 1986 Cup.
1361 1903 1405 1970 oi.

177 2029 245 2086 1282
310 2011 410 2085 Anno
436 2015 560 2085 domini
586 2017 814 2087 moolxxmvi.
840 2035 899 2086 reu
918 2020 1051 2110 surium,
1071 2019 1159 2088 siout
1178 2015 1301 2086 dudum
1318 2034 1405 2105 pre·

183 2115 243 2155 mu.
261 2115 376 2205 stituit,
405 2114 552 2184 oelehrot
576 2116 610 2183 in
636 2116 804 2202 Augusto.
844 2114 897 2185 Ad
924 2135 1022 2206 qurum
1048 2118 1216 2206 prinsipes
1235 2115 1406 2184 oleotores

262 2230 301 2280 oo
327 2215 382 2282 olii
407 2232 566 2302 prooeres
593 2217 689 2300 regni
715 2233 788 2284 oum
814 2214 956 2285 diversis
971 2215 1140 2285 nobilibus
1158 2219 1406 2306 convenerunt,

262 2310 317 2379 tilii
344 2315 440 2380 etium
467 2314 558 2400 rogis
584 2312 746 2382 Rudolius
774 2312 1000 2405 unibertus,
1028 2321 1127 2402 atquo
1150 2331 1264 2383 oomes
1283 2312 1405 2382 Mein-

261 2409 384 2480 hardus
411 2413 637 2502 sollempniter
662 2412 838 2482 siluerunt.
878 2414 920 2482 Et
946 2432 1091 2500 surgens
1125 2432 1186 2482 rex
1211 2413 1404 2482 concionu-

262 2510 361 2578 tionis
388 2512 558 2580 oraoulum
584 2513 635 2581 sio
662 2512 802 2581 orditur:
831 2512 946 2582 Sermo
970 2511 1063 2581 uobis
1089 2513 1136 2580 orl
1151 2529 1220 2596 oos,
1237 2529 1258 2579 o
1270 2512 1406 2596 primui-

256 2627 328 2694 pes,
354 2609 543 2678 clarissimo
567 2610 712 2680 meurbru
735 2612 848 2698 repul,
880 2615 950 2680 sim
983 2611 1098 2698 quibus
1130 2611 1321 2680 tumeoruu
1358 2613 1411 2678 est

261 2711 435 2794 quicquum
458 2712 493 2777 r'u
516 2712 609 2796 repul
635 2709 900 2796 dispositionibus
925 2713 1067 2780 uetitum.
1089 2744 1092 2750 ·
1113 2711 1211 2780 Seilis
1235 2710 1407 2794 quomodo

260 2807 442 2876 sublimium
466 2811 499 2876 ul
522 2807 734 2894 superborum
758 2809 849 2876 codo
883 2809 1130 2894 eulouoerimus,
1155 2808 1293 2877 rebelles
1319 2807 1406 2876 sub-

261 2907 452 2989 tribuimus,
475 2908 607 2992 perdito
630 2911 947 2993 recuperaverimus„
967 2914 1000 2977 et
1022 2913 1178 2994 puuubrm
1201 2909 1235 2974 r'u
1257 2905 1321 2974 biis
1344 2926 1406 2976 su-

262 3005 447 3072 duoerimus
471 3005 656 3074 nullalenus
673 3007 835 3073 erudimus
851 3025 909 3076 uos
926 3003 1039 3077 lutere.
1082 3006 1293 3076 Poslrrlumus
1310 3023 1408 3092 erpo,

261 3107 298 3170 ul
322 3121 383 3188 pue
398 3106 509 3189 'repro
543 3105 665 3172 uostris
698 3103 865 3173 laboribus
898 3111 973 3174 suut
1003 3107 1135 3176 adiectu
1168 3102 1293 3174 duobus
1323 3105 1408 3186 filiis

261 3203 392 3285 uostris,
417 3207 453 3270 ut
476 3221 588 3272 uorrrm
612 3204 696 3271 ordo
721 3205 756 3270 iu
779 3206 919 3289 prudrrm
940 3205 1077 3292 pronubi
1102 3207 1215 3274 uelem
1239 3202 1408 3288 altiorem,

262 3301 302 3368 m
326 3303 424 3368 uestri
446 3300 576 3385 sonoris
602 3302 808 3370 ummr'meulo
834 3305 1066 3390 comedamur,
1091 3309 1127 3372 ul
1142 3304 1304 3373 clamores
1326 3304 1408 3390 dip-

261 3400 373 3466 rrilotis
398 3400 490 3468 titulo
515 3402 564 3468 ud
594 3403 688 3487 repul
719 3403 819 3470 decus
851 3403 1009 3484 fidelitate
1037 3408 1201 3491 perpetuu
1232 3419 1307 3468 eum
1332 3403 1409 3470 suis

260 3496 431 3568 heredibus
457 3499 675 3567 ascribuntur.
714 3499 774 3566 list
798 3502 882 3568 euim
906 3504 1010 3570 uestri
1030 3502 1194 3590 propositi
1229 3501 1270 3568 de
1295 3503 1407 3568 eomi-

261 3597 344 3665 lr'brrs
369 3599 497 3666 euimiis
531 3600 631 3666 duces
662 3599 780 3683 fouere
812 3600 993 3686 plurimos,
1026 3606 1063 3669 ul
1094 3621 1167 3672 eum
1195 3599 1409 3686 principibus

261 3697 400 3767 sedeunt
423 3701 455 3766 el
478 3698 594 3766 solium
619 3697 724 3782 pluris
748 3700 882 3766 leucum
905 3717 977 3768 oum
999 3702 1129 3770 eisdem.
1168 3700 1284 3767 Comes
1302 3700 1410 3767 etiam

259 3793 611 3866 Meiuburduseodem
634 3795 761 3883 duprul
785 3797 956 3881 desiderio,
982 3801 1032 3866 uir
1056 3801 1409 3888 oprerlr'eusetrepre-

261 3896 354 3964 diuus
379 3896 428 3962 od
449 3913 562 3982 rupem
585 3911 726 3982 perperis
751 3896 889 3981 imperio
911 3898 1019 3980 [idelis
1045 3899 1273 3978 isimbertus,
1308 3899 1409 3965 euius

260 4008 377 4062 uomere
398 3995 589 4081 prinoipem
613 3990 781 4062 nouorum
806 4013 1000 4085 rusperpure
1024 4000 1232 4081 interdimus,
1265 3996 1321 4082 qui
1344 4013 1410 4063 re-

260 4091 354 4178 pibus
379 4096 412 4158 el
434 4093 685 4180 imperatoribus
710 4096 917 4162 uecessurr‘us
951 4101 1001 4163 est
1031 4103 1065 4164 et
1094 4112 1222 4182 semper
1252 4093 1317 4178 soil
1350 4096 1410 4162 iu-

261 4187 422 4262 lrurrtibus
447 4195 480 4258 el
503 4191 695 4265 romulides
717 4193 920 4277 prouinciam
945 4195 1113 4266 Italorum.
1156 4195 1215 4264 Cui
1241 4197 1411 4282 proposi-
