3028 4878
259 201 330 271 not
636 229 762 275 uranum
784 230 1018 278 nunnrrouuusrs.

261 369 401 437 utilitate
429 366 571 436 ecclesie
599 385 659 436 sue
693 370 859 456 incapite
887 375 921 436 et
941 370 975 435 in
1004 367 1158 436 membris
1186 367 1332 436 dominia
1357 372 1388 433 et

260 468 500 556 possessiones
527 468 748 535 municionum
775 467 944 552 Rotingen
970 466 1180 553 Yngelnstad
1197 474 1230 535 et
1248 465 1393 534 Rioben-

260 566 345 652 berg
372 583 572 653 suarumque
598 567 869 654 pertinentiarum
896 585 969 634 curn
994 566 1120 633 iuribus
1143 572 1338 654 patronatus
1365 575 1397 632 et

261 665 494 735 collationibus
530 665 702 753 parrochie
737 664 857 733 ibidem
885 667 917 733 in
946 666 1172 756 Yngelnstad,
1201 672 1235 734 et
1259 665 1394 734 duarum

261 764 459 853 capellarum
488 766 592 831 sancti
619 765 704 832 Petri
732 771 764 832 et
790 765 891 832 Blasii
916 764 1039 832 ibidem
1064 766 1098 831 in
1124 764 1310 854 Rotingen',
1337 781 1396 851 pro

261 863 379 932 decern
416 870 449 931 et
483 869 610 951 septem
653 863 783 931 milibus
821 863 975 931 librarum
1009 864 1207 932 ballensium
1243 883 1263 932 a
1293 862 1396 930 nobili

262 962 421 1031 llraltone
448 961 490 1030 de
516 961 724 1052 Hobenlocb,
752 963 852 1050 paulo
879 967 956 1030 ante
982 965 1087 1051 ipsius
1114 962 1238 1031 domini
1264 958 1398 1030 Ottonis

263 1062 402 1150 obitum,
430 1063 489 1128 rite
517 1054 626 1149 emit¹‚
662 1067 695 1128 et
722 1059 869 1129 eiusdem
902 1067 1046 1149 pecunie
1079 1068 1207 1150 septem
1240 1062 1330 1129 milia
1358 1061 1398 1126 li-

263 1161 391 1229 brarum
418 1160 615 1228 ballensium
644 1161 840 1248 etamplius
867 1159 943 1228 dum
972 1163 1054 1229 uixit
1079 1161 1238 1249 depagari
1265 1163 1399 1228 curarit

181 1275 246 1328 laus
337 1257 485 1327 Subinde
517 1277 651 1346 quoque
679 1276 756 1327 mon
781 1259 885 1347 proch
912 1258 1008 1328 dolor
1037 1261 1194 1328 vicesima
1217 1260 1319 1328 tercia
1344 1259 1398 1327 die

183 1359 242 1464 ⁴33⁶·
264 1358 412 1426 eiusdem
431 1359 555 1425 mensis
583 1360 717 1443 augusti
742 1359 843 1445 paulo
871 1364 947 1426 ante
975 1360 1088 1428 boram
1115 1360 1339 1448 vespertinam
1367 1360 1402 1425 in

262 1457 444 1545 Herbipoli,
471 1462 583 1524 castro
600 1459 720 1525 montis
740 1459 838 1525 beate
857 1459 995 1543 virginis
1014 1459 1130 1548 llario,
1154 1461 1188 1526 in
1208 1458 1401 1526 dulcissimo

261 1556 339 1625 lesu
366 1556 497 1624 Christo
524 1573 662 1644 compos
690 1558 807 1624 mentis
839 1557 960 1624 devote
987 1557 1068 1625 obiit
1093 1566 1230 1647 propter
1256 1561 1399 1645 aposte-

261 1657 444 1725 macioncm
463 1674 525 1723 seu
549 1656 828 1723 inulceracionem
854 1657 1030 1747 pulmonis,
1058 1659 1236 1725 christiano
1264 1655 1400 1743 quidam

262 1760 295 1822 et
313 1754 437 1822 salubri
455 1755 518 1822 ime
536 1772 596 1842 per
622 1753 676 1822 dei
699 1755 905 1822 clementiam
931 1757 1030 1824 vitam
1058 1773 1152 1824 suam
1179 1755 1401 1824 concludens

337 1854 391 1922 Sic
413 1855 526 1941 itaque
550 1853 637 1920 idem
666 1853 819 1922 dominus
848 1851 927 1922 Otto
955 1853 1009 1922 dei
1036 1861 1069 1922 et
1096 1856 1185 1924 sedis
1213 1853 1402 1943 apostolice
1499 1901 1500 1938 ,

261 1954 374 2038 gracia
399 1953 432 2019 in
451 1954 645 2040 episcopum
663 1953 939 2040 Herbipalensem
955 1957 1120 2043 provisus,
1149 1957 1299 2022 existens
1317 1955 1404 2040 qui·
1499 1941 1500 1992 t

262 2050 336 2118 dem
362 2053 396 2118 in
424 2068 485 2118 suo
512 2053 671 2136 regimine
697 2053 859 2139 pastorali
884 2069 1002 2120 revera
1022 2053 1151 2121 humilis
1178 2053 1319 2141 pudicus
1339 2069 1401 2120 so-

261 2149 352 2217 brius
373 2155 500 2237 ¹castus
532 2149 680 2237 prudens
715 2152 847 2236 quietus
881 2151 955 2238 pius
983 2150 1089 2219 dulcis
1116 2160 1228 2220 rectus
1255 2151 1402 2219 affabilis

262 2255 296 2317 et
321 2239 497 2334 benignus
514 2249 651 2336 paciens
680 2255 712 2315 et
744 2256 936 2318 mansuetus
964 2250 1094 2318 duravit
1118 2251 1274 2319 undecim
1301 2251 1402 2318 annis

263 2353 295 2414 et
317 2365 438 2416 novem
456 2348 627 2416 mensibus
654 2349 762 2415 minus
790 2365 909 2416 novem
937 2348 1066 2440 diebuS,
1094 2350 1153 2418 sed
1169 2351 1401 2439 episcopatum

261 2445 416 2534 possedit
435 2447 550 2516 decern
573 2448 670 2514 annis
693 2449 800 2514 minus
821 2453 898 2516 ooto
920 2446 1048 2515 diebus.
1087 2450 1127 2516 Et
1146 2450 1230 2517 sicut
1249 2454 1401 2536 tempore

262 2547 432 2632 regiminis
450 2547 501 2613 sui
519 2546 697 2634 pastoralis
717 2545 848 2613 luerunt
868 2548 946 2613 anni
973 2545 1098 2616 tortiles
1118 2556 1151 2615 et
1168 2547 1298 2636 uberes,
1310 2566 1401 2634 qua-

261 2644 343 2713 libet
362 2645 494 2713 caristra
510 2647 682 2732 presertim
698 2650 763 2712 tarn
784 2647 850 2712 vini
869 2663 966 2732 quam
985 2646 1074 2714 bladi
1095 2649 1129 2713 in
1146 2664 1209 2715 suo
1227 2648 1401 2735 episcopio

263 2744 379 2832 procul
397 2750 495 2831 mota,
510 2745 556 2811 ita
572 2742 810 2811 [amblademia
828 2763 924 2830 quarn
943 2745 1107 2813 vindemia
1118 2745 1204 2814 adeo
1216 2763 1276 2834 per
1286 2745 1400 2813 divine
1499 2823 1500 2828 η

262 2842 426 2928 largitatis
454 2841 661 2910 altluenciam
679 2849 827 2930 tempore
854 2844 907 2910 sui
935 2843 1044 2912 obitus
1072 2847 1104 2912 in
1122 2845 1309 2914 Franoonia
1335 2844 1402 2911 ba-

262 2941 455 3009 bundabant
490 2945 523 3009 et
556 2940 852 3009 habundescebant
883 2943 1032 3032 uberter,
1067 2944 1157 3031 quod
1189 2946 1296 3034 ipsius
1332 2944 1401 3011 vite

264 3039 371 3108 finalis
390 3041 468 3108 anni
488 3038 701 3109 fructuositas
718 3041 829 3110 utilior
849 3048 882 3108 et
899 3042 1125 3130 acceptibilior
1149 3043 1196 3110 ibi
1222 3043 1284 3111 init
1301 3061 1401 3128 quam

264 3139 402 3227 copiosa
433 3139 606 3208 multitudo
640 3138 803 3206 tractuum
836 3143 1009 3227 presertim
1038 3143 1106 3210 vini
1132 3143 1210 3210 anni
1235 3142 1403 3210 millesimi

265 3240 490 3306 trecentesimi
516 3239 681 3306 trecesimi
708 3237 846 3306 secundi
870 3238 1021 3326 predicti.

338 3336 476 3404 Domum
502 3339 674 3422 signanter
696 3343 748 3405 est
772 3337 953 3424 sciendum,
982 3338 1072 3424 quod
1095 3338 1268 3427 sepefatus
1290 3341 1402 3409 domi-

265 3451 328 3502 nus
355 3431 434 3502 Otto
461 3435 629 3503 Woliskel
656 3438 689 3503 in
723 3443 833 3504 castro
860 3439 980 3504 montis
1006 3437 1104 3505 beate
1131 3438 1236 3507 blarie
1262 3442 1402 3526 virginis

264 3533 518 3622 Herbipalensis
545 3533 652 3602 iuerat
677 3541 860 3623 conceptus
877 3537 1012 3622 genitus
1032 3536 1220 3625 baptizatus
1238 3555 1279 3606 ao
1297 3542 1402 3608 eciam

265 3632 436 3702 educatus.
478 3631 642 3720 Quodque
671 3631 748 3702 Otto
776 3634 943 3702 Wollskel
978 3652 1060 3704 avus
1092 3655 1190 3726 suus,
1219 3646 1403 3727 scopator

265 3730 408 3822 Ottonis,
436 3735 537 3821 patris
563 3734 670 3820 ipsius
697 3732 821 3801 domini
850 3730 981 3802 Ottonis
1010 3737 1170 3826 episcopi,
1199 3743 1233 3805 et
1250 3735 1400 3824 llychol-

265 3832 317 3902 ius
344 3831 451 3900 dictus
477 3849 544 3901 von
571 3832 633 3900 der
660 3834 773 3920 yserin
793 3832 910 3922 Hosin,
938 3839 1032 3921 pater
1047 3842 1194 3902 materne
1212 3837 1287 3903 avie
1305 3838 1401 3904 eius-

265 3930 341 3999 dem
367 3930 492 3999 domini
517 3932 678 4021 episcopi,
706 3932 826 3998 milites
853 3933 1083 4000 ministeriales
1104 3934 1236 4021 quidem
1254 3934 1400 4003 ecclesie

266 4028 520 4119 Herbipalensis
548 4038 581 4099 et
607 4037 800 4099 castrenses
827 4030 906 4098 dicti
934 4033 1045 4122 castri,
1072 4031 1159 4100 idem
1178 4041 1322 4101 castrum
1340 4051 1401 4121 pro

265 4129 342 4218 ipsa
376 4130 520 4200 ecclesia
559 4131 702 4200 retinere
737 4137 895 4198 strennue
932 4136 964 4198 et
996 4133 1164 4217 sagaciter
1197 4139 1404 4202 curaverunt.

303 4249 333 4313 l)
353 4264 394 4304 aru
412 4251 425 4303 1
445 4266 501 4320 aug.
524 4253 597 4320 t3t5,
615 4252 697 4320 vergi.
716 4252 776 4320 Reg.
796 4253 863 4306 Boio.
882 4251 909 4317 8λ
925 4250 965 4304 t9.
997 4271 1013 4295 ο
