3028 4878
268 182 338 252 392
589 209 732 256 ronrnurs
752 207 961 254 vrcromeusrs.
997 207 1021 272 5,
1039 205 1063 258 3.

268 346 472 418 transfertur.
506 349 586 416 Post
599 347 685 415 hanc
700 346 792 414 duxit
802 342 987 436 Atheidem,
1007 347 1104 415 tiliam
1115 344 1210 414 ducis
1224 345 1399 414 Brunswi·
1454 340 1457 366 “

267 449 390 538 censiS,
418 447 511 514 euius
539 463 687 515 sororem
714 444 828 513 habuit
853 445 1029 533 imperator
1056 444 1399 532 Constantinopolita-

268 564 342 616 nuS.
385 546 528 613 Tertiam
556 544 649 614 duxit
674 544 761 611 banc
787 544 989 632 Beatrioem,
1017 545 1112 612 cuius
1139 560 1225 630 eque
1252 561 1400 611 sororem

267 649 346 734 post
370 645 541 712 transitum
567 645 671 732 prime
700 641 1090 731 Constantinopolitanae
1117 642 1231 710 babuit
1255 643 1400 730 impera-

268 750 331 835 tor,
359 745 452 811 cuius
478 742 620 811 heredes
647 742 821 828 hucusque
847 741 968 808 ibidem
994 743 1232 830 principantur.

187 856 254 912 reto
342 839 441 910 Anno
468 833 1036 910 dominimccc.xx.1Ludewtcus
1070 839 1227 930 oppidum
1257 837 1405 908 Miiidori

187 940 259 981 surr.
270 942 390 1031 cingit,
417 939 460 1008 ad
486 941 580 1007 cuius
608 941 873 1029 exemptionem,
897 945 931 1006 et
957 938 1234 1024 Saiozburgensis
1260 939 1402 1025 presulis

269 1039 429 1128 adquam
454 1037 626 1127 spectabat
651 1038 916 1127 subventionem,
939 1055 981 1106 ex
1001 1035 1137 1108 Austria
1152 1036 1349 1126 Fridericus,
1373 1043 1404 1104 et

270 1156 312 1206 ex
331 1138 465 1206 Swevia
483 1156 555 1204 eum
572 1137 676 1224 copiis
698 1135 821 1224 prodiit
844 1135 1050 1224 Loupoidus
1086 1135 1148 1218 Qui
1173 1135 1402 1226 Ludevvicum,

268 1242 403 1325 pontem
430 1236 492 1304 Eni
519 1234 659 1303 tluminis
685 1252 789 1324 prope
817 1234 951 1322 opidum
971 1237 1112 1303 maxima
1135 1228 1299 1320 lignorum
1319 1252 1403 1302 oon-

269 1339 407 1421 gestura
434 1333 620 1402 dissolvere
648 1331 846 1423 cupientem,
873 1352 915 1402 ne
943 1340 1037 1402 esset
1062 1336 1219 1402 transitus
1240 1333 1403 1402 Friderieo

270 1450 343 1500 cum
369 1438 486 1521 patruo
513 1450 575 1502 suo
602 1432 777 1522 Heinrioo,
806 1421 1008 1520 compellunt
1031 1451 1091 1520 per
1116 1432 1249 1500 modum
1277 1432 1403 1518 diiiugii

268 1531 401 1624 ingredi
422 1530 649 1620 Ratisponam.
682 1530 868 1599 Fridericus
893 1537 1001 1599 autem
1021 1537 1054 1599 et
1072 1530 1268 1619 Leupoidus
1286 1537 1403 1598 terram

269 1635 425 1720 potenter
449 1631 673 1720 percursitant
699 1633 732 1696 et
757 1628 945 1718 devastant,
972 1630 1103 1698 nemine
1130 1632 1321 1698 resistente.

188 1735 255 1790 1322
343 1726 442 1797 Anno
477 1728 601 1798 domini
634 1729 835 1798 mcccxxii.
869 1728 1036 1796 Iohannes
1072 1748 1160 1816 papa
1191 1727 1403 1796 Ludewicum

271 1828 720 1917 Tholosanumepiscopum,
744 1844 785 1895 ex
801 1828 965 1912 sanguine
986 1833 1107 1914 regum·
1119 1826 1231 1894 Sicilie
1251 1833 1286 1894 et
1298 1828 1401 1896 Fran-

270 1928 331 2016 oie,
359 1926 400 1994 de
428 1926 542 1994 ordine
568 1925 751 2016 Minorum,
780 1925 1005 2014 canonizavit,
1035 1927 1175 2013 eiusque
1201 1928 1301 1994 vitam
1328 1925 1401 1994 stiio

269 2024 613 2112 mirifico-decoravit,
642 2030 675 2092 et
700 2026 808 2112 ipsum
835 2025 1063 2112 episcopatum
1090 2027 1123 2091 in
1144 2025 1258 2112 plures
1285 2023 1401 2092 subdi-

269 2125 348 2190 visit
373 2123 568 2210 katbede,
596 2122 764 2190 subiciens
791 2140 908 2190 omnes
935 2124 1037 2211 prime
1064 2123 1240 2211 metropoli
1267 2129 1301 2192 et
1326 2121 1401 2190 son-

270 2221 337 2312 tali,
366 2222 492 2289 scilicet
518 2222 660 2290 ecclesie
686 2213 908 2290 Tholosane².

346 2319 1401 2410 HocannomarsoalcatusStyrie,deiroientibusnobilibusviris

274 2418 316 2487 de
334 2419 504 2488 Wildcnia
532 2421 588 2506 qui
607 2418 651 2486 ad
676 2418 764 2486 hunc
790 2419 920 2487 fuerant
944 2418 1103 2508 heredati,
1131 2418 1298 2487 advirum
1325 2437 1402 2506 pm·

272 2517 405 2586 dentem
427 2525 460 2587 et
479 2524 671 2587 strennuum
690 2535 775 2604 eque
794 2518 939 2586 nobilem
954 2517 1190 2604 Herdegenum
1212 2517 1254 2585 de
1271 2517 1403 2585 Pctovia

273 2633 423 2704 congruo
449 2635 666 2704 recompenso
693 2619 804 2704 precio
831 2621 865 2684 et
889 2615 1014 2684 favoris
1045 2618 1227 2704 principum
1253 2617 1400 2683 ammini-

273 2717 348 2784 cuio
377 2722 429 2784 est
454 2716 636 2784 translatus
665 2716 755 2783 etin
781 2733 862 2784 suos
888 2720 1045 2803 posteros
1073 2715 1342 2803 transplantatus.

196 2847 256 2889 nra.
346 2813 420 2883 Hoc
440 2834 527 2884 anno
545 2814 721 2882 Heinricus
743 2813 810 2881 dux
829 2811 963 2883 Austrie
986 2832 1058 2882 cum
1078 2813 1285 2881 multitudine
1307 2813 1398 2900 equi-

202 2919 255 2959 nn
272 2917 339 2980 tum
367 2912 410 2980 ad
435 2915 627 3000 petitionem
655 2912 796 2980 ecclesie
828 2914 920 2981 venit
944 2913 1087 2980 Brixiam
1117 2918 1232 2980 contra
1258 2911 1398 2980 Viceco·

271 3011 380 3101 mites,
407 3011 618 3100 Mempheum
632 3010 758 3078 sciticet
772 3015 805 3078 et
819 3010 904 3079 idios
926 3028 1016 3079 suos.
1052 3012 1092 3080 Et
1109 3013 1215 3080 visum
1234 3017 1287 3078 est
1307 3026 1397 3100 pape,

273 3108 497 3196 quodminus
524 3111 653 3178 seriose
681 3110 819 3194 negotio
845 3108 1042 3177 intenderet.
1074 3109 1189 3178 Parum
1211 3110 1298 3177 enim
1322 3125 1397 3198 pro-

272 3206 409 3298 iiciens,
446 3215 523 3296 post
548 3209 670 3276 multos
705 3212 865 3275 tractatus
892 3210 925 3276 in
951 3205 1179 3276 Alemanniam
1206 3207 1248 3275 ad
1274 3207 1397 3275 t'ratrum

272 3307 427 3374 auxilium
458 3309 645 3387 etinstans
679 3306 816 3394 pretium
844 3311 896 3374 est
926 3323 1121 3395 regressae,
1149 3306 1239 3396 quod
1265 3325 1324 3395 per
1347 3306 1397 3372 iu-

271 3405 435 3493 terpolata
451 3410 600 3493 tempora
614 3404 656 3472 ad
683 3405 855 3472 multorum
882 3404 1086 3474 districtuum
1113 3424 1218 3474 rerum
1242 3411 1276 3472 et
1296 3404 1397 3472 homi-

272 3521 349 3571 num
382 3503 591 3592 dispendium
625 3521 733 3592 usque
765 3504 830 3571 huo
863 3505 959 3571 anxie
988 3511 1041 3574 est
1064 3510 1272 3594 pertractum.
1311 3501 1397 3590 Quia,

270 3608 308 3671 ut
334 3600 466 3672 Oratius
494 3603 586 3671 dicit:

370 3702 481 3793 „Dum
507 3701 637 3789 tugiunt
663 3706 810 3790 equitum
837 3710 951 3794 turmo,
977 3702 1191 3792 peditumque
1214 3708 1354 3790 caterve,

394 3799 477 3869 Mox
503 3802 639 3870 trahitur
664 3803 815 3871 manibus
842 3821 956 3888 regum
984 3801 1114 3871 fortuna
1138 3797 1304 3869 retortis“

271 3895 370 3967 Anno
393 3899 511 3974 eodem
533 3900 615 3970 ordo
639 3901 883 3969 Predioatorum
903 3919 1023 3990 apapa
1046 3903 1233 3969 canonizari
1257 3902 1398 3968 sanctum

273 3998 432 4066 Thomam
466 4000 563 4087 petiit
595 3999 636 4067 de
662 3997 815 4090 Aquino,
852 4018 949 4088 quem
977 4001 1088 4070 verbis
1116 3999 1324 4088 Salomonis,
1350 3993 1399 4082 qui

306 4148 337 4212 t)
356 4153 410 4204 erst
433 4148 519 4204 stand:
543 4153 685 4204 mcccxxi.
737 4151 768 4218 2)
793 4149 856 4207 Dies
878 4151 942 4206 alies
965 4149 1078 4220 geschah
1104 4151 1176 4206 nicht
1202 4151 1269 4206 1322
1292 4147 1397 4206 sordem

272 4216 338 4269 1317
355 4218 435 4284 vergi.
453 4217 576 4284 itavnaldi
594 4217 660 4271 Anu.
681 4219 745 4284 ecci.
