3096 4882
476 232 544 279 vrrn
565 234 673 280 unnom
695 233 803 289 ounnrr
825 235 884 279 rur.
1175 205 1242 273 251

114 370 280 460 predictus
316 375 385 439 erat
417 377 554 460 patruus
588 372 695 459 ipsius
730 371 882 462 domine,
911 377 945 440 et
970 370 1105 440 dicebat
1129 389 1167 440 se
1193 371 1245 440 ius
1265 385 1331 440 133⁵

114 470 234 538 babere
252 471 288 538 in
305 487 411 556 regno
429 471 567 539 Polonie
588 470 767 562 interioris,
793 471 978 540 asserendo
1006 469 1097 559 quod
1123 469 1246 539 semina

113 587 179 637 non
203 575 324 659 posset
349 568 535 638 hereditare
562 570 596 636 in
622 587 739 656 regno.
784 571 826 639 Et
860 571 909 639 sic
941 588 1062 657 guerra
1087 588 1107 637 a
1132 569 1245 656 longis

113 668 313 757 temporibus
349 667 526 737 duraverat
559 669 645 736 inter
679 685 779 754 reges
814 669 949 738 Beemie
977 675 1011 737 ct
1035 669 1245 737 Kazomirum

112 785 151 835 ac
174 773 302 854 patrem
328 784 424 834 suum
451 766 618 854 qnondam
644 766 865 836 Wiadislaum
883 769 1018 836 nomine
1039 784 1139 853 rages
1159 765 1244 834 Cra·-

112 867 205 934 covic
227 884 290 934 scu
312 865 477 934 inferioris
495 865 643 956 Potonie,
671 867 785 954 sicque
812 867 867 934 illa
894 884 1015 952 guerra
1042 864 1245 935 concordata

110 964 169 1033 tuit
193 983 254 1054 per
271 965 455 1053 predictum
482 983 596 1050 regem
614 966 773 1051 Ungarie.
818 963 882 1046 Qui
896 971 1030 1054 propter
1048 964 1112 1034 boo
1127 964 1245 1050 ligavit

111 1083 148 1132 se
174 1069 208 1132 et
232 1065 383 1153 promisit
409 1081 487 1132 esse
510 1066 544 1131 in
568 1063 731 1132 adiutorio
748 1065 850 1152 patris
868 1067 974 1132 nostri
990 1070 1106 1132 contra
1124 1063 1244 1132 ducem

108 1161 253 1254 dustria,
282 1165 337 1250 qui
364 1163 548 1231 abstulerat
572 1161 663 1230 fratri
686 1169 802 1233 nostro
829 1162 983 1232 ducatum
1001 1162 1183 1251 Kerinthic,
1211 1167 1245 1231 et

111 1267 227 1331 contra
258 1261 465 1330 Ludcvicum
496 1260 689 1350 predictum.
743 1262 797 1330 Hii
830 1267 939 1330 autem
966 1261 1097 1331 inerant
1121 1263 1156 1329 iu
1181 1261 1245 1328 hac

109 1362 192 1448 liga:
222 1361 349 1429 seilicet
372 1367 467 1449 pater
492 1364 615 1450 noster,
643 1379 703 1430 rex
719 1361 876 1450 Ungarie,
904 1361 972 1430 dux
987 1362 1127 1429 Bavarie
1145 1359 1244 1428 Hen-

109 1462 196 1529 ricus
231 1461 287 1547 qui
321 1477 471 1528 sororem
506 1465 653 1529 nostram
684 1459 829 1528 habebat
861 1461 894 1526 in
920 1478 1068 1528 uxorem.
1117 1457 1244 1528 Eodem

109 1566 259 1648 tempore
285 1561 373 1628 misit
397 1577 462 1627 nos
487 1565 584 1648 pater
609 1565 726 1628 noster
751 1560 785 1626 in
813 1560 1002 1628 comitatum
1029 1559 1181 1647 Tyndis,
1207 1562 1246 1624 ut

109 1658 252 1726 eundem
279 1660 540 1744 gubernaremus
566 1675 606 1725 ac
624 1657 755 1726 tratrem
781 1663 931 1726 nostrum
950 1676 1024 1726 cum
1051 1674 1114 1726 sua
1138 1673 1243 1725 uxore

108 1759 191 1846 ipsis
226 1758 446 1826 existentibus
479 1760 513 1826 in
544 1763 631 1825 etate
657 1757 784 1846 puerili.
839 1757 962 1844 Sicque
990 1761 1107 1824 cuntes
1132 1757 1244 1824 intro-

108 1857 258 1924 misimus
285 1875 349 1926 nos
375 1856 417 1924 de
444 1856 506 1925 biis
533 1858 619 1924 sicut
644 1862 739 1945 pater
761 1862 877 1924 noster
898 1857 1108 1924 commiserat
1132 1855 1242 1943 nobis

107 1953 297 2042 fuimusque
324 1955 461 2024 admissi
487 1955 530 2023 ad
556 1956 705 2041 regimen
726 1955 814 2024 illius
839 1957 945 2044 patric
971 1972 1031 2044 per
1057 1957 1243 2041 terrigenas

109 2056 286 2123 comitatus
313 2053 503 2143 supradicti.

183 2153 347 2243 tempore
365 2153 567 2222 succedente
584 2157 663 2241 post
683 2152 810 2241 pascha
836 2151 890 2220 dic
914 2152 1069 2240 sequenti
1094 2168 1328 2236 congre-1336

108 2269 308 2340 gereremus
329 2255 509 2321 exereitum
527 2250 569 2319 de
587 2253 744 2320 comitatu
770 2251 915 2340 Tyrolis‚
943 2258 977 2319 ct
1001 2253 1241 2319 intraveramus
1264 2256 1324 2362 flii·

108 2352 227 2420 vallem
242 2345 446 2441 Pustbarie¹,
474 2351 655 2418 Prixiensis
675 2349 844 2438 dyocesis,
871 2367 972 2438 super
997 2353 1149 2416 comitem
1169 2348 1242 2417 Go-

107 2452 197 2542 maie,
226 2456 261 2518 et
286 2452 525 2538 acquisivimus
553 2456 697 2518 castrum
719 2450 839 2516 montis
861 2447 1160 2516 sanctiLamberti.
1201 2447 1244 2515 Et

108 2551 320 2619 transivimus
347 2550 487 2619 ulterius
514 2566 616 2636 super
640 2547 824 2636 predictum
840 2548 1003 2635 comitem,
1032 2545 1242 2613 etdcvasta-

107 2650 215 2717 vimus
242 2655 348 2717 terras
374 2667 453 2716 suas
480 2665 587 2734 usque
610 2647 758 2714 clausam
782 2651 1007 2735 quevccatur
1023 2637 1165 2712 Luncz².
1201 2643 1243 2711 Et

107 2746 227 2816 suimus
254 2749 289 2815 in
314 2749 438 2835 campis
465 2765 540 2815 cum
565 2745 713 2833 predicto
742 2745 890 2812 exercitu
916 2743 1022 2812 tribus
1049 2743 1242 2832 septimanis

106 2847 225 2916 inilia
251 2847 500 2930 devastacione,
528 2845 607 2931 quia
633 2851 703 2912 erat
728 2843 860 2912 adiutor
877 2843 997 2913 ducum
1015 2840 1150 2910 Austrie
1176 2843 1241 2909 ini-

106 2947 264 3014 micomm
284 2952 482 3014 nostrorum.
524 2945 562 3011 ln
580 2945 727 3011 crastino
744 2943 834 3011 beati
861 2943 995 3029 Georgii
1021 2943 1161 3010 martiris
1183 2939 1242 3007 iu·
1274 2953 1308 3006 an

104 3049 200 3131 gavit
225 3050 452 3134 paternoster
471 3041 626 3112 Ottonam
652 3041 770 3111 ducem
792 3040 926 3111 Austrie
952 3042 1037 3110 ultra
1053 3040 1242 3110 Danubium

107 3151 141 3210 ct
169 3145 347 3232 acquisivit
372 3145 472 3212 multa
497 3150 607 3210 castra
633 3143 666 3209 in
692 3138 840 3210 Austria.
882 3140 1167 3209 Ludcviousverc
1186 3140 1243 3226 qui

105 3261 144 3311 se
173 3244 313 3330 gerebat
338 3261 398 3331 prc
424 3246 622 3330 imperatore
642 3240 820 3309 adiuvabat
843 3239 947 3308 duces
961 3237 1106 3330 Austrie,
1134 3243 1167 3306 et
1182 3254 1243 3326 per

106 3359 324 3430 consequens
357 3347 426 3410 tota
452 3339 643 3429 Alcmania,
672 3340 980 3426 gubernatoresque
1013 3339 1180 3406 civitatum
1206 3338 1242 3404 in

102 3440 318 3532 Lcmbardia,
347 3446 381 3508 et
407 3441 597 3530 specialiter
615 3438 780 3507 Mastinus
799 3437 841 3506 de
862 3438 894 3506 la
917 3437 1014 3506 Scala
1039 3437 1243 3523 gubernator

103 3539 326 3630 Veronensis,
353 3539 546 3628 Vincencie,
573 3538 697 3628 Paduc‚
725 3538 876 3626 tervisin,
903 3537 1023 3627 Brixia,
1052 3535 1241 3603 Parmensis

103 3645 139 3707 et
173 3638 403 3708 Luccancnsis
439 3640 616 3707 civitatum.
663 3635 787 3705 Omnes
822 3637 867 3703 hii
901 3655 966 3705 nos
994 3642 1027 3704 et
1053 3636 1242 3703 comitatum

103 3738 243 3827 Tyrolis
270 3736 474 3806 invadebant
499 3743 570 3806 toto
596 3754 710 3828 posse,
737 3737 783 3803 ita
804 3734 894 3822 quod
914 3737 1029 3804 civitas
1049 3732 1242 3801 Tridentina
1345 3808 1346 3811 Ἴ

102 3845 138 3906 ct
168 3842 239 3906 tota
264 3839 360 3906 vallis
386 3828 533 3904 Artbisi³
559 3842 630 3904 crat
655 3837 688 3902 in
714 3853 836 3920 magno
863 3835 1010 3922 pcricuio
1038 3832 1240 3901 aLcmbar-

102 3937 171 4006 dis.
211 3936 296 4005 Valli
317 3954 397 4005 vero
422 3928 505 4004 Eni4
519 3941 622 4003 tama
644 3934 764 4002 Suavis
788 3952 884 4020 quam
901 3952 920 4001 a
939 3934 1075 4000 Bavaris
1095 3929 1242 4020 pericula

101 4053 234 4122 magna
257 4035 481 4104 imminebant.
522 4034 572 4103 lta
598 4033 687 4122 quod
714 4038 802 4101 totus
828 4034 1002 4101 comitatus
1021 4031 1152 4119 tyrclis
1172 4034 1243 4097 crat

139 4187 173 4251 t]
196 4183 247 4237 lias
263 4185 415 4242 Pustertbal.
449 4187 481 4250 2)
499 4185 584 4238 Linitz
601 4185 672 4239 ticin.
691 4184 821 4240 biennist
839 4183 961 4250 gemeint
995 4182 1027 4248 3)
1046 4181 1110 4236 Statt
1128 4180 1241 4249 Athesis,

101 4254 152 4308 das
172 4253 313 4310 Etscbtbal.
348 4256 380 4322 b)
398 4255 448 4310 Eni
465 4253 527 4310 tebit
545 4253 587 4310 bei
605 4254 677 4309 Rein.
