3028 4878
262 163 334 231 t26
587 193 734 240 ronanuus
754 194 965 241 vroronruusrs.
1000 191 1024 259 6,
1043 195 1066 245 5.

179 346 246 403 1336
262 335 401 418 optaret.
434 328 505 397 Rex
519 335 629 398 autem
646 331 864 411 Bobcmorum
883 333 976 400 venit
992 333 1169 401 Wiennam
1183 332 1283 400 liliam
1293 350 1400 421 suram,

261 427 393 498 Ottonis
420 434 620 520 consortem,
648 430 794 521 visitare,
823 436 856 499 et
880 431 966 498 inter
988 450 1026 499 se
1046 438 1079 500 et
1104 430 1208 499 duces
1235 429 1278 498 do
1304 448 1396 498 novo

259 527 379 595 factam
404 528 579 595 amicitiam
605 527 732 596 solatiis
760 528 928 598 roborare.
960 529 1065 610 Quem
1083 529 1151 598 dux
1173 527 1263 618 Otto,
1291 546 1399 614 gener

260 644 354 717 suus,
381 625 424 693 ad
449 626 593 715 puellam
618 644 677 715 per
703 646 833 694 manum
861 633 1005 697 traxerat
1034 629 1302 717 decumbentem,
1331 645 1397 714 que

259 724 450 794 verecundo
477 731 577 812 atque
603 726 742 813 puellari
768 726 867 795 modo
895 726 937 794 ad
959 745 997 795 se
1017 727 1182 796 allandam
1209 727 1338 816 copiam
1367 727 1398 794 ei

261 823 362 893 dedit.
395 824 510 892 Extitlt
525 823 759 892 nichilominus
780 827 813 893 iu
832 825 942 894 cordis
961 828 1013 894 sui
1038 827 1150 894 radice
1169 825 1281 916 lixum,
1306 823 1398 912 quod
1502 873 1503 904 ἐ

262 924 292 992 ei
312 925 388 992 olim
407 922 616 1012 desponsata
634 922 749 1014 luerat,
778 931 810 992 et
827 925 868 992 ab
890 932 1082 1014 eapropter
1099 925 1207 993 labem
1227 927 1399 1014 impoten-
1502 957 1503 1014 3

260 1023 305 1090 tie
332 1041 429 1109 quam
456 1022 660 1108 allegaverat
686 1028 871 1112 separatus,
899 1028 932 1090 et
958 1023 1055 1091 aliam
1079 1023 1283 1114 superduxit.
1317 1023 1400 1091 Visa
1502 1021 1503 1108 l

258 1122 371 1209 puella
391 1139 450 1189 rex
475 1122 655 1211 ingemuit,
684 1121 774 1209 quod
803 1121 932 1190 suffuso
958 1124 1051 1191 vultu
1071 1122 1225 1211 lacrimiS,
1254 1123 1399 1210 suspiria
1502 1121 1503 1156 r

259 1220 326 1288 alta
352 1219 486 1288 trahens
513 1219 691 1309 egreditur,
719 1238 852 1288 suorum
879 1223 1087 1290 conscientia
1106 1239 1306 1289 excessuum
1332 1220 1398 1288 sti-

258 1318 412 1388 mulatus.
438 1318 597 1405 Languor
612 1318 757 1406 denique
776 1318 852 1387 dum
869 1319 1048 1388 remedium
1066 1338 1133 1389 non
1150 1319 1297 1407 baberet,
1309 1337 1400 1406 que·
1502 1311 1503 1330 ¹

258 1418 323 1485 stio
343 1419 544 1486 convertitur
562 1417 616 1484 ubi
636 1419 890 1486 convenientius
910 1418 1032 1486 debeat
1052 1420 1225 1504 tumulari3
1251 1419 1397 1506 quibus-

258 1515 333 1584 dam
352 1515 552 1584 dicentibus:
580 1517 670 1584 circa
687 1524 833 1586 matrem.
860 1516 933 1597 Que
948 1524 984 1585 ut
1002 1518 1123 1587 dictum
1143 1524 1195 1587 est
1213 1518 1248 1584 in
1265 1516 1398 1584 lllawr-

257 1613 341 1682 bacb
369 1617 588 1702 monasterio,
616 1615 707 1702 quod
739 1622 834 1704 pater
860 1634 941 1684 suus
969 1635 1028 1686 rex
1054 1615 1222 1705 fundavit,
1248 1617 1401 1704 postulat

257 1714 400 1801 sepeliri.
435 1712 533 1794 Quod
559 1714 627 1781 dux
649 1711 805 1782 Albertus
830 1717 1060 1802 processionis
1087 1716 1218 1802 magnis
1242 1715 1411 1803 exequiis¹

181 1832 239 1874 uer.
257 1811 327 1880 lreri
359 1814 558 1901 procuravit.
601 1813 746 1880 Transiit
771 1833 802 1880 x.
829 1814 893 1881 kal.
920 1815 1121 1884 novembris.
1156 1813 1264 1882 Huius
1292 1821 1397 1881 morte

188 1887 221 1941 ²³
256 1916 342 1978 terra
376 1913 473 1998 quasi
504 1912 587 1979 solis
622 1911 760 2000 speculo
787 1913 949 2002 spoliata,
978 1912 1120 1999 caligine
1148 1905 1310 1981 tristicie¹
1337 1914 1395 1980 in-

254 2009 396 2077 volvitur
414 2013 505 2078 curia
524 2017 557 2078 et
572 2012 701 2097 civitae,
721 2013 897 2099 omnisque
917 2011 1072 2080 nobilitas
1093 2012 1273 2080 lamentum
1289 2011 1397 2079 induit
1502 2075 1503 2078 ,

255 2114 289 2175 et
309 2126 479 2178 merorem.
509 2109 637 2178 Dicitur
659 2111 756 2176 etiam
780 2129 853 2177 cum
873 2109 938 2177 deo
958 2109 1116 2179 lamiliare
1142 2111 1301 2180 solatium
1327 2111 1392 2178 ba·
1502 2115 1503 2120 ’

253 2206 379 2296 buisse,
407 2210 575 2277 orationes
591 2211 625 2275 in
646 2209 764 2276 tabulis
789 2208 980 2296 frequenter
1006 2212 1195 2299 scripsisse,
1225 2209 1392 2277 Christum

255 2306 317 2374 sibi
344 2323 506 2394 sponsum
533 2309 720 2396 specialiter
741 2308 899 2393 elegisse.
932 2308 1061 2376 Ulricus
1077 2327 1191 2378 comes
1206 2309 1248 2376 de
1266 2307 1394 2376 Planu-

253 2405 338 2491 berg
373 2423 445 2472 eam
476 2408 645 2496 preconiis
677 2407 850 2474 multarum
875 2406 1011 2475 laudum
1038 2409 1171 2496 extulit,
1200 2407 1335 2476 dicens:
1362 2409 1394 2474 in

255 2505 327 2572 eius
355 2503 576 2574 subductione
603 2507 746 2574 omnium
773 2506 932 2574 nobilium
960 2506 1118 2592 gaudium
1146 2507 1291 2575 siluisse.
1325 2506 1393 2573 Ve-

253 2604 385 2670 nientes
420 2621 554 2692 quoque
580 2604 623 2671 ad
649 2607 771 2672 curiam
799 2605 928 2673 nobiles
955 2624 1015 2693 per
1045 2603 1154 2673 cilicia
1181 2606 1389 2674 salutationis

255 2719 327 2768 eum
355 2704 541 2771 reverentia
568 2707 726 2793 suscepit,
753 2704 879 2770 nullum
903 2721 1083 2791 pauperem
1111 2702 1279 2794 despexit,
1307 2704 1395 2772 nullo

256 2800 345 2868 lastu
361 2803 600 2889 praeminentie
621 2821 658 2871 se
676 2802 891 2892 pedissequis
909 2802 964 2870 vel
981 2801 1155 2871 sodalibus
1181 2802 1301 2871 dicitur
1318 2821 1395 2892 pre-

257 2900 387 2968 tulisse.
1058 2977 1060 2982 ,

328 2997 407 3064 Post
423 2995 487 3062 bec
504 3012 599 3063 soror
618 2996 690 3064 eius
708 2993 806 3064 Anna
821 2998 961 3067 Iohanni
988 2999 1099 3067 comiti
1119 2999 1250 3067 Goricie
1273 3001 1394 3090 nupsit,

237 3096 312 3184 qui
340 3093 450 3182 quoad
477 3095 675 3180 sanguinem
703 3101 885 3164 maternum
904 3097 946 3166 de
965 3097 1104 3166 ducibus
1126 3099 1281 3167 Bawarie
1300 3100 1397 3166 traxit

256 3198 380 3279 ortum;
408 3210 547 3280 quorum
563 3193 704 3261 Wienue
724 3193 843 3264 lestive
872 3197 984 3284 nuptie
1012 3197 1233 3265 celebrantur.
1271 3195 1396 3278 Quibus

256 3309 324 3362 uon
351 3291 407 3360 diu
433 3292 529 3360 simul
555 3293 790 3383 habitantibus,
817 3296 947 3363 iuvenis
976 3298 1122 3385 moritur,
1148 3297 1329 3364 iuvencula
1345 3298 1397 3365 vi-

257 3390 385 3458 duatur.
421 3389 535 3458 Castra
563 3394 737 3460 comitatus
771 3396 804 3460 in
830 3393 979 3461 Marchia
1006 3399 1039 3461 et
1073 3393 1244 3463 Karintbia
1271 3397 1396 3464 ratione

257 3489 403 3559 dotalicii
438 3495 613 3558 matertere
647 3508 708 3558 sue
741 3491 927 3560 aducibus
964 3498 1184 3583 arrestantur,
1220 3512 1395 3582 quousque

256 3605 474 3658 successores
501 3586 656 3657 Albertus
682 3590 897 3659 Melnhardus
925 3591 1112 3682 Heinricus,
1139 3589 1268 3660 Alberti
1290 3595 1395 3662 comi·-

255 3689 298 3756 tis
314 3689 381 3779 filii,
410 3707 483 3758 cum
498 3689 702 3778 principibus
720 3688 976 3759 conformantur.
1009 3691 1112 3760 Porro
1132 3689 1232 3760 Anna
1251 3692 1394 3779 viduata,

257 3787 298 3855 de
325 3790 488 3876 comparis
516 3789 568 3856 sui
600 3790 739 3856 transitu
772 3791 961 3858 amarisimo
1000 3789 1126 3858 doloris
1155 3791 1275 3859 aculeo
1310 3810 1393 3859 sau-

257 3887 361 3976 ciata,
388 3889 421 3953 in
450 3889 598 3976 corporis
625 3885 740 3954 incidit
765 3887 982 3978 languorem,
1010 3888 1096 3957 adeo
1123 3890 1392 3976 invalescentem,

255 3992 292 4052 ut
317 3987 525 4053 virescentes
553 3992 653 4074 artus,
681 3987 776 4072 quasi
803 3985 883 4054 aridi
910 3993 1084 4055 contractu
1109 4007 1265 4058 manuum
1294 3996 1389 4076 atque

255 4082 388 4174 pedum,
413 4083 456 4151 ad
473 4103 568 4152 suum
588 4084 734 4153 cilicium
748 4087 954 4171 rigescerent
972 4091 1005 4154 et
1030 4087 1166 4154 inutiles
1193 4088 1391 4158 viderentur.

292 4202 321 4266 l)
341 4216 371 4256 so
388 4201 495 4258 bessere
512 4205 554 4258 iclr
572 4204 638 4260 uaclr
657 4205 759 4260 Pezens
776 4205 913 4275 vurscblag
932 4207 974 4262 die
991 4208 1088 4263 lasurt:
1106 4209 1209 4264 iustitie.
