3044 4882
277 213 349 284 300
609 241 757 288 rounnnrs
778 241 981 290 moronrsusrs
1025 240 1050 308 2,
1070 240 1095 294 l.

273 384 439 472 principes
466 386 500 450 et
525 381 644 450 militas
671 381 830 451 habuisse
856 382 1038 454 illustribus
1065 383 1194 452 actibus
1223 380 1409 452 decoratos:
1502 398 1503 476 l

274 482 338 552 hos
366 488 474 550 tamen
501 481 604 548 virtus
630 487 730 568 atquo
756 481 932 570 prudentia
959 488 993 550 ct
1016 484 1159 552 invictus
1186 482 1314 551 animus
1332 498 1409 570 spe·
1502 477 1503 492 ³

275 583 402 650 cialiter
434 580 623 668 insignivit3
657 581 745 648 sicut
777 580 885 650 David
924 583 958 648 in
989 582 1150 668 katalogo
1185 579 1314 650 sortium
1350 585 1410 649 tres

274 679 474 750 fortissimos
499 679 621 766 legitur
647 678 825 769 habuisse,
861 687 894 748 et
924 682 1209 750 nominatissimos
1235 681 1319 748 inter
1343 677 1409 747 lor-

274 786 336 850 tes.
375 777 541 847 Rudollus
567 783 661 865 patre
688 778 892 847 Hartmauno
922 781 1041 849 comite
1067 787 1226 849 veterano
1247 777 1357 846 militie
1383 783 1413 844 et
1503 851 1504 870 p

273 880 307 948 in
347 879 461 968 preliis
504 877 670 945 lortunato
711 880 924 969 progenitus,
960 897 1097 948 uxorem
1133 879 1248 948 naluit
1278 875 1412 966 Annam,

274 978 373 1048 liliam
400 976 581 1062 Purghardi
614 978 743 1045 comitis
777 977 819 1045 de
851 977 1059 1067 Hayerloclr,
1094 996 1137 1046 ex
1169 997 1237 1066 qua
1269 977 1413 1064 suscepit

275 1085 344 1146 tres
373 1077 476 1144 ilios:
502 1072 683 1167 Albertum,
703 1074 940 1146 Hartmanuum
958 1083 990 1146 et
1007 1076 1200 1164 Rudollum3
1223 1083 1256 1146 ct
1269 1077 1412 1164 quinque

275 1176 362 1244 filias
379 1176 563 1263 speciosas,
575 1174 695 1262 quibus
706 1176 860 1245 omnibus
871 1176 954 1247 dous
967 1175 1253 1247 deditsecundum
1264 1174 1410 1262 dignita-

274 1282 340 1344 tem
358 1275 457 1342 huius
476 1274 580 1342 seculi
598 1272 725 1360 grande
741 1292 874 1366 uomcn,
895 1281 993 1364 prout
1012 1275 1149 1344 interius
1167 1283 1220 1344 est
1239 1274 1413 1361 digestum.
1504 1361 1505 1366 Ἰ

347 1373 565 1441 lllcinhardus
593 1389 716 1464 comcs²
742 1371 880 1444 Alberto
914 1380 1007 1464 patre
1043 1393 1086 1444 ox
1119 1374 1186 1443 lilia
1214 1373 1410 1442 marchionis
1504 1407 1505 1410 π

274 1469 486 1542 Andcccnsis
505 1473 567 1541 viri
593 1472 792 1542 nobilissimi
819 1480 923 1564 ortus
952 1493 994 1542 cx
1011 1475 1128 1561 regina
1144 1472 1319 1542 Elizabcth
1336 1491 1416 1560 qua-

274 1579 350 1642 tuor
385 1572 498 1640 habuit
525 1571 623 1640 lilios
669 1572 809 1641 Primum
843 1573 1078 1664 ludewicum,
1114 1574 1170 1660 qui
1208 1589 1278 1642 non
1313 1570 1417 1640 luerat
1505 1622 1506 1692 p

276 1674 488 1758 coniugatus.
527 1670 718 1740 Secundum
743 1669 926 1760 Albertum,
966 1675 1023 1761 qui
1058 1669 1185 1741 Alberti
1221 1673 1351 1741 comitis
1377 1669 1416 1738 de
1504 1693 1506 1744 t

208 1863 210 1868 ,
275 1769 454 1839 Haierlooh
480 1768 579 1839 liliam
599 1769 701 1861 duxit,
729 1789 772 1840 ex
798 1791 865 1859 qua
888 1774 1005 1858 genuit
1031 1771 1140 1863 liliam,
1164 1787 1229 1859 quc
1245 1770 1412 1839 Friderico
1505 1771 1506 1816 l

275 1872 454 1961 purgravio
481 1868 524 1937 de
549 1868 749 1956 Norenberg
773 1872 888 1959 nupsit
924 1876 956 1938 ct
981 1873 1156 1958 utriusque
1183 1884 1285 1940 sexus
1313 1869 1413 1938 letum

276 1969 412 2058 protulit
429 1971 611 2056 copiosum.
651 1969 799 2039 Tertium
825 1968 992 2062 Ottouem,
1021 1971 1077 2058 qui
1105 1970 1203 2038 liliam
1230 1968 1328 2039 ducis
1346 1969 1412 2038 Po-

276 2067 378 2157 lonio,
405 2074 438 2135 ot
465 2086 508 2136 ex
534 2085 575 2134 ea
601 2074 743 2154 quatuor
769 2069 853 2138 iulias
879 2072 1075 2158 progenuit3
1110 2087 1249 2157 quarum
1282 2088 1353 2137 ana
1384 2068 1417 2134 in

278 2166 423 2236 Siciliam
450 2165 608 2234 Fridcrioi
637 2168 727 2252 regis
746 2167 822 2254 lilio
849 2169 946 2238 Petro
981 2168 1136 2260 copulata
1170 2184 1277 2255 usquc
1314 2165 1412 2236 hodie

276 2285 349 2336 cum
373 2266 484 2334 liberis
510 2264 664 2356 possidet
688 2283 828 2352 regnum
854 2266 948 2356 illud3
976 2269 1081 2338 ultera
1097 2265 1242 2337 Rudollo
1262 2265 1416 2336 lulio-llu-

277 2364 355 2435 dollr
377 2365 518 2434 Palatini
546 2363 691 2454 traditur,
718 2365 759 2434 do
787 2385 854 2454 qua
879 2385 977 2436 unam
1012 2367 1112 2436 liliam
1138 2367 1268 2456 peperit
1293 2373 1330 2436 ct
1356 2364 1417 2434 de-

277 2464 382 2534 cessit
391 2489 400 2554 3
428 2466 491 2536 alie
519 2463 584 2532 due
612 2463 724 2532 liorem
752 2465 947 2553 virginalem
983 2468 1164 2536 morientes
1200 2464 1243 2535 ad
1278 2465 1419 2535 celestia

277 2566 524 2634 transtulerunt.
559 2563 718 2646 Quartum
743 2565 944 2656 maroneam,
972 2567 1028 2653 qui
1054 2572 1122 2635 tres
1141 2582 1266 2634 uxores
1293 2563 1418 2654 habuit,

277 2667 376 2734 ouius¹
396 2667 431 2732 in
458 2665 588 2752 scriptis
614 2665 738 2733 mentio
766 2663 919 2734 dillusior
935 2671 988 2734 est
1008 2662 1175 2734 habenda.
1217 2664 1313 2734 Duas
1334 2680 1419 2754 quo·

277 2782 342 2851 que
370 2763 453 2832 filias
481 2762 595 2830 habult
619 2761 727 2832 dictus
755 2781 884 2851 comes;
920 2782 987 2832 una
1020 2762 1080 2833 luit
1104 2764 1293 2852 lantgravio
1324 2763 1417 2832 Thu-

277 2863 384 2948 ringie
412 2861 619 2950 commorata,
647 2869 680 2930 et
706 2864 824 2948 genuit
848 2861 1049 2932 ll'ridericum
1074 2863 1294 2950 lantgravium
1324 2862 1417 2931 Thu-

276 2962 384 3046 ringie
411 2966 444 3028 et
469 2958 704 3047 llysnonsium
731 2962 968 3049 marchionem3
996 2959 1136 3032 Alberto
1162 2964 1275 3052 nupsit
1300 2962 1417 3052 altera,

276 3057 405 3128 liudolfi
432 3057 550 3146 prelati
576 3061 706 3128 comitis
734 3059 811 3151 lilio,
840 3078 905 3148 que
932 3061 1067 3132 ducissa
1091 3059 1225 3131 Austrie
1246 3067 1280 3131 et
1297 3062 1419 3148 regina

275 3157 508 3249 Romanorum,
537 3158 624 3226 sicut
648 3157 788 3228 interius
816 3161 1017 3252 exprimitur,
1046 3166 1100 3230 est
1125 3161 1257 3230 ellecta.
1305 3159 1418 3230 llleiu-

276 3256 399 3328 hardus
426 3263 579 3325 metuens
608 3256 698 3344 quod
723 3256 886 3328 Rudollus
915 3259 956 3328 dc
984 3266 1154 3330 contractu
1181 3259 1247 3328 hoc
1273 3261 1419 3328 animum

276 3356 484 3425 immutasset
509 3363 643 3445 proptor
669 3358 899 3427 excellentiam
927 3361 979 3427 sui
1005 3364 1124 3450 statuo,
1156 3358 1245 3427 misit
1271 3358 1315 3426 ad
1344 3375 1419 3428 cum

275 3461 454 3545 postquam
481 3474 620 3541 regnum
654 3463 707 3525 est
740 3456 900 3547 adeptus,
935 3460 964 3525 at
993 3459 1188 3544 pmsislerct
1216 3459 1252 3526 ia
1279 3459 1421 3544 poclis?

276 3553 340 3636 Qui
368 3554 557 3643 rospondit:
584 3554 810 3624 Motatordom
836 3557 876 3624 de
901 3560 993 3626 tanto
1023 3560 1169 3645 peractae
1198 3558 1418 3647 processisse,

274 3658 311 3722 ut
330 3655 456 3739 pudere
480 3671 546 3721 aaa
571 3653 703 3722 deberet
726 3654 898 3742 quemlibet
920 3674 1034 3744 repam
1057 3673 1168 3724 secam
1191 3657 1312 3740 sedero
1339 3674 1418 3723 mu-

275 3755 415 3820 trimom'i
448 3751 596 3820 audiisse.
648 3754 699 3823 Ex
738 3755 791 3822 his
825 3753 949 3843 prodiit
981 3755 1090 3845 ampla
1126 3771 1248 3844 scgeS,
1285 3754 1421 3824 climata

275 3851 388 3920 mundi
413 3852 559 3940 replens,
586 3853 760 3922 luminaria
786 3853 899 3923 orbem
926 3855 1133 3946 illustrantia,
1170 3871 1270 3940 rogos
1297 3856 1419 3941 regino

274 3969 430 4042 proceros
458 3949 579 4019 divitiis
607 3956 639 4018 ct
664 3952 772 4039 gloria
796 3955 1054 4046 proeminentes,
1084 3954 1349 4041 amariusque
1378 3949 1420 4020 ad

276 4067 363 4118 mare
391 4068 472 4120 suos
499 4049 651 4138 palmites
678 4053 769 4120 velut
795 4051 964 4122 lructilere
998 4053 1134 4123 arbores
1161 4052 1417 4142 protendentes.

350 4149 497 4236 Contigit
531 4148 732 4238 quandoque
759 4153 932 4233 ,civitatem
957 4150 1253 4241 Argentinausium
1279 4151 1417 4220 nobiles

275 4247 585 4317 circumsedentium
612 4249 824 4319 aduersarios
852 4253 1029 4343 sustinere,
1056 4252 1099 4323 ad
1126 4270 1212 4341 quos
1228 4255 1416 4322 conteren-
