3028 4878
81 1491 84 1498 ⁴
156 1475 191 1528 30

217 181 289 253 156
601 205 728 250 urcunm
749 199 981 248 uunmrouunsrs.

220 349 363 434 tenburg
390 365 463 416 oum
491 345 578 413 villis
604 339 776 411 Vechdorl
794 345 828 408 et
845 335 1271 408 LutzeldoriuBerbtoldo
1293 351 1354 404 co-

219 451 296 515 mite
332 446 375 514 de
400 443 629 529 Hennenberg
655 439 803 509 redemit.
847 438 986 506 Necnon
1012 439 1137 526 primus
1164 434 1289 504 iontem
1316 433 1358 502 de

219 545 403 631 Hbobburg
420 562 480 632 per
497 542 652 631 plumbcu
668 538 819 607 cannella
836 537 1036 606 subterunea
1052 538 1086 604 in
1103 541 1245 603 castrum
1259 552 1359 603 mon-

220 648 263 714 tis
290 651 406 714 333313
433 643 538 710 Μ3313
573 640 709 725 virginis
743 636 995 724 Herbipolensis
1026 636 1182 725 preciose
1208 633 1357 703 deduxit.

219 745 261 814 Et
285 747 392 813 minus
419 748 561 830 quotuor
586 739 683 808 unuis
709 736 857 823 regebat.

669 935 914 948 --·—————----

221 1091 272 1158 Ile
308 1089 525 1158 laudabilibus
555 1092 656 1176 pestis
688 1088 862 1157 recolende
876 1107 879 1117 ’
895 1087 1047 1155 memorie
1079 1086 1199 1154 domini
1231 1084 1361 1152 0113313

327 1187 482 1272 llblfslccl
506 1187 758 1274 llerbo'poluncis,

141 1340 207 1394 3333
297 1323 335 1390 13
353 1321 407 1389 3131
426 1323 570 1413 nomine,
598 1342 703 1392 amen.
739 1321 937 1391 Notabiliter
957 1327 1010 1390 331
1037 1319 1209 1388 sciendum
1228 1334 1360 1385 memo-

145 1424 199 1462 nn.
223 1423 366 1507 riterque
400 1422 596 1514 tenendum,
632 1422 722 1511 quod
756 1440 845 1490 anuo
880 1421 1005 1490 domini
1032 1418 1267 1488 mcccxxxiii.
1293 1415 1360 1484 1331.

224 1521 327 1589 133313
353 1523 486 1607 augusti
505 1521 610 1592 1311313
634 1521 883 1591 recordacionis
907 1519 1060 1588 dominus
1079 1515 1158 1587 Otto
1178 1513 1359 1604 Wolislrel‚

220 1621 255 1688 in
282 1619 425 1688 33313313
450 1619 687 1709 Herbipolensi
712 1620 978 1708 archidiaconus²
1007 1623 1041 1686 31
1062 1615 1229 1705 quondum
1246 1613 1361 1683 dorni·

220 1736 284 1787 nus
310 1718 521 1788 Hermonnus
551 1719 593 1789 de
619 1719 856 1808 Lichtenberg‚
882 1717 1006 1787 domini
1032 1715 1206 1785 Lodowici
1232 1721 1269 1782 ut
1295 1731 1359 1782 ce-

222 1818 307 1886 33313
344 1818 562 1887 concellarius
596 1825 630 1887 31
665 1819 849 1887 canonicus
886 1817 1084 1905 Spyrensis,
1120 1816 1154 1882 iu
1189 1812 1361 1882 discordia

222 1915 320 1984 electi
346 1915 388 1983 od
416 1918 644 2006 episcopatum
670 1917 957 2006 Herbipolensem,
989 1933 1031 1982 ex
1057 1914 1150 1982 obitu
1177 1911 1360 1981 recolende

221 2017 378 2083 memorie
413 2015 536 2084 domini
572 2015 745 2085 Wolirumi
775 2015 817 2084 de
844 2013 1029 2082 Grumbuch
1056 2014 1208 2102 episcopi
1232 2010 1361 2078 Herbi-

222 2113 383 2203 polensis,
409 2117 515 2202 putrui
526 2117 633 2202 ipsius
649 2114 774 2183 domini
794 2112 937 2201 0113313,
965 2116 1252 2198 tumultuantem,
1279 2109 1360 2178 iuc-

145 2217 305 2280 3333331.
341 2212 409 2281 Sed
426 2212 543 2281 codem
559 2230 647 2282 anno
667 2211 808 2282 subinde
836 2218 954 2299 quarto
981 2228 1059 2279 non.
1086 2209 1272 2278 decembris
1292 2208 1361 2277 do-

163 2287 179 2340 2
222 2313 330 2378 minus
363 2312 530 2380 lohannes
561 2331 648 2401 popa
680 2314 857 2381 vicesimus
892 2309 1061 2379 secundus
1088 2309 1196 2379 eidem
1223 2307 1360 2376 domino

223 2407 338 2478 Ottoni
364 2410 406 2481 de
432 2413 508 2499 ipso
541 2413 738 2500 episcopatu
767 2410 921 2500 providit,
948 2409 1093 2497 deinque
1121 2425 1209 2477 unno
1237 2407 1363 2475 domiui

141 2511 472 2579 1331133333331111.
498 2509 552 2578 3113
583 2512 742 2578 vicesimo
773 2511 876 2598 prima
910 2511 1035 2578 mensis
1069 2509 1138 2576 iulii
1165 2509 1199 2574 in
1228 2508 1363 2576 31311313

146 2603 754 2707 Ιξῗ13311133311333313313333311
780 2609 1003 2677 Β331133133331
1031 2610 1104 2696 ipse
1130 2607 1180 2675 sic
1206 2607 1362 2694 provisus

224 2708 259 2774 in
285 2709 478 2796 episcopum
505 2707 780 2797 Herbipolenscm
807 2705 913 2774 133331
932 2707 1160 2796 sollempniter
1175 2722 1364 2774 consecro*

142 2820 209 2876 1333
225 2811 290 2874 tus.
322 2807 363 2874 Et
386 2806 567 2894 subinceps
588 2825 677 2876 3333
697 2807 863 2874 tricesimo
883 2808 997 2893 quinto
1022 2806 1123 2873 tercio
1142 2804 1363 2890 1313333311

147 2903 312 3010 Ι33131333
337 2904 490 2972 dominus
516 2907 696 2994 episcopus
719 2905 761 2972 de
777 2905 1070 2973 31311313Μ313331
1094 2906 1128 2971 iu
1145 2904 1362 2972 Franconiom

224 3020 380 3070 reversus
407 3006 440 3070 in
474 3020 610 3072 suorum
638 3004 867 3072 contribulium
900 3010 1011 3072 cestro
1037 3001 1213 3088 Roseberg
1239 3019 1278 3070 se
1304 3019 1362 3069 re-

146 3101 324 3188 incoepit.
360 3102 400 3168 Et
426 3101 547 3170 deinde
574 3103 692 3171 eodem
720 3120 808 3171 anno
836 3098 1360 3191 1333131131,3331331313133333

156 3175 190 3228 3⁰
224 3199 468 3288 Herbipolense
490 3202 651 3290 ascendit,
679 3208 712 3270 31
736 3221 777 3270 u..
794 3201 921 3269 civibus
947 3201 1068 3269 ibidem
1095 3199 1284 3269 laventibus
1300 3199 1360 3268 sibi

143 3326 201 3364 nnc.
225 3296 286 3365 luit
311 3298 492 3368 huldetum.
529 3301 572 3368 Et
596 3300 719 3372 deinde
754 3302 896 3388 septimo
927 3299 1014 3387 ydus
1041 3299 1228 3368 decembris
1254 3301 1360 3386 ipsum

169 3379 184 3430 ⁷
226 3395 393 3464 dominum
421 3395 576 3466 Otlonem
602 3402 636 3467 in
663 3401 856 3488 episcopum
882 3417 1012 3468 suum..
1030 3399 1209 3488 capitulum
1236 3397 1359 3464 Herbi-

223 3494 365 3584 polense
400 3498 526 3584 reoepit
551 3503 586 3565 31
609 3500 851 3586 possessiones
883 3499 1105 3566 municionum
1132 3498 1239 3585 ipsius
1266 3499 1360 3586 epis-

225 3605 365 3683 copatus
393 3595 455 3663 sibi
481 3598 649 3681 assignari
677 3596 853 3666 mandevit.

297 3694 427 3762 Deinde
451 3701 561 3763 autem
584 3698 657 3784 ipse
682 3696 836 3765 dominus
860 3693 938 3764 Otto
956 3697 990 3763 13
1013 3715 1075 3766 333
1097 3696 1274 3784 episcopio
1295 3713 1357 3762 ex-

224 3793 388 3862 ecrabiles
421 3793 559 3862 hereses
586 3801 620 3862 31
644 3796 809 3864 hereticos
843 3812 972 3863 errores
1000 3797 1145 3870 3131313,
1172 3794 1355 3883 extirpavit,

222 3893 430 3979 virtutesque
454 3894 626 3982 plantavit.
659 3892 707 3962 Ac
734 3895 837 3962 eciem
863 3892 905 3961 de
932 3912 1102 3962 consensu
1124 3900 1157 3961 31
1182 3891 1356 3963 collauda-

225 3990 316 4058 tione
349 3992 483 4080 cepituli
517 3995 569 4061 sui
595 3993 848 4082 Herbipolensis
880 3993 1077 4061 3131133333
1103 4011 1243 4082 quorum
1269 3994 1355 4059 inte-

225 4094 313 4156 rerat
345 4090 562 4179 sollempnem
596 4093 756 4182 capellam
790 4091 887 4159 beate
913 4091 1019 4159 Meric
1046 4093 1080 4159 in
1106 4091 1273 4160 Retzbaoh
1299 4105 1356 4156 sue

226 4186 384 4275 dyocesis
400 4190 432 4255 in
452 4189 593 4259 cenobio
624 4192 829 4280 prepositure
855 4196 889 4258 et
905 4197 1090 4262 conventus
1118 4191 1358 4278 monachorum,

1503 365 1505 404 1
