3002 4880
406 161 550 208 cnaonrcn
571 163 608 207 nr
630 163 728 209 cnsrrs
748 162 914 208 rnrncrrnn.
1179 131 1225 203 25

167 298 271 387 Igitur
290 299 424 388 qudam
444 302 621 390 principes,
638 301 795 370 videlicet
808 303 988 390 episcopus
1003 299 1225 393 coloniensis,

103 401 273 488 episcopus
299 399 530 491 biognntinns,
560 400 627 469 dun
650 401 803 468 anarie
819 405 853 468 et
874 401 1006 487 qnidam
1029 402 1094 491 alii,
1120 419 1226 488 qnas-

101 497 170 567 dam
194 500 396 568 munitiones
423 499 485 567 sibi
511 501 750 568 convenientes
775 500 831 566 vel
857 517 927 567 snrs
952 501 1133 588 provinciis
1160 498 1226 567 ad-

98 598 242 666 iacentes
270 616 332 666 suc
359 600 603 667 coniunxerunt
628 598 774 667 dominic
810 604 956 686 tempore
985 596 1095 666 Adolfi
1123 601 1225 689 regis,

98 703 236 785 utputo
264 695 306 764 de
334 698 405 765 eins
431 696 602 766 voluntate
630 702 664 766 et
688 697 813 766 lavore.
864 696 935 766 Hiis
963 698 1115 766 omnibns
1142 715 1225 785 pre-

98 797 182 884 cepit
208 812 268 864 rex
293 795 432 864 obtentu
457 798 564 881 gratie
591 797 683 882 regie
709 797 912 886 maiestatis,
940 802 976 863 nt
1000 799 1111 864 omnia
1136 796 1226 865 bona

96 897 199 986 regni,
228 911 293 981 qne
319 896 353 963 in
379 913 441 963 sna
466 898 609 964 retinent
632 900 812 985 potestate,
837 897 1009 980 resignare
1026 913 1094 963 non
1110 895 1223 981 negli-

96 999 176 1079 gant
184 1016 192 1080 3
221 993 369 1080 alioquin
395 995 424 1062 si
449 993 525 1062 hnic
550 993 707 1062 mandato
734 993 868 1064 obviare
894 995 1165 1083 presumpserint,
1187 1011 1224 1062 se

95 1092 180 1160 velle
214 1109 315 1178 agere
350 1093 461 1161 durius
493 1099 609 1161 eontra
636 1111 707 1162 ecs.
758 1090 831 1172 Qua
856 1091 899 1161 de
925 1111 960 1159 re
986 1093 1032 1159 illi
1059 1094 1225 1180 principes

96 1191 127 1258 in
153 1209 256 1258 uniam
282 1193 521 1260 convenientes
540 1191 726 1260 babuerunt
743 1197 887 1259 mutuum
905 1192 1106 1278 colloquium
1125 1209 1225 1279 snper

93 1307 151 1380 eo,
181 1296 216 1358 et
249 1290 384 1358 tandem
414 1297 604 1378 contempto
637 1288 794 1359 mandato
828 1293 918 1376 regis
945 1292 1225 1379 conspirationem

93 1395 126 1456 ot
150 1388 249 1457 fedus
283 1391 437 1457 ineuntes
471 1397 588 1458 contra
615 1407 689 1458 cum
716 1396 749 1456 et
775 1389 816 1456 ab
842 1391 983 1457 invicem
1010 1388 1224 1458 discedentes
1245 1396 1312 1451 leno

93 1487 133 1556 ad
159 1491 296 1576 propria
322 1494 520 1558 remearunt.
546 1489 619 1570 Quo
647 1489 734 1557 lacto
761 1505 839 1556 mox
864 1493 974 1556 castra
997 1507 1058 1556 sua
1075 1489 1226 1556 muniunt
1245 1479 1303 1588 0ξῖ

93 1592 125 1656 et
149 1586 194 1655 ad
222 1587 443 1656 resistendum
469 1590 540 1674 regi
567 1589 644 1656 totis
663 1587 787 1656 viribus
807 1605 845 1654 se
865 1593 1045 1676 preparant
1059 1592 1093 1653 et
1110 1588 1225 1654 accin-

92 1691 184 1771 gunt.
210 1683 343 1754 Abhinc
373 1687 552 1775 preliornm
585 1685 795 1756 incommoda
821 1685 1028 1754 cumulantur
1055 1690 1088 1752 et
1112 1689 1225 1773 partes

92 1784 244 1874 chnie,
271 1785 424 1854 Bawarie
457 1791 491 1853 et
517 1787 597 1855 citra
621 1784 747 1854 Renum
774 1801 890 1853 omnes
916 1785 1086 1873 provincie
1112 1783 1225 1852 bello-

92 1902 160 1951 rnm
189 1884 375 1952 discrimine
401 1885 646 1973 perturbantur.
681 1882 761 1951 Cum
788 1889 898 1952 autem
923 1901 982 1951 rex
1008 1884 1227 1969 cognovisset

14 2034 19 2042 .
90 1983 165 2052 illos
201 1989 320 2051 contra
355 2001 392 2052 se
426 1985 541 2052 iniisse
573 1983 689 2073 lednS,
725 1981 910 2071 impavidus
942 1987 976 2049 et
1001 1999 1089 2068 equo
1116 1983 1225 2049 animo

90 2099 332 2172 perseveram,
368 2083 462 2171 parvi
495 2080 648 2171 pendens
684 2099 796 2150 eorum
824 2082 1083 2171 contumaciam,
1110 2081 1227 2166 sagaci

92 2180 202 2248 studio
237 2186 436 2272 pertractat,
479 2180 648 2268 quomodo
684 2179 746 2248 bos
782 2179 926 2248 edrones
970 2185 1005 2247 et
1039 2179 1226 2248 obstinatos

92 2281 202 2348 valeat
236 2279 446 2368 perdomare.
496 2279 578 2350 Mox
618 2278 770 2349 omnibus
806 2277 1023 2368 cilicialibns,
1058 2279 1226 2368 ministris,

91 2378 258 2446 nobilibus
287 2384 320 2446 et
345 2378 532 2448 civitatibus
558 2380 708 2468 precepit
731 2379 907 2467 universis,
934 2382 968 2444 ut
986 2395 1024 2445 se
1048 2381 1227 2464 preparent

92 2495 131 2544 ac
154 2479 306 2546 muniant
328 2483 448 2560 contra
472 2477 588 2546 hostes
616 2484 650 2546 et
676 2476 845 2545 delatores
865 2475 1003 2543 Romani
1028 2477 1166 2564 imperii,
1194 2480 1228 2544 et

92 2593 150 2644 eos
184 2574 345 2646 invadere
378 2593 447 2644 non
481 2577 677 2663 negligant,
713 2575 822 2644 donec
858 2573 899 2641 ab
933 2592 1017 2642 ansn
1050 2574 1225 2642 temerario

93 2677 291 2763 resipiscant
324 2681 358 2743 et
393 2674 624 2744 nichilominus
658 2673 852 2764 addiscant,
891 2673 962 2740 eins
999 2671 1070 2740 lore
1109 2671 1226 2740 durum

93 2780 209 2842 contra
236 2775 402 2842 stimulum
428 2775 610 2843 calcitrare.

164 2873 296 2940 Dehinc
319 2876 425 2962 primo
453 2875 647 2961 episcopum
672 2871 907 2959 Mognntinnm
933 2872 1022 2941 bello
1048 2871 1168 2961 pungit
1194 2875 1228 2939 et

93 2978 252 3062 occupat,
282 2977 315 3041 et
341 2974 506 3040 civitatem
532 2971 670 3057 Pingam
703 2973 876 3060 impugnat
906 2973 1030 3060 pariter
1056 2977 1090 3038 ot
1116 2988 1227 3058 expu-
1242 2977 1309 3032 1301

94 3076 174 3154 gnat
201 3077 233 3138 et
260 3071 344 3139 alias
370 3072 571 3139 munitiones
599 3072 694 3156 regni
713 3070 754 3138 ab
774 3087 814 3138 ec
842 3088 941 3138 manu
966 3070 1078 3138 valida
1104 3071 1229 3158 recepit
1246 3060 1306 3104 Μ·

94 3175 127 3234 et
153 3172 299 3237 resumit.
326 3169 429 3238 Simili
456 3168 555 3237 modo
583 3168 667 3238 alios
693 3170 872 3260 principes,
901 3171 1094 3258 episcopum
1121 3167 1229 3236 Colo-

94 3269 253 3356 alensem,
282 3268 399 3335 ducem
424 3269 577 3336 Bawarie
604 3273 638 3334 et
664 3269 764 3358 alioS,
790 3267 880 3336 bello
908 3269 1011 3353 cingit
1037 3273 1071 3334 et
1096 3266 1229 3336 obsidet

92 3370 160 3432 tam
192 3367 320 3456 valide,
347 3373 385 3434 ut
415 3366 526 3435 nnllns
562 3384 676 3434 eornm
711 3365 823 3434 ledere
853 3384 952 3434 casso
980 3367 1064 3434 alter
1090 3367 1228 3435 alterum

93 3464 203 3533 valeat
229 3464 461 3534 adiuvarent
490 3465 546 3533 illo
573 3464 678 3553 prelio
706 3462 773 3533 dux
790 3465 944 3533 Bawarie
963 3464 1124 3552 quasdam
1150 3483 1228 3532 mu-

92 3565 236 3633 nitiones
262 3563 426 3653 perdidit,
460 3562 617 3632 videlicet
642 3565 808 3631 civitatem
836 3563 1056 3654 Sobongave,
1084 3569 1227 3631 castrum

94 3661 128 3727 in
156 3661 334 3753 snabenn,
362 3664 526 3730 civitatem
553 3660 733 3730 Werdcam
756 3667 789 3730 et
808 3668 950 3731 castrum
976 3662 1108 3751 ibidem,
1136 3658 1227 3747 qnod

95 3757 137 3826 de
162 3764 263 3848 petris
291 3761 476 3830 durissimis
503 3759 702 3830 dissolutum
728 3767 763 3828 et
787 3760 991 3830 destructum
1010 3767 1062 3828 est
1080 3758 1226 3828 funditus

96 3856 302 3929 hisdiebus.

5 3967 6 3972 ’
171 3956 248 4027 Cum
281 3963 392 4026 antem
427 3964 601 4027 cernerent
635 3975 672 4025 se
704 3976 772 4026 non
804 3958 991 4047 prolicere,
1028 3972 1092 4023 nec
1123 3973 1227 4042 posse

4 4134 6 4143 p
97 4057 169 4140 regi
185 4057 347 4125 rebellare
364 4062 444 4146 post
459 4057 562 4125 multa
581 4057 759 4145 preliornm
783 4065 816 4124 et
836 4054 1063 4124 incendiorum
1080 4055 1228 4142 pericula

5 4153 6 4170 ¹
99 4162 295 4248 perpetrata,
322 4173 463 4224 necnon
478 4155 729 4224 innumerabilia
750 4156 836 4224 mala
855 4154 1042 4224 hominibus
1069 4154 1227 4244 irrogata,
