3028 4878
272 220 346 288 lillt
614 249 757 294 ronnnmrs
779 247 990 294 vrrronmnsrs.
1027 249 1051 312 5,
1070 245 1111 299 lo.

191 401 258 456 ratu
273 389 322 456 sic
347 393 468 457 venata
495 386 585 475 quod
610 388 742 455 illectus
768 388 876 456 extitit
902 392 935 457 et
960 387 1158 457 abstractus.
1194 385 1276 455 Cum
1303 395 1410 455 auten

273 505 346 555 eam
373 487 479 574 Frage
507 493 714 576 coronasset,
740 487 814 575 ipsa
841 486 971 556 odibilis
991 487 1212 555 Bohemorum
1240 487 1408 555 nobilibus
1495 485 1496 494 ’

273 592 326 654 est
352 585 489 675 elleeta,
527 591 559 652 et
584 585 661 653 ideo
689 603 765 652 mox
791 585 834 653 ad
866 587 1056 653 comitatum
1082 585 1408 672 Lnozelburgensem
1495 627 1496 672 ,

272 684 387 774 rediit,
416 686 450 753 in
483 701 590 771 regno
623 703 696 751 cum
724 701 786 752 sua
813 686 958 770 coniuge
985 684 1175 752 marchione
1201 683 1326 753 Karolo
1352 703 1409 752 re·

272 790 437 853 manente.
471 780 630 851 Affinavit
652 801 689 850 so
715 789 823 849 tamen
841 783 919 851 alibi
937 801 1010 850 cum
1036 782 1178 851 ducibus
1187 805 1196 870 3
1225 785 1303 871 quia
1325 803 1410 851 unus
1495 779 1496 784 ’

272 881 412 951 tiliorum
439 900 573 950 suorum
602 899 645 949 ex
669 882 732 949 bac
759 881 873 949 ultima
900 883 1044 968 coniuge
1072 881 1206 950 ducisse
1230 880 1410 950 Lothorin-
1495 897 1496 906 ¹

271 982 338 1072 gie,
366 983 490 1051 sororis
518 999 642 1070 eorum,
671 980 768 1049 filiam
795 979 903 1067 duxit3
932 987 965 1048 et
991 985 1040 1048 sic
1066 982 1156 1050 iuxta
1183 978 1362 1049 Ovidium:

371 1133 379 1148 .
406 1134 414 1149 .
440 1079 588 1170 .„ltli1te
617 1081 743 1148 animos
771 1081 887 1167 excipe
914 1078 1001 1146 mille
1031 1075 1173 1148 modis.“

190 1191 258 1245 tanc
344 1175 444 1246 Auno
470 1177 594 1246 domini
624 1180 858 1247 mcccxxxiv.
883 1195 998 1246 mense
1026 1179 1095 1245 iulii
1119 1176 1343 1246 Bertbrandus
1369 1176 1407 1244 de

198 1275 250 1314 rm.
271 1282 387 1345 sancto
409 1277 554 1345 Genesio
580 1277 767 1347 Vaseoniae
794 1279 906 1364 gentis
935 1276 1075 1344 eflicitur
1097 1276 1296 1366 patriarcha,
1325 1285 1359 1344 et
1376 1278 1407 1343 in

271 1375 389 1443 eodem
416 1394 504 1444 anno
537 1377 571 1443 in
598 1375 685 1445 lesto
712 1382 900 1445 sanctorum
927 1375 1070 1444 Simonis
1099 1383 1131 1442 et
1156 1374 1238 1443 lude
1263 1372 1407 1462 Aquilo·

270 1475 359 1560 giam
385 1475 554 1563 applicuit.
591 1475 653 1543 Hic
689 1476 803 1544 similis
837 1475 945 1544 laetus
980 1481 1033 1543 est
1067 1476 1157 1543 leoni
1190 1476 1226 1542 in
1253 1474 1407 1563 operibus

267 1575 350 1664 suis,
378 1574 460 1641 alter
482 1573 687 1644 Maohabeus
715 1580 825 1643 castra
852 1575 995 1642 ecclesie
1018 1591 1086 1643 non
1113 1574 1220 1642 solum
1247 1574 1405 1641 materiali

269 1671 330 1740 sed
358 1678 391 1739 et
423 1666 582 1761 spiritali1
610 1673 724 1759 gladio
750 1673 966 1763 protegebat,
998 1679 1112 1741 contra
1138 1671 1337 1760 Rytzardum
1364 1672 1403 1739 de

269 1769 415 1861 Camino,
443 1779 561 1839 contra
579 1775 757 1840 exercitum
775 1772 986 1861 Venetorum,
1003 1778 1118 1840 contra
1137 1772 1322 1840 Iohannem
1341 1788 1401 1839 oo-

266 1872 376 1938 mitem
404 1871 533 1939 Goricic
558 1873 736 1958 pugnavit,
771 1870 1071 1958 dimicantibusque
1097 1873 1167 1939 suis
1193 1871 1268 1958 ipse
1296 1872 1399 1938 orauit

267 1974 301 2035 et
324 1969 498 2057 prevaluit.
532 1970 677 2057 Moysen
699 1969 881 2038 secundum
900 1989 937 2038 se
958 1970 1131 2058 exhibens,
1159 1987 1226 2057 quo
1244 1970 1279 2037 in
1298 1969 1401 2036 celum

265 2085 382 2134 manus
416 2067 616 2136 extendente
643 2066 802 2136 Amalech
836 2069 1026 2158 succubuit,
1053 2068 1158 2136 lsrael
1184 2068 1400 2155 triumphavit.

266 2163 378 2246 Quiiu
396 2166 552 2235 suburbio
578 2168 722 2234 civitatis
749 2169 918 2236 Utinensis
945 2183 1028 2234 oves
1055 2185 1162 2253 vagas
1187 2185 1249 2254 per
1276 2167 1401 2234 devexa

265 2265 407 2333 earnalis
427 2266 567 2333 lascivie
590 2265 817 2334 discurrentes
838 2266 984 2355 collegit,
1013 2267 1214 2352 caulemque¹
1235 2266 1399 2332 claustra-

265 2364 306 2432 lis
333 2363 511 2432 habitaculi
541 2371 740 2434 construens
758 2365 904 2455 inclusit,
932 2366 1126 2432 necessaria
1144 2364 1320 2454 disposuit,
1346 2364 1398 2432 di-

266 2464 412 2549 vinoque
440 2464 540 2531 cultui
565 2465 778 2554 mancipavit,
806 2471 840 2532 et
865 2463 1002 2553 psalmis
1029 2465 1236 2550 canticisque
1265 2465 1397 2553 spirita-

264 2560 352 2629 libus
372 2579 411 2628 ao
434 2561 565 2629 devotis
583 2565 738 2651 operibus
761 2580 915 2630 manuum
941 2564 1059 2630 instrui
1085 2563 1286 2652 procurarit,
1314 2566 1398 2630 iuxta

264 2659 299 2727 id
325 2660 413 2728 beati
439 2660 569 2729 lacobi:
596 2659 684 2751 „Qui
703 2663 851 2729 converti
871 2661 986 2729 iecerit
1003 2668 1211 2749 peccatorem
1229 2661 1271 2730 ab
1295 2677 1397 2730 errore

264 2760 319 2825 vie
347 2775 407 2826 sue
433 2758 588 2826 liberabit
613 2755 754 2827 animam
783 2762 856 2828 eius
884 2779 905 2828 a
930 2765 1034 2828 morte
1063 2767 1096 2828 et
1121 2761 1229 2849 operit
1254 2762 1397 2830 multitu-

266 2855 376 2926 dinem
402 2855 649 2946 peccatorum.“

340 2957 413 3024 Hoc
437 2973 525 3024 anno
553 2958 786 3026 bononienses
810 2955 1052 3024 rebellaverunt
1074 2958 1199 3048 legato,
1228 2964 1263 3026 et
1285 2953 1394 3043 egredi

266 3059 466 3122 artaverunt.
498 3053 562 3135 Qui
588 3061 761 3123 tractatum
787 3054 902 3123 habuit
929 3074 1000 3124 oum
1028 3057 1239 3147 Florentinis,
1268 3063 1302 3124 et
1319 3072 1393 3124 sus-

265 3159 381 3241 ceptus
417 3159 469 3222 est
500 3154 541 3221 ab
577 3156 635 3222 eis.
674 3154 797 3221 Postea
820 3173 880 3241 per
907 3161 1036 3243 portum
1063 3156 1217 3224 Pisanum
1243 3157 1335 3223 venit
1358 3150 1394 3219 ad

263 3253 397 3340 curiam,
425 3253 605 3338 querulans
632 3253 849 3339 calumpniam
880 3253 942 3321 sibi
968 3252 1096 3322 iactam.
1131 3255 1313 3323 Prooessus
1335 3271 1393 3320 au-

266 3356 330 3417 tem
356 3368 476 3435 graves
505 3351 586 3418 irunt
611 3357 725 3420 contra
751 3353 1007 3443 Bononienses,
1039 3358 1072 3420 et
1098 3353 1242 3421 studium
1269 3354 1392 3442 penitus

265 3441 505 3536 disturbatur²;
540 3449 752 3518 studentibus
779 3449 822 3517 ad
848 3452 982 3540 propria
1007 3452 1062 3520 vel
1088 3452 1170 3520 alias
1196 3449 1392 3526 declinanti-

265 3547 338 3636 buS,
366 3547 561 3617 doctoribus
582 3548 899 3640 obmutescentibus,
918 3567 1006 3638 papa
1024 3555 1057 3618 et
1074 3551 1299 3620 cardinalibus
1316 3550 1392 3618 ultra

263 3646 396 3714 modum
424 3647 642 3715 sevientibus

336 3745 412 3813 Hoc
428 3763 516 3814 anno
534 3748 669 3814 moritur
686 3747 855 3814 lohannes
870 3766 968 3836 papa.
1003 3748 1065 3815 Hic
1089 3754 1165 3816 ante
1182 3755 1319 3817 mortem
1342 3761 1391 3812 re·

263 3846 397 3912 vocavit
423 3862 565 3912 errorem
593 3844 636 3914 de
663 3846 833 3914 animabus
860 3846 969 3934 palam
1000 3846 1064 3915 hoo
1091 3847 1208 3916 modo:
1236 3846 1391 3916 lobcoocs

297 4050 327 4114 l]
346 4051 423 4106 sollte
447 4053 518 4106 wolrl
545 4067 588 4108 um
607 4054 699 4108 ekebrt
725 4055 847 4109 boissen:
873 4070 927 4109 non
951 4054 1034 4108 solum
1058 4056 1164 4125 spiritali
1183 4055 1324 4110 sedetiam
1340 4066 1392 4106 ma-

261 4119 353 4172 teriali.
389 4121 474 4188 Vergl.
498 4121 562 4175 iiber
585 4071 678 4178 diesen
704 4124 913 4191 meriwiirdigen
936 4138 1013 4177 mann
1030 4123 1072 4176 die
1090 4126 1157 4178 Aeta
1173 4123 1326 4179 Sanctorum
1341 4131 1392 4174 mm

261 4188 532 4309 italul1i38urfflubeis
549 4191 617 4246 llcn.
636 4193 723 4260 Aquit.
740 4191 790 4246 867
809 4191 868 4258 lolg.
904 4193 935 4258 2)
954 4205 985 4246 so
1003 4191 1161 4248 verbessoro
1176 4193 1219 4248 icb
1238 4194 1284 4248 das
1301 4191 1390 4262 distur-
