<?xml version="1.0" encoding="UTF-8"?>
<!DOCTYPE html PUBLIC "-//W3C//DTD XHTML 1.0 Transitional//EN"
    "http://www.w3.org/TR/xhtml1/DTD/xhtml1-transitional.dtd">
<html xmlns="http://www.w3.org/1999/xhtml" xml:lang="en" lang="en">
 <head>
  <title>
</title>
<meta http-equiv="Content-Type" content="text/html;charset=utf-8" />
  <meta name='ocr-system' content='tesseract 3.04.00' />
  <meta name='ocr-capabilities' content='ocr_page ocr_carea ocr_par ocr_line ocrx_word'/>
</head>
<body>
  <div class='ocr_page' id='page_1' title='image "./fontesrerumgerm02hubegoog_0462.png"; bbox 0 0 3028 4878; ppageno 0'>
   <div class='ocr_carea' id='block_1_1' title="bbox 457 219 1266 310">
    <p class='ocr_par' dir='ltr' id='par_1_1' title="bbox 457 219 1266 310">
     <span class='ocr_line' id='line_1_1' title="bbox 457 219 1266 310; baseline -0.005 -20"><span class='ocrx_word' id='word_1_1' title='bbox 457 245 599 293; x_wconf 80' lang='lat' dir='ltr'>ronnnurs</span> <span class='ocrx_word' id='word_1_2' title='bbox 619 244 826 292; x_wconf 83' lang='lat' dir='ltr'>uoronrrnsrs.</span> <span class='ocrx_word' id='word_1_3' title='bbox 860 243 886 310; x_wconf 86' lang='lat'>6,</span> <span class='ocrx_word' id='word_1_4' title='bbox 904 245 926 297; x_wconf 86' lang='lat' dir='ltr'>l.</span> <span class='ocrx_word' id='word_1_5' title='bbox 1194 219 1266 286; x_wconf 78' lang='lat' dir='ltr'>ule</span> 
     </span>
    </p>
   </div>
   <div class='ocr_carea' id='block_1_2' title="bbox 120 381 1347 4228">
    <p class='ocr_par' dir='ltr' id='par_1_2' title="bbox 129 381 1347 651">
     <span class='ocr_line' id='line_1_2' title="bbox 129 381 1347 470; baseline 0.002 -18"><span class='ocrx_word' id='word_1_6' title='bbox 129 384 228 452; x_wconf 82' lang='lat' dir='ltr'>thiam</span> <span class='ocrx_word' id='word_1_7' title='bbox 253 381 514 470; x_wconf 83' lang='lat' dir='ltr'>apprehendere</span> <span class='ocrx_word' id='word_1_8' title='bbox 550 389 584 452; x_wconf 89' lang='lat' dir='ltr'>et</span> <span class='ocrx_word' id='word_1_9' title='bbox 614 387 713 454; x_wconf 89' lang='lat' dir='ltr'>annis</span> <span class='ocrx_word' id='word_1_10' title='bbox 747 385 876 454; x_wconf 77' lang='lat' dir='ltr'>bellicis</span> <span class='ocrx_word' id='word_1_11' title='bbox 912 391 1071 455; x_wconf 80' lang='lat' dir='ltr'>coartare.</span> <span class='ocrx_word' id='word_1_12' title='bbox 1113 383 1266 454; x_wconf 83' lang='lat' dir='ltr'>Carniola</span> <span class='ocrx_word' id='word_1_13' title='bbox 1281 401 1347 454; x_wconf 80' lang='lat'><strong>1335</strong></span> 
     </span>
     <span class='ocr_line' id='line_1_3' title="bbox 131 481 1266 573; baseline -0.001 -22"><span class='ocrx_word' id='word_1_14' title='bbox 131 501 221 571; x_wconf 88' lang='lat' dir='ltr'>vero,</span> <span class='ocrx_word' id='word_1_15' title='bbox 249 486 360 550; x_wconf 89' lang='lat' dir='ltr'>sciens</span> <span class='ocrx_word' id='word_1_16' title='bbox 388 481 430 549; x_wconf 95' lang='lat' dir='ltr'>de</span> <span class='ocrx_word' id='word_1_17' title='bbox 449 484 541 550; x_wconf 89' lang='lat' dir='ltr'>ouius</span> <span class='ocrx_word' id='word_1_18' title='bbox 560 482 686 552; x_wconf 79' lang='lat' dir='ltr'>ditione</span> <span class='ocrx_word' id='word_1_19' title='bbox 706 491 809 573; x_wconf 85' lang='lat' dir='ltr'>esset,</span> <span class='ocrx_word' id='word_1_20' title='bbox 836 485 964 572; x_wconf 86' lang='lat' dir='ltr'>absque</span> <span class='ocrx_word' id='word_1_21' title='bbox 992 485 1132 573; x_wconf 89' lang='lat' dir='ltr'>strepitu</span> <span class='ocrx_word' id='word_1_22' title='bbox 1158 485 1266 552; x_wconf 92' lang='lat' dir='ltr'>omnis</span> 
     </span>
     <span class='ocr_line' id='line_1_4' title="bbox 130 581 843 651; baseline 0.004 -4"><span class='ocrx_word' id='word_1_23' title='bbox 130 583 320 649; x_wconf 77' lang='lat' dir='ltr'>resistentie</span> <span class='ocrx_word' id='word_1_24' title='bbox 348 583 436 648; x_wconf 89' lang='lat' dir='ltr'>veris</span> <span class='ocrx_word' id='word_1_25' title='bbox 463 581 606 650; x_wconf 92' lang='lat' dir='ltr'>dominis</span> <span class='ocrx_word' id='word_1_26' title='bbox 634 601 671 650; x_wconf 89' lang='lat' dir='ltr'>se</span> <span class='ocrx_word' id='word_1_27' title='bbox 699 583 843 651; x_wconf 87' lang='lat' dir='ltr'>devovit.</span> 
     </span>
    </p>

    <p class='ocr_par' dir='ltr' id='par_1_3' title="bbox 120 679 1269 3711">
     <span class='ocr_line' id='line_1_5' title="bbox 202 679 1265 771; baseline 0.004 -25"><span class='ocrx_word' id='word_1_28' title='bbox 202 679 406 747; x_wconf 87' lang='lat' dir='ltr'>Kariutlriaui</span> <span class='ocrx_word' id='word_1_29' title='bbox 431 680 636 748; x_wconf 89' lang='lat' dir='ltr'>induciarum</span> <span class='ocrx_word' id='word_1_30' title='bbox 660 688 790 771; x_wconf 90' lang='lat' dir='ltr'>tempos</span> <span class='ocrx_word' id='word_1_31' title='bbox 807 687 1000 771; x_wconf 67' lang='lat' dir='ltr'>poscentes</span> <span class='ocrx_word' id='word_1_32' title='bbox 1028 684 1057 750; x_wconf 90' lang='lat' dir='ltr'>si</span> <span class='ocrx_word' id='word_1_33' title='bbox 1074 683 1136 751; x_wconf 92' lang='lat' dir='ltr'>sub</span> <span class='ocrx_word' id='word_1_34' title='bbox 1155 683 1265 751; x_wconf 90' lang='lat' dir='ltr'>medio</span> 
     </span>
     <span class='ocr_line' id='line_1_6' title="bbox 129 780 1267 870; baseline 0.004 -26"><span class='ocrx_word' id='word_1_35' title='bbox 129 780 184 864; x_wconf 84' lang='lat' dir='ltr'>qui</span> <span class='ocrx_word' id='word_1_36' title='bbox 204 796 264 846; x_wconf 90' lang='lat' dir='ltr'>eos</span> <span class='ocrx_word' id='word_1_37' title='bbox 284 780 474 846; x_wconf 90' lang='lat' dir='ltr'>exsolveret</span> <span class='ocrx_word' id='word_1_38' title='bbox 499 797 567 846; x_wconf 92' lang='lat' dir='ltr'>uon</span> <span class='ocrx_word' id='word_1_39' title='bbox 594 782 732 870; x_wconf 87' lang='lat' dir='ltr'>veniret,</span> <span class='ocrx_word' id='word_1_40' title='bbox 760 780 802 848; x_wconf 91' lang='lat' dir='ltr'>ad</span> <span class='ocrx_word' id='word_1_41' title='bbox 828 780 948 848; x_wconf 92' lang='lat' dir='ltr'>ducum</span> <span class='ocrx_word' id='word_1_42' title='bbox 975 798 1013 848; x_wconf 89' lang='lat' dir='ltr'>se</span> <span class='ocrx_word' id='word_1_43' title='bbox 1028 782 1182 869; x_wconf 88' lang='lat' dir='ltr'>placitum</span> <span class='ocrx_word' id='word_1_44' title='bbox 1210 784 1267 849; x_wconf 90' lang='lat' dir='ltr'>in-</span> 
     </span>
     <span class='ocr_line' id='line_1_7' title="bbox 127 876 1266 968; baseline 0.004 -25"><span class='ocrx_word' id='word_1_45' title='bbox 127 878 297 945; x_wconf 87' lang='lat' dir='ltr'>clinarent.</span> <span class='ocrx_word' id='word_1_46' title='bbox 343 876 413 946; x_wconf 86' lang='lat' dir='ltr'>Rex</span> <span class='ocrx_word' id='word_1_47' title='bbox 446 885 556 945; x_wconf 88' lang='lat' dir='ltr'>autem</span> <span class='ocrx_word' id='word_1_48' title='bbox 583 879 742 946; x_wconf 87' lang='lat' dir='ltr'>Bobemio</span> <span class='ocrx_word' id='word_1_49' title='bbox 770 897 894 946; x_wconf 90' lang='lat' dir='ltr'>moram</span> <span class='ocrx_word' id='word_1_50' title='bbox 921 879 1065 962; x_wconf 89' lang='lat' dir='ltr'>iaciens,</span> <span class='ocrx_word' id='word_1_51' title='bbox 1093 885 1126 948; x_wconf 93' lang='lat' dir='ltr'>et</span> <span class='ocrx_word' id='word_1_52' title='bbox 1152 881 1266 968; x_wconf 79' lang='lat' dir='ltr'>lyro-</span> 
     </span>
     <span class='ocr_line' id='line_1_8' title="bbox 127 975 1266 1066; baseline 0.004 -25"><span class='ocrx_word' id='word_1_53' title='bbox 127 975 243 1044; x_wconf 90' lang='lat' dir='ltr'>lenscs</span> <span class='ocrx_word' id='word_1_54' title='bbox 279 976 357 1062; x_wconf 86' lang='lat' dir='ltr'>quid</span> <span class='ocrx_word' id='word_1_55' title='bbox 393 984 549 1062; x_wconf 81' lang='lat' dir='ltr'>ageretur</span> <span class='ocrx_word' id='word_1_56' title='bbox 585 979 618 1044; x_wconf 89' lang='lat' dir='ltr'>in</span> <span class='ocrx_word' id='word_1_57' title='bbox 651 977 819 1046; x_wconf 87' lang='lat' dir='ltr'>llarinthia</span> <span class='ocrx_word' id='word_1_58' title='bbox 845 980 1056 1066; x_wconf 89' lang='lat' dir='ltr'>nescientes,</span> <span class='ocrx_word' id='word_1_59' title='bbox 1084 979 1266 1048; x_wconf 85' lang='lat' dir='ltr'>lobnnuem</span> 
     </span>
     <span class='ocr_line' id='line_1_9' title="bbox 125 1069 1266 1166; baseline 0.004 -25"><span class='ocrx_word' id='word_1_60' title='bbox 125 1073 281 1143; x_wconf 87' lang='lat' dir='ltr'>abbatem</span> <span class='ocrx_word' id='word_1_61' title='bbox 308 1074 350 1142; x_wconf 92' lang='lat' dir='ltr'>de</span> <span class='ocrx_word' id='word_1_62' title='bbox 377 1069 543 1144; x_wconf 87' lang='lat' dir='ltr'>Victoria1</span> <span class='ocrx_word' id='word_1_63' title='bbox 569 1076 613 1143; x_wconf 87' lang='lat' dir='ltr'>ud</span> <span class='ocrx_word' id='word_1_64' title='bbox 639 1076 742 1158; x_wconf 89' lang='lat' dir='ltr'>duces</span> <span class='ocrx_word' id='word_1_65' title='bbox 766 1073 900 1145; x_wconf 84' lang='lat' dir='ltr'>Austrie</span> <span class='ocrx_word' id='word_1_66' title='bbox 927 1076 1074 1164; x_wconf 82' lang='lat' dir='ltr'>dirigunt</span> <span class='ocrx_word' id='word_1_67' title='bbox 1082 1101 1091 1165; x_wconf 80' lang='lat'>3</span> <span class='ocrx_word' id='word_1_68' title='bbox 1118 1079 1266 1166; x_wconf 89' lang='lat' dir='ltr'>pupilla-</span> 
     </span>
     <span class='ocr_line' id='line_1_10' title="bbox 126 1175 1266 1265; baseline 0.004 -25"><span class='ocrx_word' id='word_1_69' title='bbox 126 1179 194 1240; x_wconf 92' lang='lat' dir='ltr'>tum</span> <span class='ocrx_word' id='word_1_70' title='bbox 221 1191 316 1241; x_wconf 92' lang='lat' dir='ltr'>suum</span> <span class='ocrx_word' id='word_1_71' title='bbox 343 1179 444 1261; x_wconf 84' lang='lat' dir='ltr'>atque</span> <span class='ocrx_word' id='word_1_72' title='bbox 470 1176 574 1262; x_wconf 88' lang='lat' dir='ltr'>patris</span> <span class='ocrx_word' id='word_1_73' title='bbox 595 1175 719 1244; x_wconf 89' lang='lat' dir='ltr'>obitum</span> <span class='ocrx_word' id='word_1_74' title='bbox 739 1176 966 1265; x_wconf 86' lang='lat' dir='ltr'>querulantos,</span> <span class='ocrx_word' id='word_1_75' title='bbox 995 1193 1109 1245; x_wconf 90' lang='lat' dir='ltr'>eorum</span> <span class='ocrx_word' id='word_1_76' title='bbox 1136 1194 1174 1244; x_wconf 92' lang='lat' dir='ltr'>se</span> <span class='ocrx_word' id='word_1_77' title='bbox 1198 1195 1266 1264; x_wconf 87' lang='lat' dir='ltr'>pa-</span> 
     </span>
     <span class='ocr_line' id='line_1_11' title="bbox 124 1272 1265 1364; baseline 0.002 -24"><span class='ocrx_word' id='word_1_78' title='bbox 124 1273 267 1340; x_wconf 91' lang='lat' dir='ltr'>trocinio</span> <span class='ocrx_word' id='word_1_79' title='bbox 294 1277 327 1340; x_wconf 90' lang='lat' dir='ltr'>ct</span> <span class='ocrx_word' id='word_1_80' title='bbox 354 1272 559 1343; x_wconf 81' lang='lat' dir='ltr'>detensionis</span> <span class='ocrx_word' id='word_1_81' title='bbox 587 1274 751 1344; x_wconf 90' lang='lat' dir='ltr'>adiutorio</span> <span class='ocrx_word' id='word_1_82' title='bbox 778 1275 1061 1344; x_wconf 82' lang='lat' dir='ltr'>commendantes.</span> <span class='ocrx_word' id='word_1_83' title='bbox 1087 1273 1151 1356; x_wconf 87' lang='lat' dir='ltr'>Qui</span> <span class='ocrx_word' id='word_1_84' title='bbox 1178 1274 1265 1364; x_wconf 92' lang='lat' dir='ltr'>dum,</span> 
     </span>
     <span class='ocr_line' id='line_1_12' title="bbox 125 1371 1266 1461; baseline 0.003 -24"><span class='ocrx_word' id='word_1_85' title='bbox 125 1376 284 1458; x_wconf 88' lang='lat' dir='ltr'>presente</span> <span class='ocrx_word' id='word_1_86' title='bbox 310 1372 381 1438; x_wconf 87' lang='lat' dir='ltr'>viro</span> <span class='ocrx_word' id='word_1_87' title='bbox 409 1371 573 1461; x_wconf 90' lang='lat' dir='ltr'>prudente</span> <span class='ocrx_word' id='word_1_88' title='bbox 600 1381 633 1441; x_wconf 90' lang='lat' dir='ltr'>ot</span> <span class='ocrx_word' id='word_1_89' title='bbox 659 1373 748 1441; x_wconf 84' lang='lat' dir='ltr'>fideli</span> <span class='ocrx_word' id='word_1_90' title='bbox 775 1371 898 1442; x_wconf 90' lang='lat' dir='ltr'>Ottoue</span> <span class='ocrx_word' id='word_1_91' title='bbox 926 1373 967 1442; x_wconf 95' lang='lat' dir='ltr'>de</span> <span class='ocrx_word' id='word_1_92' title='bbox 990 1373 1266 1461; x_wconf 86' lang='lat' dir='ltr'>Lycchtenstain,</span> 
     </span>
     <span class='ocr_line' id='line_1_13' title="bbox 125 1468 1265 1561; baseline 0.004 -25"><span class='ocrx_word' id='word_1_93' title='bbox 125 1471 161 1536; x_wconf 93' lang='lat' dir='ltr'>in</span> <span class='ocrx_word' id='word_1_94' title='bbox 189 1468 275 1537; x_wconf 87' lang='lat' dir='ltr'>lucie</span> <span class='ocrx_word' id='word_1_95' title='bbox 301 1471 486 1558; x_wconf 83' lang='lat' dir='ltr'>principum</span> <span class='ocrx_word' id='word_1_96' title='bbox 513 1471 578 1539; x_wconf 91' lang='lat' dir='ltr'>sibi</span> <span class='ocrx_word' id='word_1_97' title='bbox 605 1475 783 1540; x_wconf 88' lang='lat' dir='ltr'>commissa</span> <span class='ocrx_word' id='word_1_98' title='bbox 811 1475 844 1538; x_wconf 97' lang='lat' dir='ltr'>in</span> <span class='ocrx_word' id='word_1_99' title='bbox 871 1474 1035 1557; x_wconf 79' lang='lat' dir='ltr'>integrum</span> <span class='ocrx_word' id='word_1_100' title='bbox 1061 1478 1265 1561; x_wconf 88' lang='lat' dir='ltr'>perorasset,</span> 
     </span>
     <span class='ocr_line' id='line_1_14' title="bbox 125 1565 1267 1658; baseline 0.001 -22"><span class='ocrx_word' id='word_1_101' title='bbox 125 1565 284 1637; x_wconf 89' lang='lat' dir='ltr'>Albertus</span> <span class='ocrx_word' id='word_1_102' title='bbox 318 1569 386 1637; x_wconf 88' lang='lat' dir='ltr'>dux</span> <span class='ocrx_word' id='word_1_103' title='bbox 415 1569 605 1658; x_wconf 88' lang='lat' dir='ltr'>respondit:</span> <span class='ocrx_word' id='word_1_104' title='bbox 631 1588 668 1638; x_wconf 91' lang='lat' dir='ltr'>se</span> <span class='ocrx_word' id='word_1_105' title='bbox 694 1571 805 1638; x_wconf 86' lang='lat' dir='ltr'>dolore</span> <span class='ocrx_word' id='word_1_106' title='bbox 830 1574 863 1637; x_wconf 94' lang='lat' dir='ltr'>ot</span> <span class='ocrx_word' id='word_1_107' title='bbox 886 1575 988 1638; x_wconf 84' lang='lat' dir='ltr'>totam</span> <span class='ocrx_word' id='word_1_108' title='bbox 1011 1573 1201 1656; x_wconf 73' lang='lat' dir='ltr'>proportione</span> <span class='ocrx_word' id='word_1_109' title='bbox 1227 1571 1267 1637; x_wconf 86' lang='lat' dir='ltr'>dc</span> 
     </span>
     <span class='ocr_line' id='line_1_15' title="bbox 124 1668 1267 1755; baseline 0.002 -22"><span class='ocrx_word' id='word_1_110' title='bbox 124 1672 230 1733; x_wconf 84' lang='lat' dir='ltr'>nrortc</span> <span class='ocrx_word' id='word_1_111' title='bbox 246 1668 409 1751; x_wconf 81' lang='lat' dir='ltr'>auunculi,</span> <span class='ocrx_word' id='word_1_112' title='bbox 434 1687 473 1735; x_wconf 95' lang='lat' dir='ltr'>eo</span> <span class='ocrx_word' id='word_1_113' title='bbox 492 1670 582 1754; x_wconf 85' lang='lat' dir='ltr'>quod</span> <span class='ocrx_word' id='word_1_114' title='bbox 593 1672 703 1737; x_wconf 85' lang='lat' dir='ltr'>senior</span> <span class='ocrx_word' id='word_1_115' title='bbox 717 1671 829 1755; x_wconf 81' lang='lat' dir='ltr'>stirpis</span> <span class='ocrx_word' id='word_1_116' title='bbox 849 1687 959 1736; x_wconf 87' lang='lat' dir='ltr'>eorum</span> <span class='ocrx_word' id='word_1_117' title='bbox 982 1669 1091 1753; x_wconf 80' lang='lat' dir='ltr'>fucrit,</span> <span class='ocrx_word' id='word_1_118' title='bbox 1118 1673 1151 1736; x_wconf 92' lang='lat' dir='ltr'>et</span> <span class='ocrx_word' id='word_1_119' title='bbox 1163 1668 1267 1751; x_wconf 77' lang='lat' dir='ltr'>filiunt</span> 
     </span>
     <span class='ocr_line' id='line_1_16' title="bbox 121 1767 1267 1852; baseline 0.001 -20"><span class='ocrx_word' id='word_1_120' title='bbox 121 1783 234 1849; x_wconf 87' lang='lat' dir='ltr'>suom,</span> <span class='ocrx_word' id='word_1_121' title='bbox 260 1767 290 1832; x_wconf 84' lang='lat' dir='ltr'>st</span> <span class='ocrx_word' id='word_1_122' title='bbox 314 1769 383 1834; x_wconf 82' lang='lat' dir='ltr'>suis</span> <span class='ocrx_word' id='word_1_123' title='bbox 407 1769 590 1835; x_wconf 81' lang='lat' dir='ltr'>intenderet</span> <span class='ocrx_word' id='word_1_124' title='bbox 613 1769 775 1852; x_wconf 81' lang='lat' dir='ltr'>consitiis,</span> <span class='ocrx_word' id='word_1_125' title='bbox 800 1787 836 1835; x_wconf 90' lang='lat' dir='ltr'>se</span> <span class='ocrx_word' id='word_1_126' title='bbox 869 1768 1048 1851; x_wconf 77' lang='lat' dir='ltr'>affectuose</span> <span class='ocrx_word' id='word_1_127' title='bbox 1074 1772 1107 1834; x_wconf 92' lang='lat' dir='ltr'>et</span> <span class='ocrx_word' id='word_1_128' title='bbox 1126 1768 1267 1848; x_wconf 77' lang='lat' dir='ltr'>fideliter</span> 
     </span>
     <span class='ocr_line' id='line_1_17' title="bbox 122 1864 1267 1952; baseline 0.003 -22"><span class='ocrx_word' id='word_1_129' title='bbox 122 1866 158 1932; x_wconf 81' lang='lat' dir='ltr'>ire</span> <span class='ocrx_word' id='word_1_130' title='bbox 184 1864 330 1932; x_wconf 82' lang='lat' dir='ltr'>omnibus</span> <span class='ocrx_word' id='word_1_131' title='bbox 355 1869 556 1946; x_wconf 66' lang='lat' dir='ltr'>ecdurum·</span> <span class='ocrx_word' id='word_1_132' title='bbox 589 1867 651 1934; x_wconf 89' lang='lat' dir='ltr'>scd</span> <span class='ocrx_word' id='word_1_133' title='bbox 674 1865 879 1934; x_wconf 78' lang='lat' dir='ltr'>Kortntlu&#39;om</span> <span class='ocrx_word' id='word_1_134' title='bbox 912 1884 1012 1933; x_wconf 80' lang='lat' dir='ltr'>mortu</span> <span class='ocrx_word' id='word_1_135' title='bbox 1041 1868 1168 1952; x_wconf 77' lang='lat' dir='ltr'>imperti</span> <span class='ocrx_word' id='word_1_136' title='bbox 1198 1867 1267 1933; x_wconf 80' lang='lat' dir='ltr'>tom</span> 
     </span>
     <span class='ocr_line' id='line_1_18' title="bbox 123 1965 1266 2050; baseline 0.001 -21"><span class='ocrx_word' id='word_1_137' title='bbox 123 1969 313 2048; x_wconf 84' lang='lat' dir='ltr'>susceptam</span> <span class='ocrx_word' id='word_1_138' title='bbox 345 1965 433 2032; x_wconf 85' lang='lat' dir='ltr'>nolle</span> <span class='ocrx_word' id='word_1_139' title='bbox 465 1966 639 2048; x_wconf 82' lang='lat' dir='ltr'>dimittere,</span> <span class='ocrx_word' id='word_1_140' title='bbox 665 1984 726 2032; x_wconf 88' lang='lat' dir='ltr'>nec</span> <span class='ocrx_word' id='word_1_141' title='bbox 752 1966 959 2048; x_wconf 84' lang='lat' dir='ltr'>Coretolom,</span> <span class='ocrx_word' id='word_1_142' title='bbox 986 1983 1085 2050; x_wconf 84' lang='lat' dir='ltr'>quom</span> <span class='ocrx_word' id='word_1_143' title='bbox 1109 1983 1170 2032; x_wconf 93' lang='lat' dir='ltr'>suo</span> <span class='ocrx_word' id='word_1_144' title='bbox 1196 1965 1266 2031; x_wconf 87' lang='lat' dir='ltr'>turc</span> 
     </span>
     <span class='ocr_line' id='line_1_19' title="bbox 122 2062 1267 2150; baseline 0.001 -22"><span class='ocrx_word' id='word_1_145' title='bbox 122 2063 272 2147; x_wconf 83' lang='lat' dir='ltr'>cepisset,</span> <span class='ocrx_word' id='word_1_146' title='bbox 299 2062 506 2148; x_wconf 75' lang='lat' dir='ltr'>oblr&#39;potr&#39;onts</span> <span class='ocrx_word' id='word_1_147' title='bbox 531 2082 592 2132; x_wconf 87' lang='lat' dir='ltr'>suo</span> <span class='ocrx_word' id='word_1_148' title='bbox 612 2070 755 2150; x_wconf 84' lang='lat' dir='ltr'>ternpore</span> <span class='ocrx_word' id='word_1_149' title='bbox 781 2064 913 2149; x_wconf 72' lang='lat' dir='ltr'>elapso·</span> <span class='ocrx_word' id='word_1_150' title='bbox 937 2065 986 2130; x_wconf 90' lang='lat' dir='ltr'>od</span> <span class='ocrx_word' id='word_1_151' title='bbox 1004 2082 1144 2149; x_wconf 87' lang='lat' dir='ltr'>presens</span> <span class='ocrx_word' id='word_1_152' title='bbox 1170 2065 1267 2130; x_wconf 85' lang='lat' dir='ltr'>ettonr</span> 
     </span>
     <span class='ocr_line' id='line_1_20' title="bbox 122 2161 1267 2252; baseline 0.002 -26"><span class='ocrx_word' id='word_1_153' title='bbox 122 2177 190 2227; x_wconf 84' lang='lat' dir='ltr'>nore</span> <span class='ocrx_word' id='word_1_154' title='bbox 209 2179 313 2246; x_wconf 84' lang='lat' dir='ltr'>posse</span> <span class='ocrx_word' id='word_1_155' title='bbox 339 2163 432 2229; x_wconf 87' lang='lat' dir='ltr'>ottred</span> <span class='ocrx_word' id='word_1_156' title='bbox 454 2165 663 2248; x_wconf 84' lang='lat' dir='ltr'>respondero.</span> <span class='ocrx_word' id='word_1_157' title='bbox 698 2161 814 2231; x_wconf 85' lang='lat' dir='ltr'>Abbas</span> <span class='ocrx_word' id='word_1_158' title='bbox 841 2169 950 2231; x_wconf 88' lang='lat' dir='ltr'>autem</span> <span class='ocrx_word' id='word_1_159' title='bbox 975 2161 1017 2230; x_wconf 90' lang='lat' dir='ltr'>ad</span> <span class='ocrx_word' id='word_1_160' title='bbox 1036 2165 1267 2252; x_wconf 85' lang='lat' dir='ltr'>imperatorem</span> 
     </span>
     <span class='ocr_line' id='line_1_21' title="bbox 128 2259 1267 2348; baseline 0 -21"><span class='ocrx_word' id='word_1_161' title='bbox 128 2259 308 2348; x_wconf 84' lang='lat' dir='ltr'>accedens,</span> <span class='ocrx_word' id='word_1_162' title='bbox 336 2263 525 2328; x_wconf 88' lang='lat' dir='ltr'>memoriam</span> <span class='ocrx_word' id='word_1_163' title='bbox 552 2261 679 2330; x_wconf 88' lang='lat' dir='ltr'>iaciens</span> <span class='ocrx_word' id='word_1_164' title='bbox 708 2261 863 2330; x_wconf 88' lang='lat' dir='ltr'>avunculi</span> <span class='ocrx_word' id='word_1_165' title='bbox 890 2264 941 2328; x_wconf 91' lang='lat' dir='ltr'>sui</span> <span class='ocrx_word' id='word_1_166' title='bbox 970 2267 1003 2328; x_wconf 92' lang='lat' dir='ltr'>et</span> <span class='ocrx_word' id='word_1_167' title='bbox 1029 2260 1174 2328; x_wconf 87' lang='lat' dir='ltr'>fidelium</span> <span class='ocrx_word' id='word_1_168' title='bbox 1202 2260 1267 2328; x_wconf 92' lang='lat' dir='ltr'>ob-</span> 
     </span>
     <span class='ocr_line' id='line_1_22' title="bbox 129 2357 1267 2450; baseline -0.002 -24"><span class='ocrx_word' id='word_1_169' title='bbox 129 2360 324 2445; x_wconf 84' lang='lat' dir='ltr'>sequiorum</span> <span class='ocrx_word' id='word_1_170' title='bbox 340 2377 486 2450; x_wconf 92' lang='lat' dir='ltr'>suorum,</span> <span class='ocrx_word' id='word_1_171' title='bbox 515 2360 612 2428; x_wconf 83' lang='lat' dir='ltr'>liliam</span> <span class='ocrx_word' id='word_1_172' title='bbox 639 2379 713 2428; x_wconf 91' lang='lat' dir='ltr'>curn</span> <span class='ocrx_word' id='word_1_173' title='bbox 739 2367 826 2428; x_wconf 88' lang='lat' dir='ltr'>terra</span> <span class='ocrx_word' id='word_1_174' title='bbox 853 2360 916 2428; x_wconf 93' lang='lat' dir='ltr'>sibi</span> <span class='ocrx_word' id='word_1_175' title='bbox 937 2365 1060 2447; x_wconf 87' lang='lat' dir='ltr'>quanta</span> <span class='ocrx_word' id='word_1_176' title='bbox 1079 2361 1186 2448; x_wconf 90' lang='lat' dir='ltr'>potuit</span> <span class='ocrx_word' id='word_1_177' title='bbox 1213 2357 1267 2424; x_wconf 90' lang='lat' dir='ltr'>l-</span> 
     </span>
     <span class='ocr_line' id='line_1_23' title="bbox 126 2457 1267 2548; baseline -0.002 -23"><span class='ocrx_word' id='word_1_178' title='bbox 126 2459 214 2525; x_wconf 88' lang='lat' dir='ltr'>oetia</span> <span class='ocrx_word' id='word_1_179' title='bbox 233 2458 486 2527; x_wconf 87' lang='lat' dir='ltr'>commendavit.</span> <span class='ocrx_word' id='word_1_180' title='bbox 514 2457 614 2527; x_wconf 92' lang='lat' dir='ltr'>Cuius</span> <span class='ocrx_word' id='word_1_181' title='bbox 638 2461 814 2548; x_wconf 89' lang='lat' dir='ltr'>responsio</span> <span class='ocrx_word' id='word_1_182' title='bbox 842 2460 887 2525; x_wconf 90' lang='lat' dir='ltr'>nil</span> <span class='ocrx_word' id='word_1_183' title='bbox 907 2461 1033 2544; x_wconf 88' lang='lat' dir='ltr'>vigoris</span> <span class='ocrx_word' id='word_1_184' title='bbox 1051 2458 1174 2547; x_wconf 89' lang='lat' dir='ltr'>habuit,</span> <span class='ocrx_word' id='word_1_185' title='bbox 1202 2459 1267 2524; x_wconf 92' lang='lat' dir='ltr'>nisi</span> 
     </span>
     <span class='ocr_line' id='line_1_24' title="bbox 127 2555 1267 2643; baseline 0.001 -21"><span class='ocrx_word' id='word_1_186' title='bbox 127 2555 220 2643; x_wconf 87' lang='lat' dir='ltr'>quod</span> <span class='ocrx_word' id='word_1_187' title='bbox 253 2558 312 2624; x_wconf 88' lang='lat' dir='ltr'>ait:</span> <span class='ocrx_word' id='word_1_188' title='bbox 339 2575 375 2624; x_wconf 88' lang='lat' dir='ltr'>se</span> <span class='ocrx_word' id='word_1_189' title='bbox 400 2559 483 2624; x_wconf 89' lang='lat' dir='ltr'>celte</span> <span class='ocrx_word' id='word_1_190' title='bbox 508 2558 682 2626; x_wconf 87' lang='lat' dir='ltr'>clementer</span> <span class='ocrx_word' id='word_1_191' title='bbox 699 2560 871 2625; x_wconf 82' lang='lat' dir='ltr'>tetendero</span> <span class='ocrx_word' id='word_1_192' title='bbox 896 2575 996 2642; x_wconf 86' lang='lat' dir='ltr'>super</span> <span class='ocrx_word' id='word_1_193' title='bbox 1019 2575 1067 2624; x_wconf 86' lang='lat' dir='ltr'>eo.</span> <span class='ocrx_word' id='word_1_194' title='bbox 1102 2557 1267 2624; x_wconf 85' lang='lat' dir='ltr'>Eteooct</span> 
     </span>
     <span class='ocr_line' id='line_1_25' title="bbox 125 2654 1268 2748; baseline -0.003 -25"><span class='ocrx_word' id='word_1_195' title='bbox 125 2655 195 2723; x_wconf 89' lang='lat' dir='ltr'>dux</span> <span class='ocrx_word' id='word_1_196' title='bbox 222 2656 372 2723; x_wconf 82' lang='lat' dir='ltr'>bawarie</span> <span class='ocrx_word' id='word_1_197' title='bbox 400 2657 588 2748; x_wconf 89' lang='lat' dir='ltr'>Heinrioos,</span> <span class='ocrx_word' id='word_1_198' title='bbox 617 2675 722 2743; x_wconf 83' lang='lat' dir='ltr'>gener</span> <span class='ocrx_word' id='word_1_199' title='bbox 745 2660 835 2742; x_wconf 82' lang='lat' dir='ltr'>regis</span> <span class='ocrx_word' id='word_1_200' title='bbox 853 2657 1011 2724; x_wconf 91' lang='lat' dir='ltr'>Bobemio</span> <span class='ocrx_word' id='word_1_201' title='bbox 1037 2654 1206 2742; x_wconf 91' lang='lat' dir='ltr'>lobannis,</span> <span class='ocrx_word' id='word_1_202' title='bbox 1235 2659 1268 2722; x_wconf 89' lang='lat' dir='ltr'>et</span> 
     </span>
     <span class='ocr_line' id='line_1_26' title="bbox 122 2754 1264 2845; baseline -0.003 -23"><span class='ocrx_word' id='word_1_203' title='bbox 122 2754 266 2822; x_wconf 88' lang='lat' dir='ltr'>Karolus</span> <span class='ocrx_word' id='word_1_204' title='bbox 285 2755 442 2844; x_wconf 87' lang='lat' dir='ltr'>marchio,</span> <span class='ocrx_word' id='word_1_205' title='bbox 465 2755 550 2823; x_wconf 87' lang='lat' dir='ltr'>ilius</span> <span class='ocrx_word' id='word_1_206' title='bbox 569 2758 653 2845; x_wconf 87' lang='lat' dir='ltr'>eius,</span> <span class='ocrx_word' id='word_1_207' title='bbox 671 2775 731 2843; x_wconf 89' lang='lat' dir='ltr'>per</span> <span class='ocrx_word' id='word_1_208' title='bbox 748 2756 892 2824; x_wconf 86' lang='lat' dir='ltr'>Danubii</span> <span class='ocrx_word' id='word_1_209' title='bbox 920 2756 1049 2822; x_wconf 89' lang='lat' dir='ltr'>alveum</span> <span class='ocrx_word' id='word_1_210' title='bbox 1076 2755 1264 2842; x_wconf 89' lang='lat' dir='ltr'>venientes,</span> 
     </span>
     <span class='ocr_line' id='line_1_27' title="bbox 125 2845 1264 2943; baseline -0.002 -23"><span class='ocrx_word' id='word_1_211' title='bbox 125 2854 252 2921; x_wconf 90' lang='lat' dir='ltr'>iniuste</span> <span class='ocrx_word' id='word_1_212' title='bbox 279 2859 312 2920; x_wconf 92' lang='lat' dir='ltr'>et</span> <span class='ocrx_word' id='word_1_213' title='bbox 339 2845 516 2922; x_wconf 88' lang='lat' dir='ltr'>enormiter</span> <span class='ocrx_word' id='word_1_214' title='bbox 550 2857 606 2942; x_wconf 86' lang='lat' dir='ltr'>agi</span> <span class='ocrx_word' id='word_1_215' title='bbox 632 2873 705 2922; x_wconf 94' lang='lat' dir='ltr'>cum</span> <span class='ocrx_word' id='word_1_216' title='bbox 739 2857 853 2943; x_wconf 88' lang='lat' dir='ltr'>pueris</span> <span class='ocrx_word' id='word_1_217' title='bbox 881 2853 975 2921; x_wconf 92' lang='lat' dir='ltr'>ducis</span> <span class='ocrx_word' id='word_1_218' title='bbox 1002 2852 1172 2920; x_wconf 88' lang='lat' dir='ltr'>llarinthie</span> <span class='ocrx_word' id='word_1_219' title='bbox 1200 2851 1264 2918; x_wconf 90' lang='lat' dir='ltr'>de-</span> 
     </span>
     <span class='ocr_line' id='line_1_28' title="bbox 122 2950 1266 3120; baseline -0.002 -101"><span class='ocrx_word' id='word_1_220' title='bbox 122 2952 327 3038; x_wconf 78' lang='lat' dir='ltr'>clamantes3</span> <span class='ocrx_word' id='word_1_221' title='bbox 356 2955 472 3120; x_wconf 44' lang='lat' dir='ltr'>quw</span> <span class='ocrx_word' id='word_1_222' title='bbox 497 2955 560 3042; x_wconf 91' lang='lat' dir='ltr'>ipsi</span> <span class='ocrx_word' id='word_1_223' title='bbox 588 2953 805 3022; x_wconf 85' lang='lat' dir='ltr'>inefficaciter</span> <span class='ocrx_word' id='word_1_224' title='bbox 831 2954 1078 3021; x_wconf 88' lang='lat' dir='ltr'>abscesserunt.</span> <span class='ocrx_word' id='word_1_225' title='bbox 1108 2953 1186 3020; x_wconf 88' lang='lat' dir='ltr'>Post</span> <span class='ocrx_word' id='word_1_226' title='bbox 1203 2950 1266 3017; x_wconf 91' lang='lat' dir='ltr'>hec</span> 
     </span>
     <span class='ocr_line' id='line_1_29' title="bbox 120 3049 1268 3142; baseline -0.001 -25"><span class='ocrx_word' id='word_1_227' title='bbox 120 3051 414 3142; x_wconf 86' lang='lat' dir='ltr'>prepositusWis</span> <span class='ocrx_word' id='word_1_228' title='bbox 458 3052 644 3140; x_wconf 68' lang='lat' dir='ltr'>gradensis</span> <span class='ocrx_word' id='word_1_229' title='bbox 662 3060 782 3140; x_wconf 91' lang='lat' dir='ltr'>postea</span> <span class='ocrx_word' id='word_1_230' title='bbox 804 3053 983 3141; x_wconf 91' lang='lat' dir='ltr'>episcopus</span> <span class='ocrx_word' id='word_1_231' title='bbox 999 3049 1268 3138; x_wconf 79' lang='lat' dir='ltr'>OlmunozensiS,</span> 
     </span>
     <span class='ocr_line' id='line_1_30' title="bbox 124 3149 1265 3239; baseline -0.003 -22"><span class='ocrx_word' id='word_1_232' title='bbox 124 3169 200 3217; x_wconf 88' lang='lat' dir='ltr'>cum</span> <span class='ocrx_word' id='word_1_233' title='bbox 215 3149 371 3217; x_wconf 83' lang='lat' dir='ltr'>bohemis</span> <span class='ocrx_word' id='word_1_234' title='bbox 392 3151 561 3219; x_wconf 91' lang='lat' dir='ltr'>nobilibus</span> <span class='ocrx_word' id='word_1_235' title='bbox 581 3153 717 3219; x_wconf 90' lang='lat' dir='ltr'>mittitur</span> <span class='ocrx_word' id='word_1_236' title='bbox 736 3151 778 3219; x_wconf 91' lang='lat' dir='ltr'>ad</span> <span class='ocrx_word' id='word_1_237' title='bbox 801 3151 915 3239; x_wconf 87' lang='lat' dir='ltr'>duces,</span> <span class='ocrx_word' id='word_1_238' title='bbox 943 3152 1076 3217; x_wconf 92' lang='lat' dir='ltr'>nomine</span> <span class='ocrx_word' id='word_1_239' title='bbox 1103 3150 1194 3234; x_wconf 82' lang='lat' dir='ltr'>regis</span> <span class='ocrx_word' id='word_1_240' title='bbox 1214 3149 1265 3215; x_wconf 91' lang='lat' dir='ltr'>sui</span> 
     </span>
     <span class='ocr_line' id='line_1_31' title="bbox 122 3248 1269 3340; baseline -0.002 -24"><span class='ocrx_word' id='word_1_241' title='bbox 122 3248 328 3316; x_wconf 81' lang='lat' dir='ltr'>Kerinthiam</span> <span class='ocrx_word' id='word_1_242' title='bbox 364 3267 566 3340; x_wconf 88' lang='lat' dir='ltr'>reposcens,</span> <span class='ocrx_word' id='word_1_243' title='bbox 594 3251 625 3316; x_wconf 88' lang='lat' dir='ltr'>vi</span> <span class='ocrx_word' id='word_1_244' title='bbox 652 3251 759 3335; x_wconf 85' lang='lat' dir='ltr'>magis</span> <span class='ocrx_word' id='word_1_245' title='bbox 796 3267 892 3336; x_wconf 84' lang='lat' dir='ltr'>quam</span> <span class='ocrx_word' id='word_1_246' title='bbox 918 3249 1043 3328; x_wconf 87' lang='lat' dir='ltr'>iustitia</span> <span class='ocrx_word' id='word_1_247' title='bbox 1069 3249 1180 3335; x_wconf 92' lang='lat' dir='ltr'>pueris</span> <span class='ocrx_word' id='word_1_248' title='bbox 1209 3248 1269 3314; x_wconf 53' lang='lat' dir='ltr'>ina</span> 
     </span>
     <span class='ocr_line' id='line_1_32' title="bbox 124 3346 1269 3438; baseline -0.005 -22"><span class='ocrx_word' id='word_1_249' title='bbox 124 3347 325 3416; x_wconf 89' lang='lat' dir='ltr'>nocentibus</span> <span class='ocrx_word' id='word_1_250' title='bbox 349 3349 537 3438; x_wconf 89' lang='lat' dir='ltr'>subreptam</span> <span class='ocrx_word' id='word_1_251' title='bbox 562 3348 719 3416; x_wconf 90' lang='lat' dir='ltr'>involutis</span> <span class='ocrx_word' id='word_1_252' title='bbox 747 3349 894 3416; x_wconf 89' lang='lat' dir='ltr'>scientiis</span> <span class='ocrx_word' id='word_1_253' title='bbox 922 3348 1127 3434; x_wconf 80' lang='lat' dir='ltr'>sylogizans</span> <span class='ocrx_word' id='word_1_254' title='bbox 1154 3346 1269 3414; x_wconf 89' lang='lat' dir='ltr'>Duces</span> 
     </span>
     <span class='ocr_line' id='line_1_33' title="bbox 123 3444 1269 3536; baseline -0.003 -23"><span class='ocrx_word' id='word_1_255' title='bbox 123 3446 271 3513; x_wconf 87' lang='lat' dir='ltr'>breviter</span> <span class='ocrx_word' id='word_1_256' title='bbox 298 3446 559 3536; x_wconf 88' lang='lat' dir='ltr'>responderunt:</span> <span class='ocrx_word' id='word_1_257' title='bbox 586 3466 623 3514; x_wconf 90' lang='lat' dir='ltr'>sc</span> <span class='ocrx_word' id='word_1_258' title='bbox 642 3447 879 3531; x_wconf 83' lang='lat' dir='ltr'>petiusomntc</span> <span class='ocrx_word' id='word_1_259' title='bbox 900 3462 963 3511; x_wconf 80' lang='lat' dir='ltr'>seeo</span> <span class='ocrx_word' id='word_1_260' title='bbox 989 3447 1036 3512; x_wconf 90' lang='lat' dir='ltr'>cd</span> <span class='ocrx_word' id='word_1_261' title='bbox 1060 3444 1179 3510; x_wconf 80' lang='lat' dir='ltr'>librom</span> <span class='ocrx_word' id='word_1_262' title='bbox 1203 3463 1269 3511; x_wconf 64' lang='lat' dir='ltr'>co-</span> 
     </span>
     <span class='ocr_line' id='line_1_34' title="bbox 120 3541 1268 3632; baseline -0.003 -20"><span class='ocrx_word' id='word_1_263' title='bbox 120 3564 216 3612; x_wconf 88' lang='lat' dir='ltr'>suunc</span> <span class='ocrx_word' id='word_1_264' title='bbox 242 3550 340 3632; x_wconf 87' lang='lat' dir='ltr'>otque</span> <span class='ocrx_word' id='word_1_265' title='bbox 365 3547 413 3613; x_wconf 90' lang='lat' dir='ltr'>od</span> <span class='ocrx_word' id='word_1_266' title='bbox 433 3547 615 3631; x_wconf 85' lang='lat' dir='ltr'>periculum</span> <span class='ocrx_word' id='word_1_267' title='bbox 635 3547 813 3630; x_wconf 81' lang='lat' dir='ltr'>posituros,</span> <span class='ocrx_word' id='word_1_268' title='bbox 840 3562 937 3630; x_wconf 81' lang='lat' dir='ltr'>quom</span> <span class='ocrx_word' id='word_1_269' title='bbox 956 3541 1161 3610; x_wconf 80' lang='lat' dir='ltr'>Kortntletorn</span> <span class='ocrx_word' id='word_1_270' title='bbox 1186 3543 1268 3609; x_wconf 53' lang='lat' dir='ltr'>red«</span> 
     </span>
     <span class='ocr_line' id='line_1_35' title="bbox 122 3645 259 3711; baseline 0 0"><span class='ocrx_word' id='word_1_271' title='bbox 122 3645 259 3711; x_wconf 85' lang='lat' dir='ltr'>ditores.</span> 
     </span>
    </p>

    <p class='ocr_par' dir='ltr' id='par_1_4' title="bbox 120 3737 1267 4228">
     <span class='ocr_line' id='line_1_36' title="bbox 198 3737 1264 3826; baseline -0.006 -17"><span class='ocrx_word' id='word_1_272' title='bbox 198 3742 331 3810; x_wconf 89' lang='lat' dir='ltr'>Interim</span> <span class='ocrx_word' id='word_1_273' title='bbox 364 3743 651 3812; x_wconf 89' lang='lat' dir='ltr'>llarintlrianorum</span> <span class='ocrx_word' id='word_1_274' title='bbox 686 3742 820 3810; x_wconf 89' lang='lat' dir='ltr'>inducie</span> <span class='ocrx_word' id='word_1_275' title='bbox 848 3739 1038 3808; x_wconf 78' lang='lat' dir='ltr'>aderitum</span> <span class='ocrx_word' id='word_1_276' title='bbox 1065 3737 1264 3826; x_wconf 84' lang='lat' dir='ltr'>dilabuntur,</span> 
     </span>
     <span class='ocr_line' id='line_1_37' title="bbox 122 3836 1267 3929; baseline 0 -21"><span class='ocrx_word' id='word_1_277' title='bbox 122 3842 302 3928; x_wconf 84' lang='lat' dir='ltr'>nullusque</span> <span class='ocrx_word' id='word_1_278' title='bbox 329 3840 389 3909; x_wconf 88' lang='lat' dir='ltr'>luit</span> <span class='ocrx_word' id='word_1_279' title='bbox 415 3845 471 3929; x_wconf 88' lang='lat' dir='ltr'>qui</span> <span class='ocrx_word' id='word_1_280' title='bbox 498 3842 701 3909; x_wconf 90' lang='lat' dir='ltr'>subveniret.</span> <span class='ocrx_word' id='word_1_281' title='bbox 736 3843 811 3908; x_wconf 90' lang='lat' dir='ltr'>Dux</span> <span class='ocrx_word' id='word_1_282' title='bbox 835 3838 913 3908; x_wconf 87' lang='lat' dir='ltr'>Otto</span> <span class='ocrx_word' id='word_1_283' title='bbox 939 3841 1079 3906; x_wconf 86' lang='lat' dir='ltr'>ueniens</span> <span class='ocrx_word' id='word_1_284' title='bbox 1107 3836 1267 3910; x_wconf 87' lang='lat' dir='ltr'>nobilium</span> 
     </span>
     <span class='ocr_line' id='line_1_38' title="bbox 123 3936 1263 4029; baseline -0.008 -22"><span class='ocrx_word' id='word_1_285' title='bbox 123 3946 158 4007; x_wconf 88' lang='lat' dir='ltr'>et</span> <span class='ocrx_word' id='word_1_286' title='bbox 169 3941 438 4028; x_wconf 88' lang='lat' dir='ltr'>civiliumrecipit</span> <span class='ocrx_word' id='word_1_287' title='bbox 449 3948 667 4029; x_wconf 89' lang='lat' dir='ltr'>sacramenta,</span> <span class='ocrx_word' id='word_1_288' title='bbox 681 3942 820 4008; x_wconf 89' lang='lat' dir='ltr'>maxime</span> <span class='ocrx_word' id='word_1_289' title='bbox 831 3941 907 4026; x_wconf 88' lang='lat' dir='ltr'>quia</span> <span class='ocrx_word' id='word_1_290' title='bbox 922 3940 1099 4026; x_wconf 88' lang='lat' dir='ltr'>imperator</span> <span class='ocrx_word' id='word_1_291' title='bbox 1115 3936 1263 4023; x_wconf 68' lang='lat' dir='ltr'>scripse.</span> 
     </span>
     <span class='ocr_line' id='line_1_39' title="bbox 122 4035 1266 4128; baseline -0.006 -24"><span class='ocrx_word' id='word_1_292' title='bbox 122 4047 182 4128; x_wconf 87' lang='lat' dir='ltr'>rat,</span> <span class='ocrx_word' id='word_1_293' title='bbox 213 4046 331 4107; x_wconf 91' lang='lat' dir='ltr'>terram</span> <span class='ocrx_word' id='word_1_294' title='bbox 349 4039 390 4107; x_wconf 88' lang='lat' dir='ltr'>ad</span> <span class='ocrx_word' id='word_1_295' title='bbox 411 4041 582 4127; x_wconf 90' lang='lat' dir='ltr'>imperium</span> <span class='ocrx_word' id='word_1_296' title='bbox 600 4039 801 4128; x_wconf 84' lang='lat' dir='ltr'>devolutam,</span> <span class='ocrx_word' id='word_1_297' title='bbox 830 4055 970 4123; x_wconf 88' lang='lat' dir='ltr'>eamque</span> <span class='ocrx_word' id='word_1_298' title='bbox 992 4038 1062 4104; x_wconf 93' lang='lat' dir='ltr'>suis</span> <span class='ocrx_word' id='word_1_299' title='bbox 1089 4035 1266 4102; x_wconf 79' lang='lat' dir='ltr'>avunculis:</span> 
     </span>
     <span class='ocr_line' id='line_1_40' title="bbox 120 4124 1265 4228; baseline -0.004 -22"><span class='ocrx_word' id='word_1_300' title='bbox 120 4137 264 4206; x_wconf 91' lang='lat' dir='ltr'>ducibus</span> <span class='ocrx_word' id='word_1_301' title='bbox 294 4138 490 4228; x_wconf 88' lang='lat' dir='ltr'>contulisse,</span> <span class='ocrx_word' id='word_1_302' title='bbox 519 4146 552 4206; x_wconf 91' lang='lat' dir='ltr'>et</span> <span class='ocrx_word' id='word_1_303' title='bbox 575 4155 690 4205; x_wconf 90' lang='lat' dir='ltr'>omnes</span> <span class='ocrx_word' id='word_1_304' title='bbox 711 4140 760 4205; x_wconf 89' lang='lat' dir='ltr'>eis</span> <span class='ocrx_word' id='word_1_305' title='bbox 783 4140 817 4204; x_wconf 92' lang='lat' dir='ltr'>in</span> <span class='ocrx_word' id='word_1_306' title='bbox 840 4137 1001 4222; x_wconf 84' lang='lat' dir='ltr'>reliquum</span> <span class='ocrx_word' id='word_1_307' title='bbox 1020 4124 1177 4204; x_wconf 84' lang='lat' dir='ltr'>obedire²</span> <span class='ocrx_word' id='word_1_308' title='bbox 1199 4132 1265 4201; x_wconf 66' lang='lat' dir='ltr'>dc-</span> 
     </span>
    </p>
   </div>
   <div class='ocr_carea' id='block_1_3' title="bbox 158 4252 1195 4397">
    <p class='ocr_par' dir='ltr' id='par_1_5' title="bbox 158 4252 1195 4397">
     <span class='ocr_line' id='line_1_41' title="bbox 158 4252 1195 4325; baseline -0.005 -16"><span class='ocrx_word' id='word_1_309' title='bbox 158 4258 187 4323; x_wconf 84' lang='lat' dir='ltr'>l]</span> <span class='ocrx_word' id='word_1_310' title='bbox 207 4257 337 4312; x_wconf 55' lang='lat' dir='ltr'>rreriasser</span> <span class='ocrx_word' id='word_1_311' title='bbox 356 4259 444 4312; x_wconf 91' lang='lat' dir='ltr'>dieses</span> <span class='ocrx_word' id='word_1_312' title='bbox 462 4257 719 4325; x_wconf 77' lang='lat' dir='ltr'>geschichtsuerles.</span> <span class='ocrx_word' id='word_1_313' title='bbox 756 4257 786 4320; x_wconf 82' lang='lat'>2)</span> <span class='ocrx_word' id='word_1_314' title='bbox 806 4255 913 4310; x_wconf 85' lang='lat' dir='ltr'>obedire</span> <span class='ocrx_word' id='word_1_315' title='bbox 937 4254 1002 4309; x_wconf 87' lang='lat' dir='ltr'>baba</span> <span class='ocrx_word' id='word_1_316' title='bbox 1022 4255 1062 4307; x_wconf 90' lang='lat' dir='ltr'>iclr</span> <span class='ocrx_word' id='word_1_317' title='bbox 1082 4252 1195 4319; x_wconf 74' lang='lat' dir='ltr'>argium.</span> 
     </span>
     <span class='ocr_line' id='line_1_42' title="bbox 161 4340 1067 4397; baseline -0.004 -2"><span class='ocrx_word' id='word_1_318' title='bbox 161 4358 293 4397; x_wconf 80' lang='lat' dir='ltr'>conuersa</span> <span class='ocrx_word' id='word_1_319' title='bbox 312 4357 415 4397; x_wconf 79' lang='lat' dir='ltr'>nonnos</span> <span class='ocrx_word' id='word_1_320' title='bbox 430 4353 454 4397; x_wconf 87' lang='lat'>1.</span> <span class='ocrx_word' id='word_1_321' title='bbox 1034 4340 1067 4392; x_wconf 79' lang='lat'>27</span> 
     </span>
    </p>
   </div>
   <div class='ocr_carea' id='block_1_4' title="bbox 0 0 1518 4878">
    <p class='ocr_par' dir='ltr' id='par_1_6' title="bbox 0 0 1518 4878">
     <span class='ocr_line' id='line_1_43' title="bbox 0 0 1518 4878; baseline 0 2"><span class='ocrx_word' id='word_1_322' title='bbox 0 0 1518 4878; x_wconf 95' lang='lat' dir='ltr'> </span> 
     </span>
    </p>
   </div>
  </div>
 </body>
</html>
