3044 4882
449 211 591 259 rouxnnrs
611 211 818 261 vrerenrrnsrs.
852 213 877 281 a,
895 215 919 264 t.
1189 183 1259 253 367

120 345 198 426 lsai.
226 348 421 421 Consortare
448 357 482 420 et
506 358 581 420 esto
603 352 774 443 robustam,
802 359 835 423 te
853 356 939 425 enim
957 355 1092 424 adiuvat
1109 353 1262 423 dominus
1278 371 1346 426 1310

123 450 206 520 deus
233 449 345 520 tuus.“
386 452 523 520 Taxatis
559 456 660 539 atque
685 451 819 522 indietis
844 472 905 542 per
932 456 1083 542 singulas
1112 455 1262 522 civitates

122 549 336 641 ollloialibuS,
371 549 414 619 ad
441 569 551 619 euram
567 543 681 637 'regni
706 555 931 640 provinciales
959 560 1111 624 statuens
1139 560 1173 621 et
1197 553 1263 621 ad-

119 658 271 736 vocatos,
298 651 454 740 precipue
481 655 597 719 eontra
617 651 842 721 Eberhardum
862 653 904 723 de
924 653 1167 742 Wirtenbereb,
1195 653 1263 720 im-

119 749 242 840 pendia
269 750 392 818 eivitati
408 751 624 836 Ezzlingensi
642 749 841 821 sufficientia
856 752 1058 841 designavit.
1090 752 1163 835 Qne
1183 752 1262 839 qui-

121 849 194 918 dem
227 851 344 918 eivitas
376 868 396 916 a
427 849 577 938 predioto
614 849 806 920 Eberhardo
842 853 972 922 turbata
1011 854 1185 942 plurimum
1229 855 1264 918 et

121 955 322 1039 eentempta‚
350 955 476 1018 statuto
504 949 566 1018 sibi
599 951 776 1038 capitaneo
809 954 930 1021 eomite
958 954 1125 1044 Gotzone,
1153 956 1262 1020 eastra

120 1050 273 1119 eivitates
299 1049 542 1137 possessiones
569 1048 721 1118 eiusdem
737 1056 771 1118 et
789 1049 904 1139 predia
930 1069 1018 1140 pene
1047 1054 1167 1140 omnia,
1195 1067 1260 1118 us-

120 1166 183 1237 que
211 1147 254 1216 ad
281 1146 348 1217 dno
383 1154 492 1217 eastra
518 1147 573 1235 qai
601 1157 830 1218 remanserant
854 1150 1051 1242 dissipavit,
1079 1157 1112 1220 et
1139 1153 1167 1220 si
1193 1151 1260 1217 im-

118 1248 266 1337 peratori
281 1249 349 1316 vita
365 1248 498 1334 longior
517 1249 684 1316 extitisset
701 1249 735 1317 in
755 1254 825 1318 toto
843 1251 977 1338 penitus
989 1253 1155 1340 periisset.
1181 1250 1262 1318 Post
1278 1308 1288 1340 ,

118 1348 190 1416 eius
219 1349 389 1416 transitum
416 1346 458 1415 de
485 1347 549 1415 hae
575 1347 762 1416 infirmitate
791 1351 970 1442 convaluit,
998 1368 1114 1438 regum
1139 1351 1175 1418 in
1201 1367 1260 1417 re-

117 1448 243 1535 liquum
278 1464 410 1536 semper
434 1447 619 1536 potentiam
648 1446 845 1517 formidavit.
884 1447 955 1518 Rex
980 1451 1080 1536 igitur
1106 1451 1260 1519 eivitates

117 1545 267 1634 undique
295 1547 576 1638 circumlustrans
604 1563 663 1616 eas
691 1546 866 1638 ordinavit,
895 1555 928 1616 et
948 1567 1009 1637 per
1030 1549 1164 1635 singula
1182 1566 1259 1616 mo*

115 1647 265 1715 nesteria
298 1663 336 1714 se
372 1645 495 1714 devote
522 1652 556 1714 et
587 1646 751 1716 humiliter
784 1648 1018 1734 religiosorum
1053 1647 1260 1717 orationibus

116 1739 389 1815 eonnrendavnt

193 1844 267 1913 lloo
284 1862 372 1914 anno
387 1843 608 1914 Voldemarus
631 1847 777 1916 marohio
801 1847 1152 1938 Brandenburgensis,
1169 1859 1260 1913 mor-

115 1945 184 2014 tuis
200 1943 413 2012 fratruelibus
432 1950 466 2012 et
487 1946 624 2035 patruis,
653 1945 794 2015 divisum
817 1949 851 2016 in
868 1949 989 2018 multas
1014 1953 1127 2038 partes
1154 1951 1260 2014 totum

116 2045 213 2113 solus
238 2044 327 2112 illius
354 2044 441 2112 tituli
466 2043 609 2112 obtinuit
634 2046 863 2134 principatum.
897 2049 939 2116 Et
958 2049 1107 2135 glorians
1128 2046 1162 2112 in
1186 2041 1260 2112 lor·

115 2142 258 2212 titudine
285 2149 318 2211 et
344 2142 572 2230 magnitudine
599 2147 749 2232 potentie
776 2165 857 2236 sue,
885 2149 1007 2216 auriam
1034 2145 1199 2216 celebrem
1226 2149 1275 2217 et.

115 2242 279 2311 famosam
300 2241 419 2311 indixit
431 2242 568 2328 regibus
586 2244 792 2332 principibus
810 2264 915 2334 prope
933 2247 1104 2334 longeque
1125 2245 1258 2333 positis,

111 2342 304 2412 habituram
324 2359 362 2410 se
380 2343 516 2429 nuptias
536 2359 609 2411 oum
625 2343 691 2410 lrlia
708 2346 815 2432 patrui
842 2347 893 2414 sui
917 2346 1091 2435 mendane,
1118 2361 1259 2413 omnes-

112 2459 185 2530 que
211 2443 323 2510 missis
349 2439 532 2510 veredariis
551 2441 593 2510 ad
612 2442 712 2510 huius
739 2444 995 2533 sollempnitatis
1017 2443 1175 2531 gaudium
1201 2444 1258 2510 in-

109 2543 242 2610 vitavit.
277 2539 382 2622 Quam
409 2539 542 2628 quidem
567 2544 674 2610 tenuit
698 2543 731 2609 in
751 2544 884 2612 civitate
903 2545 1071 2633 maritima,
1101 2561 1166 2631 qne
1185 2539 1258 2609 Ro-

111 2640 195 2710 stolr
220 2639 348 2731 dieitur,
375 2647 409 2708 et
434 2645 486 2708 est
512 2641 577 2709 site
601 2643 636 2708 in
661 2647 760 2730 portu
785 2642 841 2710 ubi
861 2661 980 2712 versus
999 2643 1136 2711 Daeiam
1154 2641 1258 2709 Sne-

110 2742 201 2810 eiam
217 2745 249 2808 et
266 2739 480 2826 Norwegiam
498 2744 599 2827 atque
616 2738 659 2810 ad
682 2747 794 2829 partes
813 2742 897 2810 alias
911 2744 1106 2833 navigatur,
1133 2742 1167 2809 in
1191 2755 1258 2827 qno

110 2842 215 2910 etiam
237 2839 406 2928 navigium
426 2844 584 2907 terrarum
605 2845 638 2907 et
655 2841 813 2909 meretum
830 2840 1032 2911 diversarum
1055 2840 1097 2910 de
1120 2838 1257 2910 remotis

110 2937 312 3026 regionibus
345 2939 538 3027 applieatur.
583 2937 656 3008 Hae
688 2941 722 3008 in
754 2942 845 3010 ouria
878 2939 940 3010 init
966 2960 1026 3012 rex
1051 2942 1154 3010 Daeie
1183 2956 1258 3007 eum

110 3038 247 3108 duobus
273 3037 414 3108 dueibus
440 3037 598 3106 iratribus
625 3039 707 3131 suis,
735 3044 769 3108 et
781 3042 943 3110 immensa
960 3039 1171 3110 multitudine
1189 3056 1258 3128 po-

109 3138 184 3228 puli
209 3145 297 3206 terre
323 3155 395 3229 sue,
423 3137 528 3206 dnoes
556 3139 696 3208 eomites
722 3139 817 3208 liberi
834 3140 980 3209 barones
995 3139 1260 3208 innumerabiles·

111 3237 157 3306 de
186 3237 352 3327 Saxonia,
385 3241 419 3305 et
453 3236 662 3306 marobiones
695 3238 894 3308 Sleswieen.
927 3239 1091 3309 Stetinen.
1116 3238 1258 3326 Region.

110 3329 369 3426 Magnipolen.²
396 3341 429 3404 et
454 3341 629 3422 magnates
662 3343 728 3406 tam
760 3336 802 3406 de
828 3339 911 3428 illis,
939 3356 1037 3425 quam
1065 3338 1107 3407 de
1132 3337 1258 3407 exteris

110 3437 283 3526 pantheo,
319 3453 458 3523 qnorum
485 3453 643 3504 numerus
669 3438 726 3505 vix
751 3442 883 3526 poterat
911 3438 1066 3506 estimari.
1105 3436 1257 3505 Maronia

111 3536 269 3604 menibus
286 3537 376 3621 regis
393 3535 496 3604 Daoie
514 3535 608 3604 miles
636 3553 709 3604 oum
736 3555 859 3623 magna
885 3536 1040 3605 deeentia
1066 3537 1257 3624 insignitur,

107 3635 202 3703 mille
222 3635 428 3724 septingenti
445 3640 583 3723 tyrones
601 3636 635 3702 in
652 3637 815 3724 tyrocinio
843 3637 908 3705 hoe
933 3654 1021 3705 nove
1048 3636 1160 3703 militie
1181 3636 1258 3703 ein-

108 3734 195 3822 gule
212 3753 273 3824 per
290 3735 515 3803 marchionem
538 3752 613 3804 oum
635 3752 759 3824 pompa
775 3737 917 3804 maxima
941 3734 1150 3805 deterantur.
1181 3733 1259 3801 Do-

109 3834 277 3902 minarum
302 3833 348 3902 ibi
374 3833 416 3902 de
443 3832 595 3904 diversis,
612 3835 760 3922 partibus
788 3833 1005 3904 formosarum
1032 3836 1119 3903 siout
1141 3838 1174 3902 et
1191 3833 1258 3901 mi-

106 3933 208 4002 liturn
243 3934 352 4002 extitit
376 3933 626 4002 innumerabilis
653 3933 846 4024 multitudo,
874 3953 1011 4022 quarum
1039 3934 1101 4002 luit
1125 3934 1259 4001 ineom·

155 4115 185 4181 1]
204 4116 260 4172 bier
276 4119 311 4174 ist
327 4119 356 4172 in
375 4117 421 4174 der
437 4118 475 4175 bs.
495 4119 537 4173 ein
556 4118 647 4184 langer
664 4122 751 4174 znsatz
763 4116 978 4186 beigesebrieben
993 4118 1044 4172 den
1059 4117 1100 4173 iob
1119 4116 1259 4184 dbergebe.

103 4185 405 4312 {geflibelffirtleeottffen
430 4192 516 4244 warte
535 4187 592 4242 sind
610 4189 637 4240 ln
658 4186 706 4240 der
724 4188 762 4242 lrs.
782 4187 871 4258 spiter
888 4186 1082 4257 eusgestrieben
1100 4186 1153 4242 und
1170 4184 1258 4240 ieblen
