3052 4878
276 204 349 275 ltt
567 229 727 277 canoruccr
750 229 787 274 ιι
808 228 932 277 uucrcus
953 228 1109 275 ιιιιιιιιι.

275 371 319 440 ad
343 366 616 460 respondendum
647 373 863 459 acceperant,
899 365 942 436 ad
975 369 1208 456 imperatorem
1240 369 1396 452 miserunt,

275 488 371 539 suum
398 486 499 558 super
525 469 582 536 tali
607 484 774 557 responso
802 467 978 535 consilium
1004 468 1223 554 requirentes
1262 465 1323 549 Qui
1340 485 1396 534 ex·

274 585 463 660 pavescens
481 585 550 637 non
569 567 676 636 solum
694 565 873 656 probibuit,
892 565 954 634 sed
972 567 1070 634 etiam
1087 566 1216 634 litteras
1234 566 1276 635 ad
1291 583 1396 634 omnes

276 670 415 756 regni
397 669 550 736 civitates
578 664 698 735 festine
724 658 865 733 direxit¹
873 717 883 754 ,
912 665 1032 752 quibus
1058 666 1187 734 litteras
1215 664 1269 733 dc
1282 682 1397 753 procu·

275 771 403 838 ratione
437 767 532 852 regni
557 766 702 834 Henrieo
734 764 876 852 principi
907 764 1002 832 datas
1039 766 1202 833 seriosius
1228 765 1397 833 revocavit

274 869 317 938 Et
340 869 390 935 sic
414 867 572 955 princeps
599 865 656 951 qui
681 881 742 950 pro
770 880 891 948 magna
918 865 1045 931 exierat
1067 865 1175 951 gratia
1194 861 1398 953 acquirenda,

274 969 392 1036 minus·
409 965 558 1052 gloriose
584 962 627 1031 ad
652 963 787 1051 propria
814 967 867 1028 est
892 979 1059 1031 reversus.
1101 962 1184 1031 Mox
1200 963 1301 1048 igitur
1321 968 1354 1029 ut
1369 963 1399 1028 in

275 1073 395 1134 terram
412 1081 506 1134 suam
530 1067 584 1131 est
598 1079 753 1130 reversus
781 1061 869 1149 cepit
892 1061 1123 1150 imperatorem
1148 1061 1337 1131 cottidianis
1351 1079 1400 1129 ra-

275 1167 363 1254 pinis
390 1169 424 1232 et
448 1160 612 1230 incendiis
637 1159 806 1228 infestare.

191 1270 258 1326 1339
349 1259 446 1330 llnno
471 1260 738 1329 mcccxxmviiii.
761 1257 843 1327 obiit
864 1258 1041 1326 Hainricus
1065 1256 1134 1327 dux
1155 1257 1298 1327 Bavarie
1318 1255 1401 1326 inle-

192 1353 266 1462 ΒΨ
277 1363 372 1432 rioris
399 1367 433 1429 et
458 1364 512 1428 est
536 1358 722 1448 sepultus
712 1376 747 1425 ιιι
772 1355 946 1426 Lantzbut.
995 1355 1140 1445 Reliquit
1174 1363 1284 1426 autem
1310 1357 1402 1424 lilium

277 1460 411 1529 nomine
433 1460 610 1548 loannem,
638 1458 694 1544 qui
713 1455 811 1524 filiam
832 1456 995 1526 Ludovici
1012 1455 1140 1524 habens
1160 1455 1402 1545 desponsatam,

193 1577 260 1633 lato
275 1578 379 1650 parvo
405 1565 483 1648 post
508 1563 646 1626 mortem
661 1557 764 1669 patris
786 1562 933 1645 tempore
952 1557 1146 1645 supervixit.
1184 1553 1258 1636 Quo
1280 1560 1402 1624 mortuo

198 1659 256 1702 ¹³⁸⁰·
212 1663 455 1770 2⁰imperator
479 1656 646 1746 predictus
674 1656 747 1723 eius
773 1654 927 1743 possedit
950 1656 1177 1743 principatum.

200 1806 259 1848 oca.
349 1757 448 1829 Anno
464 1756 596 1826 Domini
612 1773 652 1822 m.
656 1772 724 1822 ccc.
726 1754 769 1822 xl.
786 1754 867 1822 obiit
882 1753 1086 1822 reverendus
1100 1760 1195 1843 pater
1210 1757 1242 1821 et
1257 1750 1402 1822 dominus

207 1860 238 1915 11
274 1858 433 1926 Nicotaus
459 1855 716 1944 llatisponensis
749 1855 928 1941 episcopus
956 1859 1067 1921 otest
1093 1853 1280 1966 ιθριιιιιιε
1271 1871 1307 1920 rn
1333 1869 1404 1919 mo·

275 1958 421 2026 austerio
455 1957 560 2023 sancti
587 1953 708 2021 Petri
699 1970 733 2018 m
760 1949 992 2021 Obernaltacb.
1041 1951 1104 2019 Hic
1128 1954 1270 2020 maxima
1297 1950 1403 2019 debita
1503 1997 1504 2026 ,

275 2073 341 2144 que
368 2060 563 2122 antecessor
595 2069 675 2120 suus
704 2057 915 2119 contraxerat
939 2051 1145 2136 integraliter
1170 2050 1349 2140 persolvit,
1375 2053 1406 2116 et
1503 2047 1504 2050 ’

274 2155 385 2222 omnia
412 2159 521 2221 castra
538 2168 577 2219 ac
598 2151 811 2240 munitiones,
839 2168 902 2238 que
928 2149 1017 2218 idem
1035 2157 1231 2218 antecessor
1248 2167 1332 2218 suus
1346 2166 1404 2237 pc-

275 2252 421 2321 tentibus
439 2251 593 2339 personis
613 2249 832 2340 obligaverat,
860 2249 1008 2339 redemit,
1036 2256 1136 2336 atque
1154 2246 1313 2336 quamdiu
1331 2248 1406 2316 vixit

275 2353 310 2419 in
336 2369 397 2420 sua
423 2349 537 2418 babuit
561 2354 740 2438 potestate.
785 2347 857 2429 Que
882 2354 915 2416 et
937 2349 1082 2418 moriens
1109 2348 1209 2438 plena
1236 2347 1406 2435 dereliquit

275 2452 372 2538 quasi
396 2449 579 2518 eructantia
596 2466 638 2516 ex
654 2448 719 2517 hoc
745 2448 779 2515 in
804 2445 896 2516 illud.
939 2448 1002 2516 Hic
1026 2449 1112 2516 inter
1137 2449 1232 2533 regni
1259 2452 1293 2515 et
1320 2445 1405 2516 sedis

276 2550 552 2638 dissenssionem,
580 2547 629 2615 sic
653 2545 715 2614 sibi
742 2552 776 2614 et
793 2563 855 2616 suo
875 2547 965 2618 clero
985 2564 1046 2616 seu
1065 2547 1238 2636 episcopio
1255 2544 1405 2635 previdit,

276 2648 368 2737 quod
394 2668 414 2716 a
438 2645 656 2738 processibus
683 2695 866 2715 ......

192 2767 259 2823 aser
350 2746 449 2816 Anno
467 2747 600 2815 Domini
621 2764 662 2812 m.
666 2745 836 2814 cccmxlvii.
856 2744 1010 2816 dominus
1027 2744 1209 2815 Ludwicus
1233 2747 1408 2835 imperator

192 2851 251 2959 ⁰,⁰i·
277 2847 407 2915 habens
440 2851 474 2915 et
500 2846 649 2913 sentiens
683 2845 717 2912 in
748 2862 890 2933 corpore
923 2863 986 2914 suc
1021 2843 1240 2936 debilitatem,
1275 2846 1349 2937 vel,
1376 2849 1408 2912 ut

208 2905 370 3013 ¹multi
396 2949 564 3035 asserunt,
591 2944 838 3034 toxicationcm,
866 2947 954 3032 cepit
981 2961 1084 3013 causa
1102 2944 1227 3015 laboris
1253 2952 1407 3014 venatum

275 3045 309 3112 in
336 3044 441 3132 sylvis
469 3048 503 3111 et
527 3042 768 3131 campestribus
795 3042 976 3128 equitando
1002 3061 1039 3113 se
1059 3046 1252 3134 exercitare,
1279 3048 1316 3112 ct
1335 3044 1408 3113 dum

276 3144 327 3212 sic
348 3144 521 3232 equitaret,
549 3159 708 3210 corruens
727 3139 769 3207 dc
789 3158 888 3232 equo,
915 3150 1063 3211 mortuus
1081 3148 1142 3212 est.
1182 3142 1330 3230 Reliquit
1350 3162 1408 3210 au·

227 3309 230 3316 .
275 3247 341 3310 tem
367 3242 476 3310 multis
499 3239 678 3310 heredibus
698 3241 768 3307 suis
790 3240 909 3308 multas
930 3243 1100 3332 regiones,
1126 3241 1408 3311 videlicctBava-
1502 3307 1503 3328 ,

274 3341 355 3408 riam
378 3339 447 3408 lere
467 3342 568 3408 totam
595 3343 627 3406 et
649 3338 908 3408 marchionatum
932 3339 1305 3432 brandenburgensem,
1333 3341 1409 3409 item

273 3437 493 3528 H‘ollandiam,
521 3436 699 3528 Hanigaw,
728 3436 863 3529 Seland,
889 3441 967 3507 item
995 3440 1132 3527 Tyrolin
1157 3444 1191 3507 ct
1214 3439 1409 3508 adiacentia.
1502 3421 1503 3439 ¹

347 3537 474 3608 Eodem
493 3539 729 3627 tempore,imc
747 3536 817 3604 lere
839 3538 927 3605 circa
946 3544 1089 3625 quatuor
1105 3539 1160 3607 vel
1178 3540 1326 3626 quinque
1338 3537 1409 3608 dics

272 3644 353 3727 post
369 3637 494 3706 obitum
510 3636 718 3723 imperatoris
733 3635 894 3726 ludwici,
923 3636 990 3705 durr
1005 3637 1146 3707 llarolus
1166 3638 1252 3706 tilius
1272 3637 1409 3707 loannis

274 3736 441 3825 quondam
476 3735 566 3820 regis
596 3733 756 3802 Bcbcmie
788 3736 925 3803 intravit
949 3754 1022 3804 cum
1049 3738 1197 3806 exercitu
1222 3736 1408 3825 Baliarium,

274 3855 347 3905 cam
373 3835 499 3925 rapinis
527 3839 561 3902 et
585 3832 750 3901 incendiis
777 3840 978 3904 vastaturus.
1016 3833 1140 3905 Audita
1166 3841 1276 3905 autem
1302 3843 1408 3904 morte

273 3936 492 4024 imperatoris,
518 3930 700 4001 Romanum
722 3934 876 4021 aspirans
895 3932 937 4000 ad
959 3951 1109 4026 regnum,
1136 3933 1318 4004 festinabat
1339 3933 1410 4003 Ra-

273 4035 456 4124 tisponam,
488 4033 545 4100 ubl
579 4032 761 4100 honorilice
796 4040 975 4120 susceptus
1003 4040 1064 4102 est.
1114 4031 1269 4123 Receptis
1297 4039 1408 4102 autem

273 4131 395 4200 ibidem
421 4131 635 4222 victualibus,
662 4131 696 4198 in
721 4129 940 4200 Nurnberkch
965 4139 999 4201 et
1025 4133 1107 4200 alias
1134 4135 1230 4220 regni
1257 4134 1410 4201 civitates

310 4250 340 4316 l)
358 4250 446 4318 Vergl.
458 4250 579 4318 Ludwigs
593 4246 662 4306 briei
674 4265 708 4306 an
720 4248 762 4306 die
776 4248 843 4306 stadt
854 4248 957 4304 Worms
971 4248 1410 4317 d.d.Ueberlingen2iivli133l.
