3096 4882
300 187 373 260 172
631 219 693 264 nte.
715 218 838 264 brussati
858 215 1022 263 lunaticos
1042 217 1107 262 etv.

300 357 374 426 aelli
401 357 582 445 episeopus
609 354 797 446 eardinaliS,
825 356 926 424 aeleri
953 373 1054 424 eursu
1077 374 1139 444 per
1156 355 1297 425 Satiram
1317 359 1422 424 trans-

300 461 430 546 euntes,
457 473 616 524 summam
643 472 761 545 rerum,
789 457 887 542 quasi
913 456 1049 524 summis
1072 454 1196 547 digitis,
1224 457 1424 541 attingemus.

373 555 500 622 Ioanne
531 553 621 621 XXll
651 571 739 642 papa
774 553 916 622 rebelles
946 553 1208 624 Lambardarum
1233 556 1372 644 tyranni,
1396 558 1428 621 ut
1514 615 1515 630 ,

299 653 356 721 vix
380 654 444 720 iam
471 659 685 722 sacrosancte
713 653 856 720 aeolesie
891 651 1110 722 fortissimum
1144 654 1245 722 robur
1272 655 1427 721 sustinere
1514 719 1515 722 ,

298 758 460 842 possent,
495 752 652 820 aeaersiri
685 750 891 819 Ludovieum
927 752 1067 821 Bavarie
1101 751 1235 844 dueem,
1269 758 1425 838 tamquam
1514 787 1515 850 l

298 850 521 920 Romanarum
555 867 670 936 regem
706 867 748 918 ex
778 847 976 919 Alamannia
1008 853 1115 920 iurata
1150 852 1246 920 simul
1279 852 1426 940 pretione

300 949 493 1038 deerevere,
519 954 556 1017 ut
571 949 697 1037 imperii
714 952 920 1017 saerosauoti
938 953 1147 1018 maiestatem
1164 951 1345 1019 interiectis
1359 949 1427 1016 dis-

299 1048 395 1118 sidiis
429 1048 599 1116 obieerent
632 1047 775 1116 eoeleste
801 1049 984 1141 maiestati,
1011 1066 1194 1136 earumque
1221 1049 1428 1118 marahiarum

299 1147 508 1216 oollisianem
528 1145 685 1237 laeerent,
714 1165 780 1235 qua
800 1148 948 1216 universi
970 1147 1165 1217 christicole
1191 1152 1428 1236 aaneertarent,
1515 1220 1516 1242 ξ

298 1250 336 1314 ut
361 1247 490 1313 scilieet
515 1247 646 1333 tyranni
671 1245 772 1316 iidem
799 1246 943 1315 eeolesie
969 1248 1058 1316 vires
1079 1248 1199 1315 alienis
1219 1245 1377 1315 subsidiis
1392 1245 1428 1312 ab

300 1361 338 1412 se
365 1343 596 1436 retunderent,
624 1350 658 1413 et
688 1344 730 1413 ad
765 1343 906 1414 eandem
938 1345 1117 1414 laetianem
1153 1348 1344 1433 antiquatas
1368 1348 1429 1412 im·
1515 1389 1516 1434 ,

297 1443 383 1533 perii
408 1449 521 1532 partes
554 1442 778 1531 undecunque
805 1448 838 1512 et
863 1442 1008 1513 diversis
1043 1443 1161 1513 studiis
1189 1445 1430 1534 eomplieareut.
1515 1511 1516 1518 ,

297 1543 404 1612 Fuere
430 1542 463 1610 hi
489 1542 622 1632 Galaaz,
647 1542 782 1612 Mareus
800 1548 834 1610 et
850 1541 1031 1632 Luoblnus,
1058 1541 1194 1633 Mapbei
1221 1543 1430 1613 Vieeeomitis

298 1659 359 1730 per
385 1639 473 1709 idem
507 1648 638 1730 tempus
664 1640 873 1730 predelunoti
900 1641 976 1732 filii,
1004 1641 1105 1710 Canis
1132 1642 1273 1711 Grandis
1299 1643 1430 1728 magni-

299 1740 383 1808 liaus
411 1739 499 1808 della
526 1740 624 1809 Seala
657 1740 791 1810 Verane
817 1740 970 1810 Vioentie
996 1740 1095 1809 Feltrl
1120 1741 1252 1810 Belluni
1279 1741 1431 1810 domina·

298 1844 362 1924 tor,
389 1838 585 1907 Passerinus
609 1839 651 1906 de
674 1841 861 1908 Benaeosis
875 1839 1130 1909 Mantuanorum
1149 1841 1315 1930 dominre,
1342 1839 1431 1927 Ray-

298 1935 419 2006 naldus
447 1944 481 2005 et
503 1934 631 2025 Oppizo
656 1940 864 2007 marelriones
883 1938 1047 2008 Estenses
1063 1939 1278 2027 Ferrarieque
1299 1939 1431 2026 domini,
1516 1981 1517 2024 ,

300 2035 492 2105 Castruoius
514 2036 556 2105 de
574 2036 806 2106 Intermiuellis
826 2037 973 2106 Pisanum
998 2037 1158 2126 Lueeque
1184 2038 1353 2107 daminus,
1395 2036 1434 2105 lli

298 2137 471 2224 premissis
488 2138 522 2202 in
538 2132 768 2204 Alemanniam
783 2138 917 2226 legatis,
945 2137 1112 2224 eolloquia
1131 2139 1235 2226 petito
1256 2136 1347 2226 apud
1362 2137 1431 2205 Fri-

300 2227 476 2324 derioum¹,
502 2237 640 2322 primum
666 2235 756 2303 illum
785 2241 913 2303 traxere
932 2236 1100 2326 Tyrolum,
1128 2236 1257 2305 demum
1278 2236 1322 2304 ab
1341 2236 1434 2305 Heu-

214 2344 281 2398 1aar
300 2334 368 2401 riao
396 2334 508 2421 Tyroll
534 2335 666 2424 eomite,
693 2337 865 2403 transitum
891 2335 1062 2425 prebente,
1089 2336 1123 2403 ln
1150 2334 1345 2403 Tridentum
1374 2334 1434 2403 de-

224 2428 279 2467 rm.
299 2431 449 2524 soendlt,
482 2433 538 2501 ubi
564 2433 676 2502 multis
703 2437 815 2520 grauis
848 2436 922 2503 aeris
950 2427 1154 2524 desponsis²
1178 2452 1277 2523 porro
1304 2436 1372 2523 ipsi
1397 2431 1435 2500 ad

299 2533 432 2622 propria
457 2532 597 2602 rediere.

372 2632 563 2701 Ludovious
581 2649 640 2720 per
657 2633 798 2721 iugosas
813 2634 885 2702 vias
902 2633 1146 2724 perambulans,
1167 2632 1338 2700 Cumanas
1355 2649 1433 2720 per-

223 2749 275 2790 um
299 2747 421 2816 agrans
449 2733 550 2821 lines,
573 2731 800 2800 Mediolanum
823 2732 1003 2802 oontendit.
1052 2732 1102 2800 lbi
1130 2751 1150 2800 a
1176 2729 1433 2800 Vieeeomitibus
1517 2761 1518 2784 2

299 2832 437 2897 eomiter
471 2836 709 2919 gratanterque
741 2836 900 2920 aeoeptus
929 2833 1052 2899 auriam
1079 2849 1172 2898 suam
1199 2831 1332 2921 posuit,
1360 2829 1435 2896 Me-

298 2926 535 3014 diolanumque
553 2930 655 2996 multa
676 2931 853 3018 primorum
878 2936 912 2998 et
932 2931 1046 3019 papuli
1074 2929 1187 2998 lavore
1216 2932 1249 2998 lu
1277 2927 1435 2996 ditionem

298 3027 437 3115 aeoepit,
464 3032 500 3094 ut
521 3029 585 3095 iam
604 3027 842 3098 Vieeeomitum
870 3028 1014 3097 dominia
1041 3031 1090 3097 sia
1117 3028 1285 3118 oederent,
1313 3034 1435 3095 utnon

297 3125 414 3222 maiori
439 3128 678 3214 preemineutia
704 3146 803 3214 quam
828 3143 889 3217 pro
917 3129 1142 3214 singularibus
1170 3127 1299 3196 oivibus
1328 3127 1436 3194 habe-

298 3228 422 3292 rentur.
462 3224 615 3314 Dumque
641 3227 692 3294 slo
708 3229 841 3295 minutis
863 3229 1022 3314 potentiis
1045 3227 1292 3317 oeoumbereut,
1315 3243 1437 3311 magna

297 3324 521 3409 potentiorum
548 3327 668 3394 eivium
696 3343 814 3394 manus
842 3325 1005 3393 adversus
1035 3327 1111 3395 illos
1138 3326 1279 3415 sumptis
1306 3324 1436 3393 lrduoiis

298 3421 454 3508 querelas
491 3441 597 3492 navas
623 3423 797 3494 Ludovieo
825 3442 1023 3513 exposuere.
1070 3425 1145 3492 Nae
1167 3425 1325 3512 expedire
1353 3424 1436 3491 barm

299 3523 332 3588 et
351 3520 436 3587 iusto
459 3524 530 3608 regi
553 3539 720 3590 comanae
744 3524 924 3592 Mediolani
942 3529 974 3591 et
990 3522 1136 3592 subditos
1154 3541 1234 3590 auae
1256 3525 1348 3590 moer
1366 3521 1436 3590 eol-

297 3618 496 3704 leetiaaibua,
522 3637 606 3706 qaas
630 3639 770 3708 magnas
793 3625 881 3710 enipi
898 3625 1126 3709 maudaverat,
1150 3639 1322 3709 praem&
1349 3620 1439 3708 apud

297 3720 518 3786 dominatores
542 3737 620 3787 eoos
647 3720 762 3788 solitae
789 3739 860 3789 cera
890 3724 1112 3808 pecuniaeque
1140 3738 1327 3789 communes
1355 3735 1437 3802 aare,

297 3835 381 3903 quaa
396 3819 502 3904 paula
525 3823 609 3902 ante,
635 3821 681 3886 ati
700 3835 763 3887 rea
779 3822 850 3905 ipae
865 3821 1037 3905 magnifiee
1055 3823 1285 3905 inseparatae,
1311 3837 1437 3905 caepe-

296 3921 381 3984 raat.
420 3915 569 3986 Alleotus
585 3917 696 3987 verbis
714 3919 874 3988 nominati
893 3919 967 3987 eris
985 3939 1054 4009 rex,
1081 3918 1170 4007 apud
1189 3937 1287 4006 quem
1304 3919 1437 3988 illarum

296 4017 438 4102 peaunia
463 4016 525 4085 bec
552 4023 660 4108 esset,
688 4034 841 4086 seorsum
869 4019 1024 4105 quesivit.
1067 4017 1117 4086 De
1145 4018 1268 4086 Galaaz
1293 4020 1436 4085 notione

297 4112 427 4206 habita,
460 4118 558 4184 aoeiri
591 4117 682 4186 illum
709 4117 816 4186 iussit.
867 4115 930 4197 Qui
958 4116 999 4186 de
1027 4135 1062 4184 re
1089 4119 1239 4204 quesitus
1266 4114 1435 4186 adversus

333 4237 363 4304 t)
383 4239 465 4296 sollte
483 4240 639 4298 ludovicum
656 4243 768 4299 beissen.
805 4246 835 4312 2)
854 4243 916 4298 llier
934 4241 1003 4297 wohl
1021 4255 1050 4295 sa
1070 4244 1121 4299 riel
1139 4243 1178 4298 als
1196 4242 1393 4312 sponsionibus.
