3028 4878
255 177 326 244 ott
577 207 721 252 nonnanes
743 207 950 254 vtoromsusts.
986 204 1011 270 6,
1033 205 1070 258 ll.

254 391 305 459 De
336 410 419 460 caso
451 391 609 459 Iohannis
637 391 697 472 fito
728 391 817 478 repis
849 391 1002 460 Bobenia
1027 412 1099 462 cnm
1124 413 1231 464 onore
1256 413 1334 478 sno,
1361 402 1393 464 el

353 489 625 558 inthronizatione
647 488 770 558 Aldortn'
787 492 820 558 in
837 493 991 560 ducatum
1006 491 1183 578 Korintltie,
1210 498 1243 560 el
1260 493 1391 579 qmbus-
1499 527 1500 558 l

353 591 430 657 dom
453 590 539 657 eliis.
1238 594 1320 678 Coo.
1345 596 1390 662 oi.

170 749 236 804 1342
326 725 424 798 Anno
455 728 579 797 domini
610 728 801 797 mmccxlii.
824 729 1001 815 imperator
1024 731 1237 822 bodonicus,
1266 750 1331 819 quc
1357 735 1390 801 in

132 863 135 872 ·
252 826 362 895 cordis
378 828 499 897 allectu
517 828 692 914 congessit
717 826 759 895 dc
785 826 933 896 dominio
951 829 1138 918 tyrolensi,
1164 832 1253 920 cepit
1270 831 1390 908 ellectu

172 1015 173 1018 Ἴ
251 929 362 1014 operis
395 927 544 996 ebullire.
581 926 665 995 Nam
697 925 846 994 Iohanne
882 926 948 994 filio
981 929 1201 1000 Bobemorum
1228 930 1320 1015 regis
1347 930 1388 998 de

250 1025 397 1113 partibus
429 1022 567 1094 Atbasis
603 1026 795 1112 eliminato,
831 1024 917 1093 lama
949 1027 1138 1114 percrebuit
1168 1028 1259 1114 quod
1284 1046 1389 1098 causa

220 1179 221 1182 ,
249 1122 556 1213 luerit-impotentia
577 1123 731 1213 coeundi,
757 1125 897 1211 ipsaque
917 1142 979 1194 sua
1000 1128 1145 1195 coniunx
1161 1126 1386 1216 margaretha,

249 1224 388 1310 cupiens
424 1241 503 1290 esse
537 1229 659 1313 mater,
693 1221 758 1290 boc
790 1224 905 1310 sepius
940 1223 1154 1293 familiaribus
1180 1225 1387 1316 patefecerit,

250 1320 341 1407 quod
372 1321 528 1390 heredem
563 1321 720 1390 ardenter
752 1320 971 1412 desideravit,
999 1323 1090 1411 quod
1115 1342 1175 1412 per
1202 1326 1275 1394 elus
1303 1342 1390 1393 con-

249 1421 386 1487 sortium
408 1423 542 1508 penitus
561 1420 632 1488 fieri
650 1420 849 1508 desperavit.
880 1420 1063 1490 Ferebatur
1078 1442 1097 1490 a
1113 1423 1275 1512 pluribus²
1299 1424 1390 1511 quod

248 1516 314 1586 boc
341 1519 417 1588 olim
444 1539 502 1608 per
527 1520 732 1608 Beatrlcem‚
768 1518 915 1586 Heinrici
941 1519 1037 1590 ducis
1063 1521 1234 1592 llarintbie
1261 1525 1390 1592 tertiam

247 1635 397 1709 uxorem,
422 1618 563 1687 latenter
580 1618 678 1686 suerit
694 1624 907 1706 procuratum
926 1636 986 1707 per
999 1625 1102 1688 artem
1120 1621 1282 1711 maleficii,
1309 1640 1389 1709 pre-

248 1733 368 1784 cavere
404 1716 571 1786 volentem
606 1736 648 1786 ne
683 1734 725 1784 ex
757 1716 810 1784 bis
845 1717 983 1786 soboles
1010 1725 1224 1810 nasceretur,
1253 1727 1288 1790 et
1314 1723 1389 1809 ipsa

248 1832 312 1901 que
339 1815 479 1884 fructum
505 1835 574 1884 non
601 1815 715 1884 babuit
740 1814 907 1884 dotaliciis
934 1815 1155 1886 frustraretur.

321 1913 502 2001 Imperator
528 1915 669 1984 audiens
697 1914 787 2001 quod
814 1921 864 1984 est
886 1922 1035 2007 gestum,
1063 1916 1163 1985 filium
1190 1933 1287 1989 suum
1314 1917 1387 1986 Lu-

247 2009 411 2080 dewicum
437 2014 659 2083 marchionem
687 2012 728 2080 de
760 2014 1022 2103 brandanburg,
1058 2017 1284 2104 occlusurum,
1319 2016 1387 2084 filla

245 2110 335 2195 regis
361 2111 483 2202 Dacia,
511 2113 725 2181 iamdudum
753 2110 957 2204 donassent,
986 2115 1149 2204 stimulat,
1177 2121 1213 2182 ut
1240 2133 1385 2184 consor-

245 2212 311 2277 tem
328 2208 487 2278 lobannis
502 2211 611 2301 ducat,
639 2218 825 2297 terramque
841 2213 998 2300 inclytam
1018 2213 1296 2302 apprehenderet.
1323 2213 1386 2296 Qui

246 2305 323 2375 dum
349 2311 546 2378 reniteretur
573 2312 650 2380 totis
676 2309 801 2378 viribus
817 2316 850 2378 et
866 2311 1027 2401 horreret,
1053 2330 1162 2380 sermo
1181 2314 1286 2401 patris
1303 2331 1385 2400 pre-

246 2407 357 2474 valuit.
396 2409 438 2476 Et
470 2415 643 2499 assumpto
679 2426 791 2477 secum
826 2409 970 2496 quodam
1003 2429 1064 2478 sue
1089 2413 1193 2500 partis
1221 2413 1383 2500 episcopo

243 2507 370 2575 intruso
397 2509 622 2598 Frisingensi‚
659 2515 694 2576 ut
720 2507 896 2577 divortium
923 2510 1126 2598 celebraret,
1161 2513 1223 2579 iter
1250 2512 1384 2599 capiunt

244 2603 287 2673 ad
313 2613 481 2677 montana.
519 2607 562 2676 El
587 2607 664 2675 dum
690 2607 733 2676 ad
760 2607 880 2675 clivum
914 2611 1036 2677 montis
1062 2609 1232 2678 cuiusdam
1258 2629 1383 2698 perve-

243 2705 384 2794 bissem,
412 2706 558 2774 intrusus
583 2707 655 2795 ille,
684 2705 761 2776 dum
788 2704 1011 2775 descenderet
1036 2727 1124 2795 eollo
1152 2709 1294 2798 sedens,
1322 2727 1382 2776 ca-

243 2820 316 2871 sum
344 2802 471 2873 iaciens
499 2807 669 2894 expiravit.
701 2804 941 2874 Nichilominus
968 2808 1185 2876 aeclesiastici
1208 2809 1290 2877 iuris
1309 2807 1382 2876 lor·
1499 2851 1500 2864 .

242 2903 331 2970 mula
356 2910 563 2993 postergum,
589 2906 676 2972 inter
700 2905 917 2972 Ludeur'cum
944 2911 976 2973 et
994 2905 1241 2992 Margaretbam
1268 2908 1380 2995 nuptie

243 3001 461 3070 celebrantur.
488 3001 560 3083 Que
579 3004 734 3090 concepit
742 3025 751 3090 3
780 3002 841 3070 sed
862 3006 1083 3092 prevaricatio
1098 3007 1133 3072 in
1156 3007 1381 3095 primogenito

244 3105 296 3167 est
322 3099 474 3190 multata,
510 3101 588 3188 quia
613 3108 711 3170 natus
738 3101 890 3170 celeriter
916 3110 970 3170 est
996 3104 1158 3174 sublatus.
1199 3105 1382 3193 Imperator

165 3233 225 3274 aas.
243 3204 387 3276 cestrum
415 3199 547 3287 Tyrolis
572 3202 750 3286 ingressus
776 3203 876 3268 armis
902 3203 1050 3292 munivit,
1078 3204 1232 3273 exultans
1259 3206 1382 3293 animo,

242 3297 395 3366 altisonis
421 3298 560 3366 vocibus
596 3299 726 3368 cantica
750 3298 854 3368 letitie
881 3302 1015 3390 cecinit,
1048 3301 1114 3370 loci
1140 3305 1322 3372 amenitate
1347 3310 1381 3372 et

239 3397 461 3485 possessione
488 3399 664 3488 montium,
692 3403 851 3485 tantoque
877 3400 1057 3468 munimine
1083 3401 1126 3470 ad
1151 3403 1321 3471 introitum
1346 3408 1379 3469 el

239 3494 361 3563 exitum
394 3494 489 3563 ltalia
522 3495 717 3566 delectatus.
752 3496 826 3578 Quo
852 3497 1030 3566 recedente
1058 3499 1142 3568 filius
1170 3519 1311 3569 manens
1336 3499 1378 3568 de

239 3592 382 3680 singulis
405 3595 625 3666 scrutabatur.
661 3595 723 3677 Qui
739 3601 859 3685 postea
884 3613 1031 3683 sequens
1049 3604 1186 3690 patrem,
1215 3601 1282 3668 ait:
1310 3605 1376 3667 ler-

237 3711 310 3764 rom
335 3711 372 3760 se
394 3693 562 3784 fumosam
587 3697 656 3762 since
671 3695 784 3778 [noctu
801 3693 1030 3776 subintrasse·
1055 3699 1133 3783 puio
1154 3697 1280 3766 nobiles
1292 3717 1374 3785 pos·

237 3793 400 3860 sessiones
424 3797 522 3879 otone
546 3797 663 3862 eostre
688 3795 736 3862 od
755 3796 937 3880 prinoipem
955 3799 1141 3880 spectantia
1155 3798 1373 3880 possiderent.

238 3890 334 3958 Pater
360 3893 421 3958 nil:
448 3892 580 3980 lonpom
611 3893 755 3960 lonicum
781 3893 917 3976 insenos
938 3895 1212 3978 precindendom,
1240 3899 1273 3963 ot
1291 3896 1371 3981 pol-

238 3989 315 4055 linm
345 3989 488 4074 ornplnm
520 3992 634 4077 aliquo
666 3990 837 4058 snbtrooto
869 3991 992 4058 lacinio
1025 3995 1294 4081 constandum·
1317 3997 1373 4062 in-

238 4102 347 4153 nuens
372 4093 529 4174 potentes
556 4097 656 4176 atque
683 4088 863 4178 predivites
887 4089 1152 4177 subprimendos.
1185 4092 1283 4162 Unde
1299 4111 1372 4160 mox

240 4183 405 4270 quendam
441 4185 483 4254 de
516 4187 720 4278 potioribus,
755 4188 988 4257 Volchmamm
1022 4193 1172 4281 nomine,
1202 4208 1276 4260 cum
1304 4192 1373 4259 filiis
