3002 4880
360 194 503 242 ennolion
524 195 561 240 DE
582 195 680 240 sssris
701 194 866 240 vulneranti.
1135 165 1183 233 45

78 334 190 401 malumi
223 332 338 402 Scelus
364 332 641 422 incomparabile,
669 331 790 400 seculis
817 331 1020 400 inauditnm!
1060 330 1183 400 Manus
1203 347 1269 401 1313

77 441 247 500 consecrata
281 431 483 521 sacerdotis,
516 437 553 498 ut
583 430 719 520 dieitur,
747 447 812 516 que
836 449 958 518 panem
983 431 1050 498 vite
1076 433 1186 500 cesari
1203 431 1263 471 ⁸⁰⁰·

76 533 252 621 ministravit,
278 529 356 598 huie
379 531 476 598 etiam
494 532 608 599 mortis
625 529 770 597 edulium
789 529 942 621 oonleoit,
970 547 1036 616 quo
1053 537 1184 618 sumpto

74 631 156 697 vitam
185 631 276 699 eitius
311 630 507 697 terminavit.
557 628 648 696 Pium
679 634 790 696 tamen
817 633 870 696 est
895 629 1049 719 eredere,
1076 630 1184 717 ipsum

75 729 231 796 seeundum
256 729 324 796 vite
350 729 499 795 meritum
525 727 740 815 temporalem
758 733 897 796 mortem
916 729 951 796 in
976 729 1075 796 vitam
1101 746 1183 816 per-

72 833 184 914 petuam
214 832 449 896 eommutasse.
498 825 625 894 Estimo
660 832 771 894 tamen
796 826 912 895 melius
940 843 1017 895 esse
1044 828 1182 895 retinere

73 943 153 1012 pram
181 926 221 994 de
255 926 317 993 hae
343 943 378 994 re
406 923 529 1012 aliquid
554 924 720 1015 seribere,
753 929 788 992 et
814 924 986 995 denentius
1015 924 1058 993 ad
1084 925 1183 994 devi-

71 1025 185 1093 tandum
210 1024 404 1093 scandalum
429 1025 564 1093 omnino
591 1024 724 1092 silentio
749 1027 921 1111 preterire.
946 1023 1043 1093 Unde
1069 1027 1183 1092 mirum

70 1121 127 1213 lirit,
151 1123 236 1211 qnod
263 1129 416 1192 auetores
443 1123 542 1192 huius
568 1122 705 1191 nefandi
731 1123 869 1193 seeleris
897 1129 984 1192 terra
999 1125 1096 1193 vivos
1114 1141 1183 1192 non

69 1221 227 1313 absorbuit,
257 1223 310 1290 vel
338 1224 435 1290 otiam
458 1223 606 1307 iohanne
632 1227 752 1310 putens
778 1239 847 1290 non
873 1214 1054 1311 suseepit1.

128 1321 257 1390 Mortuo
282 1323 382 1408 igitur
407 1339 524 1389 eesare
552 1319 640 1410 apud
665 1321 880 1411 Florentiam,
908 1327 942 1388 et
967 1321 1091 1390 inieoto
1117 1337 1183 1389 ne-

67 1422 145 1504 gotio
175 1440 234 1509 pro
270 1438 336 1507 quo
367 1422 479 1506 venit,
513 1419 725 1488 lamentabile
760 1418 859 1488 lunus
887 1420 995 1489 Pisam
1008 1413 1030 1510 ²,
1057 1420 1113 1487 nbi
1148 1424 1185 1486 ut

68 1516 206 1610 decebat,
234 1519 325 1588 laeto
351 1519 494 1587 honesto
521 1509 725 1607 mausoleo³,
753 1537 772 1586 a
797 1518 928 1586 Pisanis
955 1518 1183 1606 solempnibus

66 1617 219 1705 obsequiis
244 1619 404 1706 sepelitur
413 1609 435 1687 4.
461 1617 594 1685 Interim
620 1617 757 1703 grandis
785 1619 949 1686 exereitus
975 1614 1184 1684 Alamanno-

66 1733 122 1784 rum
152 1721 206 1804 qni
242 1736 317 1785 eum
352 1735 393 1784 eo
425 1717 646 1804 intraverant,
681 1721 714 1784 et
745 1734 830 1802 quos
858 1715 901 1784 ad
928 1734 966 1784 se
993 1719 1183 1804 vocaverat,

66 1831 275 1885 simmacum
311 1815 524 1884 festinatione
550 1815 782 1884 Lambardiam
809 1820 946 1904 exeunt,
974 1815 1061 1883 eirea
1089 1831 1125 1882 se
1151 1815 1186 1881 in

66 1914 265 2003 vineaeque
292 1919 465 1983 vastantes
491 1916 581 2005 igne,
609 1913 652 1982 ad
678 1915 812 2002 propria
837 1914 1014 1982 redierunt.

126 2013 222 2082 Porro
261 2015 473 2082 serenissima
512 2031 672 2099 germana
703 2013 823 2080 dueum
854 2012 896 2081 de
929 2009 1080 2101 Austria,
1120 2026 1185 2098 que

63 2108 259 2201 desponsata
292 2113 352 2180 init
386 2113 492 2181 aesari
527 2111 604 2180 drvm
630 2111 739 2180 adhue
763 2116 882 2181 vivens
910 2117 1020 2202 esset,
1049 2115 1083 2178 et
1107 2108 1186 2178 dum

63 2216 142 2278 esset
164 2215 198 2280 in
224 2215 400 2301 prooinoto
426 2211 594 2302 veniendi,
615 2209 744 2279 habens
767 2229 829 2298 pre
856 2213 976 2280 comite
1003 2212 1101 2279 etiam
1127 2225 1186 2276 re-

61 2325 126 2393 gem
149 2312 322 2402 Bohemie,
351 2312 407 2398 qui
432 2327 505 2378 eum
533 2328 574 2378 ea
598 2311 720 2378 intrare
746 2309 942 2378 decreverat
968 2309 1010 2377 ad
1036 2325 1186 2376 cesarem

62 2414 173 2492 patrem
208 2429 327 2499 suum,
360 2427 434 2478 oum
467 2409 685 2496 pertransiret
714 2413 826 2496 partes
859 2408 1013 2498 vaevie,
1047 2411 1186 2494 repente
1203 2436 1277 2478 suan.

61 2509 217 2576 nuntiatur
254 2511 305 2577 eis
339 2526 436 2577 cesar
470 2525 546 2576 esse
572 2513 732 2576 mortuns.
783 2505 856 2587 Quo
883 2506 997 2574 audito
1023 2505 1188 2593 perterriti
1278 2545 1279 2548 =

63 2610 90 2670 et
112 2608 252 2677 sinistris
281 2607 466 2676 rumoribus
491 2608 637 2692 graviter
659 2606 809 2695 saueiati,
835 2606 987 2692 protinus
1014 2603 1188 2671 relleetunt

60 2704 113 2772 iter
136 2724 252 2798 sunm,
291 2711 325 2776 et
350 2705 393 2775 ad
422 2711 535 2796 partes
568 2704 658 2774 unde
690 2710 855 2774 venerunt
889 2705 982 2772 oeius
1008 2702 1188 2771 redierunt.

90 2841 116 2907 l]
134 2843 194 2898 llier
211 2847 248 2899 ist
266 2845 351 2899 vieles
369 2845 505 2912 unriektig.
541 2845 627 2898 Sokon
650 2847 685 2900 im
704 2849 797 2914 januar
820 2845 891 2900 katte
909 2845 955 2900 der
971 2845 1057 2900 kaiser
1075 2843 1100 2898 S.
1120 2843 1187 2898 Cas-

60 2913 125 2964 oiano
140 2913 193 2966 und
212 2914 257 2968 die
277 2913 345 2968 nilne
363 2928 415 2968 ven
434 2914 544 2970 Florenz
560 2914 696 2970 variassen
719 2915 771 2968 und
789 2929 843 2968 war
860 2914 989 2968 siidvv'airis
1007 2913 1073 2968 naelr
1091 2913 1187 2979 Poggi-

60 2974 125 3032 lonsi
142 2981 235 3046 (Mens
254 2981 412 3051 imperialis)
431 2996 557 3048 gezogen.
592 2982 646 3035 Aul
659 2982 788 3052 psvngsten
809 2981 839 3049 (3
854 2984 927 3050 juni)
952 2998 1007 3036 war
1030 2998 1059 3036 er
1076 2983 1103 3035 in
1121 2981 1188 3035 Pisa.

61 3043 120 3099 lber
139 3049 232 3103 vveder
257 3049 355 3104 damals
378 3050 445 3103 noch
470 3050 526 3102 dort
543 3049 612 3104 stam
632 3063 672 3120 er,
691 3050 805 3104 sondern
825 3065 855 3103 zu
873 3051 1079 3104 Buoneonvento
1098 3064 1138 3103 am
1156 3049 1190 3101 24

60 3128 107 3192 ang.
124 3117 187 3171 llass
206 3118 254 3172 ihn
274 3120 318 3172 ein
335 3120 448 3186 priester
465 3119 541 3172 sollte
558 3118 679 3186 vargina
697 3119 781 3173 laben
799 3119 833 3173 ist
851 3135 883 3173 an
903 3119 957 3172 siah
972 3118 1190 3172 unwakrsckein-

60 3180 113 3250 lici,
130 3185 175 3239 der
192 3186 321 3256 verdnekt
336 3188 411 3240 einer
427 3186 572 3254 vergillnng
587 3189 622 3241 ist
633 3189 661 3240 in
680 3189 754 3242 einer
771 3188 822 3240 zeii
838 3188 917 3242 leicht
934 3186 1069 3240 erkl'airliek
1087 3185 1190 3238 weleke

61 3262 103 3303 von
121 3254 216 3308 innern
236 3253 409 3308 krankhoiten
428 3269 458 3308 so
476 3258 564 3321 wenig
586 3254 723 3308 kenntniss
746 3255 825 3309 katte.
860 3255 966 3310 ltaliens
984 3256 1059 3308 elima
1076 3254 1119 3307 kat
1135 3267 1189 3306 von

59 3331 100 3395 ans
116 3321 270 3389 llantsohen
296 3323 368 3376 nieht
390 3322 447 3376 blos
472 3323 559 3378 dieses
583 3322 656 3392 opion
674 3322 810 3388 gelordert.
854 3324 884 3389 2)
903 3323 1052 3392 deportatur
1069 3321 1133 3375 oder
1148 3323 1190 3374 oin

60 3386 182 3444 ainliakes
200 3396 272 3444 wort
290 3393 325 3444 ist
344 3391 399 3444 hier
416 3391 584 3457 ausgelallen.
620 3391 651 3458 3]
668 3392 785 3445 mansela
803 3391 842 3446 ks.
885 3393 917 3456 d]
935 3391 984 3444 Am
1003 3392 1034 3444 13
1048 3392 1105 3458 juni
1124 3389 1191 3443 1819

60 3453 97 3507 sal
113 3457 151 3511 iel
170 3457 315 3512 Heinrioks
333 3458 395 3525 grah
414 3459 480 3512 noch
499 3474 532 3512 an
551 3461 640 3512 seiner
657 3459 728 3512 alten
753 3458 828 3513 stelle
850 3461 877 3512 in
895 3459 968 3513 Pisas
986 3459 1047 3513 dom
1065 3474 1097 3512 an
1117 3459 1190 3511 einer

60 3525 215 3580 seitenwand
243 3528 430 3593 eingemauert.
465 3527 687 3594 Einundzwanzig
704 3527 779 3594 jakre
805 3527 907 3580 minder
933 3531 1012 3582 einen
1036 3531 1079 3594 tag
1102 3526 1191 3594 spiter

61 3590 98 3642 sak
118 3593 158 3646 iok
184 3610 216 3648 es
241 3594 357 3664 visdon,
386 3594 449 3649 aber
470 3611 522 3649 nun
548 3611 594 3649 zur
617 3596 680 3650 erde
701 3601 801 3663 gosetzt
823 3598 851 3648 in
869 3594 928 3651 dem
945 3612 977 3649 zu
994 3597 1080 3650 einenr
1096 3594 1190 3647 kunst-

60 3671 163 3716 mnseum
189 3663 396 3730 umgestalteten
421 3663 602 3732 Camposanto.
634 3664 681 3717 llie
706 3664 799 3730 heiliga
824 3663 886 3716 ruho
909 3664 995 3718 dieses
1011 3659 1191 3728 kaisergrabes

60 3723 96 3779 lat
111 3731 164 3784 also
183 3731 260 3784 nieht
277 3733 329 3784 wie
347 3735 412 3798 jena
436 3747 467 3785 zu
492 3731 585 3800 Speier
607 3731 783 3786 lranziisisela
805 3731 913 3799 halrgier
935 3732 1049 3786 sondern
1075 3728 1191 3783 italieni-

62 3795 114 3850 saie
138 3798 291 3854 kunstliebe
313 3801 420 3866 gestent.
455 3800 514 3854 Wie
532 3815 592 3854 man
610 3799 676 3855 iilrer
693 3800 735 3855 die
753 3801 880 3856 ursaoken
906 3800 1008 3856 denken
1032 3799 1124 3866 miige:
1149 3795 1191 3851 die

62 3865 175 3942 resultate
199 3867 264 3921 sind
287 3867 431 3923 verwandt.
466 3867 612 3935 Uelrrigens
634 3872 668 3922 ist
691 3868 737 3924 das
762 3869 825 3936 grah
848 3883 901 3922 von
925 3870 1048 3923 weissem
1065 3877 1192 3932 marmor,

61 3942 97 3983 em
119 3935 269 4004 sarkopkag
292 3937 359 3990 nack
383 3941 422 3989 art
443 3935 489 3989 der
512 3936 631 4004 antiken‚
651 3937 693 3990 die
716 3934 863 3991 sicktbaren
887 3939 971 3991 seiten
998 3934 1057 3987 sind
1079 3935 1124 3987 mit
1147 3946 1192 3984 er-

62 3995 137 4054 laben
160 4003 346 4070 gearbeiteten
372 4004 588 4070 heiligenlrildern
615 4008 713 4071 gamen
762 4003 884 4059 Olrenanl
901 4006 964 4070 liegt
988 4002 1033 4056 der
1055 4002 1142 4056 kaiser
1164 4002 1191 4054 in

61 4064 251 4138 lebensgrdsse.
297 4072 360 4126 Sein
383 4072 447 4141 kopi
469 4075 502 4126 ist
524 4075 631 4142 pertrait
655 4076 702 4127 mit
724 4073 782 4128 dem
807 4072 932 4127 ausdruck
960 4071 1006 4124 des
1035 4070 1117 4124 tedas.
1157 4070 1193 4124 Er

61 4135 154 4192 sokeint
177 4139 251 4194 nach
276 4142 351 4194 einer
371 4140 458 4195 maske
477 4141 621 4208 ganrbeitet
637 4141 690 4196 und
707 4141 843 4196 vardiente
859 4141 900 4194 liin
917 4138 1093 4196 Deutsekland
1110 4137 1193 4204 abge-

62 4213 148 4267 gessen
165 4223 199 4262 zu
218 4209 337 4264 werden.
372 4208 420 4263 Die
437 4209 554 4264 insolrilt
571 4208 641 4275 gielrt
659 4210 810 4276 lloenniges
827 4209 894 4266 Aeta
911 4207 1026 4264 Heinrici
1044 4208 1069 4276 2,
1087 4207 1145 4262 2l3.
