3052 4878
426 222 542 269 meeum
563 223 606 268 rr.
630 221 771 269 sornoxr.
793 223 926 272 xxxxrro.
1195 197 1239 269 93

107 365 222 429 eontra
249 359 356 428 Deum
383 365 416 428 et
440 363 598 430 iustitiam
625 382 699 432 meo
728 363 850 432 iudieio
878 362 938 432 luit
963 365 1109 456 occasio,
1137 381 1323 453 quarelam

106 465 225 548 postea
260 461 376 527 oivitas
409 460 582 528 rebellavit
609 468 642 530 et
668 462 776 530 adhuo
805 463 841 529 in
872 462 1055 531 rebellione
1081 467 1240 553 persistit.

105 559 275 627 Excusare
303 576 341 626 se
367 576 435 626 non
461 561 570 647 potuit
595 578 663 652 rex,
691 563 771 648 quin
797 563 862 628 ista
889 563 952 630 sibi
969 562 1105 631 dixerim
1123 569 1157 631 et
1173 563 1240 632 du-

106 659 173 724 rius
200 663 233 725 ot
259 659 294 725 in
318 660 490 746 presentia
514 659 602 727 illius
628 660 850 729 erudelissimi
875 659 1044 729 Iohannis.
1072 660 1140 733 Sed
1166 664 1241 751 ipse

105 756 272 824 lohannes
300 774 373 824 eum
399 757 550 844 pluribus
577 761 646 827 suis
669 760 885 848 oomplioibus
903 766 953 828 tot
978 766 1011 829 et
1028 767 1118 828 tanta
1141 779 1241 831 men-

106 856 211 946 dacia,
238 861 275 923 ut
299 861 392 946 puto,
421 862 537 924 oontra
562 857 732 945 prediotos
758 859 900 950 dicebat,
928 859 1018 948 quod
1043 860 1145 928 verbu
1166 878 1241 929 mea

103 973 220 1043 parum
246 959 402 1043 poterant
428 957 477 1022 eis
503 955 677 1044 prolicere.
712 957 747 1025 Si
773 958 927 1026 dominus
953 955 1157 1026 Albanensis
1183 959 1240 1028 vi-

103 1059 209 1140 veret,
236 1053 278 1121 de
297 1054 361 1122 hoe
380 1060 500 1141 posset
521 1057 744 1124 testimenium
769 1052 955 1145 perbibere.
980 1057 1023 1126 Et
1048 1059 1145 1126 etiam
1172 1057 1240 1128 do-

103 1155 213 1220 minus
239 1153 371 1238 legatus
397 1158 511 1241 potest
537 1152 579 1221 de
606 1154 771 1243 aliquibus
798 1155 975 1225 reeordari.

178 1251 260 1320 Post
282 1251 347 1320 boo
378 1253 512 1321 intravit
531 1254 680 1322 Brixiam
705 1253 858 1323 dominus
889 1273 958 1324 rex.
1000 1253 1241 1344 condempnati
1257 1284 1331 1324 snm.

103 1349 236 1418 fuerant
261 1352 295 1418 in
320 1353 420 1418 muris
447 1357 480 1419 et
505 1353 662 1420 comitatu
681 1355 809 1444 privati,
837 1353 928 1442 quod
949 1359 1044 1442 porte
1062 1360 1241 1443 portaren-
1275 1341 1309 1392 ²4

102 1455 156 1516 tur
173 1447 321 1536 Romam,
350 1455 384 1517 et
403 1451 437 1517 in
454 1469 522 1518 una
546 1469 674 1519 summa
690 1455 841 1540 pecunie
869 1449 1115 1544 condempnati)
1143 1473 1242 1541 quam

102 1566 222 1616 omnes
250 1549 358 1638 simul,
393 1549 566 1617 Guebelini
594 1556 627 1618 et
653 1550 805 1641 Guolpbi
833 1552 1016 1637 solverent3
1043 1552 1121 1620 lieet
1147 1553 1241 1621 Gue-

102 1647 237 1737 balmis,
265 1649 320 1735 qui
335 1648 466 1736 expulsi
486 1648 615 1716 fuerant
632 1667 693 1736 per
713 1651 809 1738 ulios,
836 1650 1006 1719 uideretur
1024 1667 1102 1718 esse
1127 1657 1243 1719 eontra

101 1748 278 1836 iustitiam,
313 1753 448 1834 propter
472 1748 687 1817 rebellionem
723 1749 813 1835 qued
845 1751 879 1816 in
913 1750 969 1818 tali
1001 1765 1128 1818 summa
1153 1767 1241 1818 oon-

102 1845 377 1933 dempnabantur.
405 1844 477 1926 Quo
502 1864 631 1916 summa
647 1846 717 1936 luit,
744 1854 780 1916 ut
797 1848 875 1915 mibi
892 1849 1034 1938 videtur,
1062 1850 1241 1936 sexaginta

102 1945 193 2012 milia
219 1944 427 2014 florenorum.
454 1946 495 2012 Et
519 1947 597 2032 quia
614 1946 789 2014 Guebelini
812 1965 882 2016 noo
903 1948 1156 2038 rebellaverant,
1184 1947 1240 2019 di-.

104 2044 228 2110 rebant
259 2043 349 2130 quod
383 2043 425 2111 de
459 2045 516 2112 tali
544 2063 672 2121 summa
697 2047 825 2114 ratione
853 2046 927 2115 talis
956 2047 1052 2134 oulpe
1079 2064 1147 2114 non
1174 2046 1240 2114 de-

102 2141 228 2209 bebant
263 2141 386 2229 aliquid
422 2143 565 2213 solvere.
600 2141 754 2232 Oportuit
787 2149 916 2236 tamen,
952 2144 1043 2234 qued
1070 2146 1241 2218 solverent

104 2259 200 2309 suam
225 2247 363 2331 partem.
401 2242 583 2330 Postquam
609 2244 803 2310 intravimus
829 2245 990 2335 Brixiam,
1018 2243 1109 2330 quod
1136 2246 1240 2313 mira-

104 2340 213 2408 oulum
239 2341 401 2431 reputavi,
427 2359 597 2428 nunquam
613 2348 666 2409 est
684 2340 842 2433 auditum,
870 2342 962 2429 quod
984 2361 1071 2412 unus
1096 2361 1240 2431 pereus-

104 2456 163 2508 sus
186 2439 294 2530 luerit,
322 2442 541 2531 vituperatus,
570 2442 623 2510 vel
640 2441 745 2531 lesus
768 2441 846 2509 lioet
861 2442 1078 2530 preoedentia
1096 2441 1241 2512 luissent

104 2538 199 2629 talia,
236 2538 328 2626 quod
362 2540 412 2607 sio
446 2541 586 2618 transire
621 2557 690 2608 non
722 2545 793 2608 arat
818 2540 1049 2629 imaginabile,
1076 2542 1141 2608 nisi
1166 2559 1240 2608 oum

104 2639 211 2722 gratia
241 2638 316 2706 Dei.
359 2635 500 2706 Ciuitate
527 2639 694 2706 Brixiensi
724 2636 863 2706 dimissa
888 2641 922 2706 in
948 2655 1051 2728 paoo,
1080 2644 1113 2706 et
1138 2640 1238 2706 muris

102 2753 164 2824 pro
190 2743 284 2825 parte
311 2735 500 2826 destruetis
526 2738 586 2806 ivit
604 2736 810 2828 Cremonam,
838 2742 872 2805 et
889 2743 1012 2825 postea
1027 2738 1238 2827 Plaoentiam‚

103 2834 188 2902 nibil
220 2834 377 2904 laniendo
403 2837 437 2902 in
465 2837 558 2928 istis,
593 2854 667 2910 oum
696 2842 813 2905 essent
838 2837 873 2903 in
898 2854 992 2926 paee.
1034 2837 1156 2906 Postea
1181 2838 1240 2905 ivit

102 2932 273 3021 Papiam„
524 2979 527 2988 ,
695 2983 697 2988 -
756 2983 757 2986 ,
860 2992 863 2997 .
958 2981 962 2990 -

179 3030 350 3102 Reoordor
373 3031 491 3124 adhue,
516 3034 607 3122 quod
625 3036 737 3123 aliqua
753 3035 879 3103 leoerat
897 3040 975 3103 ante
996 3035 1148 3124 Brixiam,
1174 3051 1240 3122 quo

103 3131 134 3198 si
163 3129 226 3200 deo
250 3131 456 3223 plaouerunt,
484 3151 552 3202 non
579 3140 689 3202 tamen
712 3135 866 3202 omnibus
885 3134 1091 3220 bominibus;
1120 3138 1153 3202 et
1168 3134 1239 3202 seio

103 3229 199 3316 quod
223 3230 301 3298 mibi
327 3230 576 3319 displicuerunt.
609 3233 749 3301 Primum
775 3231 853 3324 luit,
882 3233 972 3319 quod
999 3231 1132 3302 domino
1159 3231 1240 3300 Plri-

100 3327 198 3417 lippo
233 3329 401 3398 Sabaudie
437 3329 479 3398 ad
513 3333 708 3419 petitionem
742 3337 775 3400 et
807 3333 1073 3420 proourationem
1110 3331 1241 3399 oomitis

100 3426 290 3516 Philipponi
324 3434 358 3496 et
383 3429 522 3498 aliorum
555 3433 660 3518 partis
688 3430 837 3519 Guelphe
865 3430 1045 3500 dominium
1072 3429 1164 3498 dedit
1190 3433 1241 3499 oi-

100 3527 217 3594 vitatis
242 3527 427 3619 Parmensis,
454 3528 692 3620 torcellensis,
721 3534 754 3598 et
778 3529 1009 3598 Novariensis.
1041 3531 1083 3598 Et
1109 3528 1150 3597 de
1177 3529 1243 3596 boe

101 3624 227 3692 babere
254 3626 367 3695 debuit
391 3629 511 3714 viginti
540 3629 687 3715 quinque
714 3629 803 3695 milia
828 3628 1045 3718 florenorum,
1073 3646 1137 3714 qrre
1163 3641 1240 3715 pars

101 3723 256 3811 Guolpba
286 3726 405 3814 solvit,
433 3744 500 3795 non
536 3729 620 3816 ipsa
659 3729 700 3796 Et
733 3727 858 3795 tamdiu
892 3727 1037 3795 debebat
1061 3725 1241 3794 dominium

99 3821 327 3910 prediolomm
362 3830 495 3916 tenere,
523 3826 633 3894 doneo
659 3845 717 3894 rex
742 3825 898 3894 redderet
925 3826 988 3894 sibi
1014 3823 1162 3914 prediola
1188 3825 1240 3890 vi-

100 3923 194 4008 ginti
218 3925 362 4011 quinque
389 3924 477 3991 milia
504 3924 711 3997 llorenorum.
738 3927 779 3994 Et
797 3927 871 4014 ipse
894 3932 972 3992 tuno
991 3922 1166 3992 tenebatur
1190 3924 1239 3991 eis

98 4018 255 4089 reddere.
281 4022 472 4091 Seoundum
499 4022 569 4115 luit,
597 4024 688 4111 quod
714 4023 848 4092 domino
872 4022 1022 4090 Mattheo
1050 4020 1093 4089 ad
1118 4038 1240 4110 proou-

98 4120 268 4187 rationem
294 4122 548 4191 Guebelinomm
576 4122 668 4191 dedit
697 4123 875 4191 dominium
903 4122 1046 4188 oivitatis
1073 4119 1240 4189 Mediola-

99 4217 236 4287 nensis.
267 4219 308 4289 Et
333 4220 374 4290 de
401 4222 467 4290 hoo
502 4222 601 4291 solvit
637 4224 878 4310 quinquaginta
909 4219 997 4288 milia
1031 4217 1240 4289 florenorum.
