3044 4882
281 220 354 290 324
601 249 748 298 rcunnurs
769 251 984 298 ucrenrrnsrs.
1019 246 1045 310 2.
1061 244 1087 298 8.

281 407 349 459 scs.
374 387 448 458 ilce
469 407 559 459 annc
578 390 705 458 Tartari
729 389 772 459 ad
793 395 926 458 montes
950 389 1191 475 Ungariccrum
1214 387 1327 463 tntum
1346 403 1418 456 cunt

280 487 509 557 innumerabili
526 488 734 558 multitudine
749 495 985 581 pervenerunt,
1014 487 1232 557 condicentes
1248 485 1419 555 Coloniam

280 605 318 656 se
344 589 450 656 ituros
478 593 511 656 ct
536 594 604 657 tres
631 606 731 675 reges
758 588 880 656 abinde
907 595 1073 675 tamquam
1094 603 1155 656 suc
1175 586 1281 674 patric
1309 600 1420 672 quen-

280 686 356 755 dam
391 687 522 756 incolas
554 686 734 758 ablaturos.
777 686 845 756 Sed
878 687 1069 756 nemoribus
1099 684 1280 755 condensis
1308 691 1342 753 ct
1365 685 1420 752 in-

280 787 406 854 mensis
431 785 564 854 nivibus
590 791 691 873 atquc
717 787 860 873 ngaris
886 785 1128 855 obsistentibus
1153 783 1261 852 redire
1279 782 1322 852 ad
1338 800 1421 872 prc-

279 885 351 973 pria
378 885 630 974 compelluntur.

353 984 427 1053 Hoc
451 985 555 1053 eciam
573 1001 662 1053 anno
685 985 773 1052 misit
788 980 951 1056 iludcllus
972 981 1243 1072 archiepiscopus
1265 979 1309 1049 ad
1333 998 1420 1049 cen-

194 1162 198 1174 ,
280 1082 458 1152 sulendum
484 1101 616 1174 papam,
644 1082 814 1171 quemodo
840 1078 1010 1150 Albertum
1037 1081 1213 1170 evaderet,
1241 1081 1321 1167 quia
1347 1097 1421 1148 cum

279 1183 414 1250 nimium
440 1182 618 1250 metuebat.
656 1181 724 1250 Sed
750 1179 840 1250 aliud
863 1181 1038 1249 consilium
1061 1180 1185 1249 babere
1210 1195 1279 1247 nen
1303 1180 1419 1268 potuit,
1508 1253 1509 1274 ἶ

279 1283 347 1350 nisi
373 1279 463 1368 quod
489 1281 669 1349 concilium
686 1280 861 1371 indiceret,
888 1282 973 1348 etin
996 1278 1166 1348 audientia
1181 1277 1418 1364 suffraganee-

280 1399 351 1448 rum
374 1385 408 1448 et
423 1380 527 1449 tetius
552 1380 630 1448 cleri
646 1380 842 1470 publicaret,
870 1379 932 1448 sibi
958 1396 1027 1447 ncn
1053 1379 1155 1447 licere
1181 1376 1302 1466 lacere,
1330 1375 1419 1464 qucd

280 1479 349 1547 dux
379 1479 490 1570 petiit,
524 1480 618 1548 iuxta
652 1483 844 1548 sanctorum
870 1495 1035 1548 cananum
1061 1478 1256 1546 sanctiones
1265 1497 1274 1564 3
1301 1482 1339 1544 ut
1364 1493 1421 1565 per

280 1579 367 1647 alios
386 1578 455 1648 dux
471 1584 705 1670 cognesceret,
732 1577 824 1666 quod
849 1578 913 1646 sibi
933 1575 1085 1668 pentilax
1108 1578 1213 1665 petita
1238 1592 1306 1644 ncn
1333 1592 1419 1644 cen-

201 1673 205 1682 '
281 1677 508 1766 temptibiliter
534 1677 597 1746 sed
614 1677 854 1747 rationabiliter
874 1675 1091 1763 denegasset.
1116 1676 1258 1764 insuper
1274 1691 1419 1762 presen-

280 1777 369 1844 tibus
389 1777 544 1846 omnibus
561 1777 785 1863 suffraganeis
805 1793 925 1866 corpus
941 1776 1030 1844 beati
1047 1774 1188 1864 Virgilii,
1206 1772 1420 1842 liarintbiane

281 1877 394 1962 gentis
421 1877 577 1966 apastoli,
603 1894 677 1944 cum
703 1876 840 1964 psalmis
868 1880 902 1944 et
924 1875 1062 1943 canticis
1091 1873 1267 1962 transtulit,
1295 1879 1420 1940 etcum

280 1975 429 2056 maximis
444 1973 598 2042 laudibus
613 1975 767 2064 elevavit,
785 1975 840 2062 qui
857 1975 1049 2062 quingentis
1066 1978 1100 2042 et
1115 1971 1303 2060 qaindecim
1322 1972 1419 2040 annis
1508 1999 1509 2002 ¹

275 2073 398 2158 legitur
415 2073 595 2160 quievisse,
620 2073 659 2142 ln
678 2074 836 2142 tumulum
858 2075 929 2142 eius
948 2089 1071 2162 corpus
1093 2070 1296 2140 venerabilis
1307 2071 1417 2138 Eber-

277 2170 372 2239 hardi
398 2171 641 2261 archiepiscopi
667 2172 863 2240 translatum
888 2172 930 2241 de
955 2171 1081 2262 Restat,
1108 2172 1165 2260 qui
1191 2169 1314 2246 ibidem
1335 2171 1416 2238 xliiii

281 2273 378 2339 annis
406 2271 586 2362 quieverat,
614 2271 801 2339 collocavit.

350 2365 508 2438 libertus
534 2369 602 2438 dux
622 2371 656 2437 in
674 2370 862 2440 adiectione
887 2367 1055 2440 felicitatis
1074 2368 1217 2438 humane
1237 2371 1344 2457 patris
1369 2368 1418 2436 sui
1507 2419 1508 2444 2

280 2471 405 2537 munita
422 2486 573 2552 servans,
600 2486 695 2538 suum
713 2469 866 2538 ducatum
881 2467 1022 2558 preinde
1040 2468 1248 2555 gubernavit.
1274 2468 1416 2536 Genuit-
1507 2505 1508 2550 3

283 2586 349 2655 que
371 2569 403 2635 ei
424 2567 596 2636 Elizabctb
611 2587 695 2638 uxor
713 2587 786 2658 sua,
814 2568 880 2636 lilia
897 2566 1085 2636 Meinhardi
1107 2567 1212 2658 ducis,
1240 2567 1330 2636 sicut
1343 2569 1418 2635 vitis

282 2665 480 2735 habundans
506 2668 599 2737 velut
624 2668 776 2738 novellas
803 2668 963 2738 olivanum
991 2667 1126 2736 tilicset
1144 2667 1228 2734 lrlias
1247 2664 1290 2733 ad
1309 2667 1418 2736 maxi-

280 2783 366 2834 mam
393 2766 500 2834 seculi
527 2766 759 2836 celsitudinem
786 2759 1056 2854 excrescentes¹3
1085 2766 1171 2834 illics
1199 2765 1331 2834 scilicet
1347 2765 1418 2834 liu-

281 2863 415 2954 dolium,
433 2863 646 2956 Fridericum,
664 2865 882 2954 Leupcldum,
900 2865 1103 2954 Heinricum,
1119 2861 1302 2956 Albertum,
1318 2863 1418 2934 Otto-

279 2979 356 3031 nem
383 2968 416 3030 et
441 2965 477 3046 iq
501 2963 660 3052 Laybacc
693 2983 796 3033 unum
830 2965 887 3051 qui
912 2963 955 3033 ad
982 2969 1103 3034 etatem
1127 2964 1324 3050 legittimam
1351 2981 1417 3034 neu
1506 3001 1507 3036 r

279 3062 448 3152 pervenit,
475 3061 587 3150 ibique
613 3065 760 3133 mouens
785 3064 821 3130 in
847 3062 1018 3151 Sytinensi
1043 3064 1249 3132 monasterio
1275 3064 1416 3132 tumula-

282 3166 350 3248 tur;
377 3160 463 3230 illias
490 3163 588 3230 ctiam
613 3159 791 3252 Agnetem,
816 3162 999 3254 lilizabetb,
1024 3159 1168 3249 Annam,
1194 3161 1416 3250 Katherinam,

281 3259 408 3328 Guttam.
450 3258 596 3341 Quorum
631 3278 836 3349 quarumque
863 3267 985 3330 statum
1012 3268 1045 3330 et
1071 3279 1201 3330 cursum
1233 3279 1294 3349 per
1321 3263 1416 3330 buius

281 3375 437 3428 occasum
448 3358 562 3428 mundi
578 3377 616 3429 se
629 3367 794 3430 rotantem
820 3361 902 3430 locis
930 3361 1192 3447 congruentibus
1218 3361 1414 3448 inseremus,

280 3462 437 3546 optantes
462 3459 555 3528 iuxta
580 3459 763 3552 Virgilium,
790 3466 826 3528 ut
846 3477 956 3548 genus
978 3460 1044 3528 hcc
1061 3460 1245 3528 immortale
1273 3465 1413 3548 maneat,

707 3609 717 3630 .
767 3559 982 3672 „multasque
1006 3577 1068 3648 per
1092 3577 1200 3630 annos

379 3655 453 3726 Stet
468 3656 601 3727 fortuna
620 3657 750 3749 domus,
778 3663 812 3726 et
828 3660 882 3727 aui
900 3665 1115 3728 numerentur
1130 3675 1279 3730 avorum.
1279 3653 1301 3692 “

279 3853 331 3922 Dc
356 3831 563 3940 capeditioce
587 3857 677 3944 regis
696 3859 730 3926 in
751 3857 976 3945 Burqrmdicm
991 3861 1025 3926 et
1045 3855 1090 3924 idi
1111 3857 1223 3945 gestis.
1274 3851 1409 3941 Caele.

197 3996 264 4050 1289
352 3975 450 4048 Anno
469 3978 593 4049 demini
609 3980 835 4050 mcclxxxix.
854 3998 913 4049 rex
935 3980 1070 4048 nuntios
1087 3980 1184 4048 mittit
1202 3978 1245 4047 ad
1263 3979 1411 4048 comitem
1504 3971 1505 4024 l

277 4075 369 4162 Burg
370 4076 470 4145 undie
496 4083 652 4167 repetens
679 4095 720 4146 ea
746 4098 811 4167 que
831 4079 905 4148 ad
895 4081 1066 4169 rmperium
1087 4081 1265 4171 pertinent,
1291 4076 1409 4147 ututi-

276 4202 454 4332 velbessgaglat
471 4205 532 4258 eine
550 4206 642 4259 zweite
661 4204 755 4260 band
748 4221 775 4260 rn
795 4205 841 4261 der
858 4206 905 4276 hs,
923 4206 1005 4262 deren
1017 4205 1230 4276 urspringlicbes
1247 4204 1410 4262 extrahentes
