3028 4878
437 225 582 272 rounnnrs
601 225 811 272 rrcronruusrs.
848 223 872 292 o,
892 225 930 277 ro,
1186 195 1254 263 nit

123 370 257 437 vinciam
283 355 501 452 verrientes¹‚
529 381 602 430 cum
639 380 743 432 uxore
777 383 857 454 sua,
896 365 962 432 tilia
989 361 1136 430 Heinrici
1162 361 1258 430 ducis
1279 379 1344 432 retr

122 465 306 553 llarinthie‚
333 480 407 530 cum
434 465 624 530 secretariis
652 463 851 550 quibusdam
878 464 963 532 clam
989 460 1194 529 mittentibus
1221 478 1261 530 ac

123 563 338 634 scribentibus
366 561 504 649 litteras,
531 561 754 649 prelusemnt.
785 563 835 630 Ex
858 563 977 649 quibus
1002 567 1113 628 tamen
1129 559 1260 647 aliquos

122 664 307 751 intonavit,
335 661 467 746 aliquos
500 661 607 728 reru'm
635 660 822 749 direptione
851 667 886 728 et
911 660 1128 728 munitionum
1155 658 1262 726 dissi·

124 764 256 852 patione
283 760 403 827 acriter
429 760 617 844 castigavit.
658 754 735 848 lpse
768 777 849 828 vero
874 761 965 828 vasis
994 759 1064 826 suis
1090 759 1260 843 argenteis

124 880 162 930 ac
180 861 254 928 aliis
278 859 440 927 iccalibus
457 875 517 945 pro
540 876 762 946 expensarum
789 861 910 927 viatico
937 858 1105 946 obligatis,
1133 856 1177 924 ad
1194 874 1261 944 pa-

126 959 298 1027 triarcham
324 957 564 1025 Berthrandum
590 959 624 1023 in
650 957 768 1026 Forum
793 957 866 1026 lulii
889 957 1128 1045 commigravit,
1154 971 1260 1042 aquo
1300 995 1305 1006 ·

126 1057 304 1126 honorilice
332 1057 511 1143 suscipitur
538 1062 764 1124 attrectatur.
806 1057 895 1144 Papa
921 1061 1029 1124 antem
1056 1053 1262 1122 Benedictus

126 1159 190 1246 ipsi
202 1156 389 1244 patriarche
408 1157 638 1222 remissionem
658 1155 744 1245 lecit,
762 1162 798 1223 ut
815 1155 1022 1224 discerneret
1040 1151 1163 1220 lactum
1181 1170 1264 1240 par·
1288 1188 1291 1194 -

125 1256 211 1324 tibus
240 1255 448 1342 convocatis,
476 1262 509 1321 et
534 1272 594 1342 per
612 1253 817 1323 diffinitivam
842 1255 1042 1320 sententiam
1063 1253 1262 1340 terminaret,

126 1356 200 1441 quia
225 1371 326 1421 casus
346 1352 600 1421 dissolutionem
618 1355 814 1421 matrimonii
836 1361 977 1437 tangere
993 1350 1176 1419 videbatur.
1204 1349 1265 1417 Cui

122 1452 279 1521 mandato
314 1451 536 1541 Margaretha,
565 1454 710 1520 coniunx
734 1452 914 1539 lobannis,
941 1467 1058 1537 parere
1083 1450 1263 1520 recusavit.

122 1551 332 1640 Quapropter
355 1567 538 1638 processus
566 1556 682 1618 contra
709 1569 781 1618 eam
812 1556 845 1618 et
876 1555 995 1616 terram
1028 1548 1168 1636 papales
1202 1563 1264 1634 per

122 1650 306 1739 patriarche
334 1651 468 1717 nuntios
494 1649 712 1737 publicantur.

192 1749 268 1817 Hoc
294 1766 382 1817 anno
409 1748 475 1816 dlia
500 1750 590 1834 regis
612 1748 783 1837 Bohemie,
812 1746 972 1816 Casimiro
989 1748 1153 1816 Lothcnis
1173 1748 1263 1832 regis

121 1847 283 1916 llraoovie
311 1847 378 1915 filio
405 1846 629 1936 desponsata,
667 1853 702 1914 ut
735 1865 806 1915 eam
834 1847 973 1915 duceret
998 1866 1071 1915 cum
1097 1847 1261 1935 venisset,

125 1948 270 2015 moritur.
305 1947 346 2015 Et
372 1963 449 2013 mor
475 1945 518 2013 ad
544 1946 709 2014 hortatum
735 1947 826 2031 regis
854 1946 950 2014 liliam
972 1946 1151 2032 lantgravii
1171 1944 1265 2012 Haz-
1291 1959 1345 1998 run.

123 2047 172 2114 zie
207 2045 313 2114 duxit.
355 2044 393 2112 ln
429 2045 561 2112 civitate
596 2045 707 2112 Posna
740 2046 813 2132 ipsa
839 2063 899 2133 per
926 2044 1123 2112 Slimensem
1150 2044 1264 2112 archi-

125 2146 320 2232 episcopum
352 2150 548 2234 coronatur‚
576 2149 609 2212 et
634 2145 767 2231 nuptias
795 2144 985 2211 celebravit.
1028 2143 1067 2210 ln
1094 2162 1160 2230 qua
1188 2143 1263 2210 sol-

120 2243 315 2332 lempnitate
342 2260 582 2332 expensarum,
620 2240 867 2310 distributorum
894 2255 1082 2329 nonnarum,
1110 2243 1265 2329 vestium,

121 2359 345 2431 gemmarum,
372 2343 502 2427 argenti
530 2346 563 2408 et
589 2342 659 2408 auri
685 2343 921 2429 pretiumnon
946 2345 1079 2428 poterat
1106 2340 1264 2408 estimari.

194 2441 273 2509 Hoc
286 2441 382 2508 etiam
399 2457 487 2508 anno
509 2457 609 2525 reges
623 2438 768 2506 Castelle
788 2444 821 2506 et
833 2436 1021 2524 Arrogcnie
1038 2440 1173 2506 accensi
1188 2437 1264 2505 zelo

121 2537 197 2608 lidei
224 2545 259 2607 et
286 2538 492 2628 devotionis,
525 2538 723 2606 coadunatis
752 2538 861 2605 multis
888 2537 1046 2605 nobilium
1073 2543 1173 2623 atque
1202 2537 1264 2603 mi-

120 2638 211 2706 litnm
229 2639 355 2727 turmis,
383 2637 425 2705 de
444 2637 585 2705 diversis
605 2635 717 2704 mundi
744 2637 892 2725 partibus
921 2641 1036 2703 contra
1057 2635 1264 2703 Sarracenos

122 2739 306 2805 exercitum
320 2736 481 2822 grandem
498 2735 696 2804 inducentes
705 2727 727 2804 ².
759 2733 844 2814 Quia
859 2752 963 2820 regna
975 2734 1032 2801 illa
1049 2732 1265 2821 qnodamodo

122 2853 159 2903 se
187 2837 408 2925 contingunt,
444 2841 477 2902 et
503 2841 581 2902 sunt
606 2836 704 2922 quasi
730 2834 815 2901 olari
841 2835 874 2900 in
902 2833 1010 2900 oculis
1038 2850 1168 2921 eorum,
1198 2850 1265 2900 ne-

20 2935 23 2942 '
123 2950 222 3002 cesse
260 2933 385 3002 habent
417 2934 564 3020 quotidie
593 2939 707 3002 contra
733 2933 876 3000 hostium
905 2931 1024 2999 Christi
1051 2933 1203 2999 incursus
1232 2936 1266 2998 et

123 3032 316 3102 discrimina
333 3031 466 3120 propria
484 3033 633 3121 vigilare,
662 3037 696 3099 et
710 3049 778 3099 non
801 3032 908 3099 solum
937 3029 1014 3099 hdei
1039 3033 1174 3121 pietate,
1203 3028 1265 3097 sed

123 3149 290 3201 armorum
322 3132 492 3200 alacritate
528 3131 719 3218 frequenter
746 3136 779 3197 et
803 3131 963 3197 vivaciter
988 3129 1171 3197 decertare.
1203 3128 1267 3196 Ubi

123 3248 261 3319 quoque
294 3231 394 3298 rebus
429 3231 516 3298 bene
543 3231 648 3316 gestis
675 3227 838 3318 redeunt,
866 3233 966 3314 atque
994 3226 1036 3295 ad
1061 3227 1266 3295 imminentia

122 3330 230 3417 prelia
257 3331 377 3396 itemm
401 3347 439 3396 se
465 3328 658 3417 disponunt,
684 3328 777 3394 iuxta
796 3325 887 3413 quod
908 3326 1050 3414 Prosper
1070 3325 1170 3394 dicit:

225 3451 431 3544 „Nunquam
446 3452 534 3519 bella
553 3451 664 3540 bonis,
691 3467 860 3536 nunquam
879 3448 1070 3517 discrimina
1089 3449 1221 3539 desunt,

294 3550 336 3618 llt
354 3569 428 3619 num
446 3569 512 3638 quo
531 3555 636 3617 certet
653 3566 747 3617 mens
764 3549 820 3636 pia
840 3565 972 3636 semper
991 3545 1126 3617 habct“

88 3778 89 3781 ,
161 3726 192 3791 l)
212 3724 356 3780 veniebant
379 3725 456 3779 sollte
484 3737 513 3778 es
536 3724 607 3778 wohl
630 3724 745 3777 heissen.
790 3721 821 3786 2)
841 3721 911 3773 Bcim
935 3720 1010 3774 cont.
1029 3720 1102 3773 Mart.
1120 3719 1174 3772 Pol.
1191 3718 1276 3773 heisst

127 3807 172 3848 es:
199 3794 258 3848 Hoc
283 3809 353 3848 anno
379 3795 456 3847 etiam
481 3806 558 3858 reges
587 3793 698 3846 castelle
716 3798 743 3845 et
762 3791 907 3856 hrragonie
926 3803 998 3841 cum
1015 3786 1158 3842 liudolfo
1179 3788 1272 3840 Pala-

126 3863 201 3915 tino
220 3864 265 3918 Re
276 3863 309 3916 ni
327 3868 416 3916 contra
434 3861 595 3916 Sarracenos
612 3862 756 3915 exercitum
773 3872 891 3924 magnum
910 3855 1013 3910 dracunt.
