3044 4882
294 189 365 262 382
619 176 759 268 ronnnvss
780 220 985 270 vuoronmvsvs.
1020 221 1044 284 l,
1064 219 1103 273 to.

168 395 169 398 ¹
211 374 277 431 isla
294 360 437 428 eivitatis
463 356 620 428 Paduane
647 378 686 429 ao
716 361 817 428 totius
844 359 1013 429 distriotus
1040 361 1191 450 suseepit
1215 358 1423 452 presidatum,

295 467 328 528 et
354 459 506 528 ordinata
531 465 609 547 post
635 459 801 548 paululum
829 460 975 544 civitate,
1003 459 1199 530 custodibus
1224 464 1257 529 et
1274 460 1424 529 militibus

295 558 480 648 dispositis,
507 557 690 645 predictum
717 559 767 626 eis
786 559 929 627 Ulrieum
949 559 1101 626 eomitem
1119 566 1153 628 et
1171 560 1315 628 Ulrioum
1335 576 1424 627 suum

295 658 395 726 hlium
417 655 566 748 prefecit,
594 659 800 726 oommittens
822 655 864 726 de
885 657 1037 726 omnibus
1056 675 1158 744 agere
1174 657 1361 747 diligenter,
1387 657 1425 726 ad

294 756 388 826 dubis
404 757 542 843 negotia
556 762 609 826 ost
624 773 789 824 reversus.
816 757 857 826 Et
867 756 964 826 eece!
992 755 1210 826 veronenses
1221 775 1294 826 oum
1310 775 1426 843 magna

292 856 442 945 potentia
474 854 620 925 Paduam
655 855 830 945 obsident,
864 856 1016 924 eomitem
1043 862 1076 924 et
1102 856 1244 926 Ulrioum
1271 858 1426 925 iuniorem

294 953 336 1024 de
353 954 470 1023 Walse
492 972 566 1022 oum
588 955 658 1022 suis
686 959 794 1023 artant
814 960 848 1022 et
871 953 1082 1044 oonoludunt,
1111 974 1232 1025 novum
1259 956 1426 1024 castellum

293 1055 328 1122 in
362 1054 504 1122 eivitatis
539 1053 663 1121 vioinia
692 1058 906 1145 construunt,
933 1059 969 1122 ut
995 1071 1068 1122 eam
1096 1071 1137 1124 eo
1165 1056 1308 1125 oelerius
1336 1072 1425 1123 oom-

292 1152 510 1242 prehendant.
543 1152 826 1221 Ulriousaudiens
853 1155 1016 1237 oomitem,
1044 1155 1169 1222 sororis
1190 1173 1252 1224 sue
1271 1156 1424 1242 maritum,

294 1252 462 1339 liliumque
482 1251 627 1320 Ulrioum
650 1251 701 1320 sio
725 1258 935 1343 angustatos,
963 1251 1104 1322 colleeta
1127 1253 1427 1342 multitudinepro-

292 1357 389 1438 perat
414 1352 448 1418 in
475 1351 618 1418 civitatis
646 1351 848 1436 suffragium.
881 1351 1008 1441 lmpetu
1037 1351 1182 1439 quodam
1207 1354 1338 1422 irruens
1363 1369 1425 1420 no-

294 1468 371 1518 vum
398 1449 569 1519 castollum
596 1449 746 1540 dissipat,
775 1455 809 1518 et
833 1449 1049 1519 veronenses
1079 1467 1153 1519 oum
1179 1453 1249 1522 suis
1277 1451 1425 1522 omnihus

293 1550 349 1617 vel
375 1550 464 1637 oepit
490 1550 543 1618 vel
569 1548 674 1639 lugat,
702 1557 735 1618 et
760 1548 905 1617 Paduam
930 1551 979 1618 sie
1005 1555 1192 1621 conservat.

213 1670 272 1710 arv.
367 1647 441 1717 Hoo
465 1666 553 1718 auno
577 1666 723 1718 summus
745 1647 897 1736 pontifex
914 1648 1068 1717 Clemens
1088 1651 1233 1740 moritur,
1262 1651 1321 1738 qui
1345 1649 1425 1718 sedit

227 1725 262 1777 ²⁰
295 1748 390 1816 annis
415 1748 472 1815 viii
493 1747 664 1817 mensibus
687 1767 710 1816 x
734 1746 853 1816 diebus
879 1767 933 1817 xv.
966 1749 1005 1816 Et
1023 1747 1086 1816 hoo
1105 1767 1193 1819 anno
1215 1767 1275 1816 rex
1291 1749 1424 1818 Franeie

211 1873 273 1915 nov.
292 1846 480 1936 PhilippuS,
507 1846 646 1914 Puloher
671 1846 791 1934 dietus,
819 1848 966 1938 transiit,
1000 1847 1114 1935 quiin
1141 1850 1322 1917 venatione
1349 1865 1424 1936 apro

226 1928 259 1980 ²⁹
292 1963 472 2033 pereussos
498 1946 629 2015 interiit
663 1945 724 2014 Hie
741 1945 871 2033 reliquit
888 1951 955 2014 tres
977 1946 1078 2014 lilios:
1091 1946 1326 2015 ·Ludewioum
1348 1949 1423 2015 Phi·

292 2045 415 2132 lippum
433 2044 599 2134 llarolum,
627 2047 682 2132 qui
700 2062 816 2114 omnes
842 2051 921 2132 post
936 2063 1011 2113 eum
1037 2052 1273 2137 regnaverunt,
1302 2052 1336 2114 et
1357 2049 1423 2114 sine

291 2142 469 2211 heredibus
496 2142 721 2212 deoesserunt.
754 2142 920 2229 Regnavit
944 2150 1022 2234 post
1048 2162 1108 2214 eos
1131 2147 1313 2235 Philippus,
1342 2147 1424 2213 lilius

292 2243 404 2310 llaroli
431 2241 472 2310 de
492 2240 617 2333 VallaS,
645 2241 751 2310 fratris
778 2242 918 2332 Philippi
945 2243 1084 2334 Pulohri,
1111 2250 1147 2312 ut
1173 2264 1261 2334 papa
1286 2244 1423 2313 Bonisa-

292 2343 366 2410 oius
393 2341 623 2432 prophetavit,
650 2360 723 2410 oum
750 2343 885 2431 propior
911 2342 1008 2411 heres
1035 2360 1103 2411 non
1129 2344 1327 2432 haberetur;
1352 2345 1423 2412 lieet

292 2446 411 2530 postea
438 2442 617 2510 surrexerit
639 2440 680 2509 de
704 2441 768 2509 hoe
788 2441 929 2510 maxima
951 2445 1181 2511 controversia
1201 2447 1287 2512 inter
1314 2461 1421 2529 regem

291 2537 414 2626 Anglie
441 2545 475 2608 et
499 2542 713 2630 Franoornm,
741 2540 826 2608 siout
859 2539 997 2608 inierius
1025 2546 1078 2608 est
1102 2541 1315 2631 descriptum.
1356 2541 1423 2610 lloe

292 2657 380 2708 anno
407 2641 542 2707 moritur
569 2637 758 2708 Ottohonus
785 2639 981 2729 patriaroha,
1009 2641 1059 2709 vir
1078 2641 1246 2733 oordatus,
1275 2648 1424 2710 etvaea-

291 2740 339 2806 vit
365 2738 466 2807 sedes
491 2757 599 2825 usque
626 2741 659 2807 in
686 2756 807 2806 annum
834 2744 997 2825 quartum·
1036 2739 1111 2808 lloe
1138 2745 1287 2830 tempore
1313 2741 1423 2808 civitas

291 2835 427 2905 Luoana
453 2843 550 2926 oapta
572 2835 634 2906 luit
651 2856 669 2904 a
685 2837 826 2926 Pisanis
855 2838 912 2925 qui
938 2836 980 2906 de
1006 2843 1099 2926 parte
1125 2841 1252 2928 imperii
1278 2839 1422 2922 luerunt;

294 2941 328 3004 et
354 2937 504 3024 expulsis
534 2935 869 3004 oivibusadversariis
895 2938 1034 3026 imperii,
1062 2938 1228 3007 civitatem
1253 2938 1421 3026 potentia-

292 3033 367 3102 liter
390 3033 624 3123 possederunt.
658 3035 771 3103 Frater
791 3040 900 3102 autem
917 3034 1054 3125 Ruperti
1072 3039 1162 3123 regis
1181 3038 1305 3129 Sieilie,
1331 3037 1420 3126 prin-

295 3150 374 3222 oeps
397 3134 565 3225 Tharenti,
591 3135 731 3202 veniens
750 3135 785 3201 in
808 3134 990 3203 subsidium
1007 3135 1216 3205 Luoanorum
1234 3143 1349 3206 eontra
1369 3135 1421 3202 Pi-

294 3249 408 3323 sanos,
434 3235 567 3321 ponitur
580 3235 613 3301 in
628 3234 812 3302 oonlliotum
822 3255 831 3320 3
858 3235 892 3301 in
909 3252 975 3322 quo
994 3233 1180 3304 hetereius
1194 3236 1311 3305 Petrus
1328 3240 1421 3320 atque

295 3331 381 3399 lulius
396 3333 468 3400 eius
481 3331 623 3401 llarolus
638 3333 844 3422 oooiduntur,
857 3334 1050 3421 prevalente
1067 3336 1191 3424 populo
1211 3323 1422 3404 Pisauorum¹.

294 3429 332 3497 ln
352 3427 549 3500 Alamannia
571 3434 668 3500 etiam
692 3433 937 3502 oeneussiones
956 3433 1056 3501 multe
1073 3433 1212 3524 iverant,
1242 3440 1276 3503 et
1291 3434 1346 3522 qui
1364 3449 1421 3498 oa·

293 3547 373 3618 pere
393 3535 524 3620 poterat
538 3530 700 3620 oapiebat,
716 3532 792 3619 quia
808 3532 992 3619 prinoipum
1006 3533 1070 3601 iam
1088 3533 1259 3621 divulgata
1277 3532 1321 3601 ad
1333 3531 1422 3600 eleo-

294 3629 418 3696 tionem
435 3629 605 3698 dissensio
618 3631 776 3699 unitatem
794 3630 953 3698 nobilium
972 3636 1071 3719 atque
1088 3633 1210 3702 oivium
1226 3634 1269 3701 ab
1287 3631 1420 3700 invioem

295 3726 473 3819 dividebat,
500 3730 587 3797 siout
609 3729 685 3797 olim
709 3731 742 3798 in
765 3729 880 3797 Veteri
903 3736 1035 3816 gestum
1055 3733 1177 3817 legitur
1193 3732 1419 3801 Testamento:

293 3825 393 3917 „Vidi
411 3833 563 3897 eunotum
575 3828 678 3898 lsrael
694 3828 882 3918 dispersum
903 3831 938 3896 in
954 3830 1121 3899 montibus
1143 3833 1229 3900 siout
1243 3847 1326 3901 oves
1342 3825 1418 3896 abs-

330 4076 360 4142 1)
379 4075 523 4134 Ottobonus
546 4079 673 4150 patriarch
698 4092 749 4132 von
773 4077 849 4146 Aglei
867 4077 935 4133 slarb
952 4093 993 4132 am
1012 4079 1043 4133 13
1062 4078 1112 4133 ian.
1133 4079 1212 4145 1315,
1235 4079 1319 4136 Luem
1336 4071 1419 4130 morde

294 4155 449 4210 genommou
466 4163 507 4202 am
525 4149 558 4203 lb
574 4150 627 4204 iuni
646 4147 720 4217 1311,
739 4147 835 4216 hupert
853 4147 944 4203 wurde
960 4147 1118 4217 gesohlagen
1135 4163 1177 4203 am
1194 4147 1228 4202 29
1246 4163 1301 4216 aug.
1318 4144 1388 4200 1315.
