3028 4878
250 209 323 280 cle
588 237 729 284 rounuuns
749 237 948 285 ureronrnnsrs
993 233 1018 303 c,
1040 235 1060 290 t.

170 391 234 444 1335
251 374 428 444 mandauit.
455 373 527 455 Que
553 375 660 442 littere
685 375 818 463 publice
845 379 992 468 recitate,
1020 395 1151 446 omnem
1170 381 1256 444 terre
1274 393 1387 465 popu-

251 475 317 542 lum
332 476 610 542 constrinxerunt.
642 471 758 542 Abbes
776 473 997 544 Victoriensis
1019 494 1185 565 reversus,
1214 493 1279 562 que
1304 493 1390 561 ege-

252 579 318 661 ret,
353 571 497 661 viderat,
532 572 699 661 audierat,
732 572 974 659 Tyrolensibus
1001 575 1174 644 nuntiavit.
1217 570 1297 641 Otto
1325 573 1389 641 dux

250 673 354 761 primo
382 689 444 740 suo
471 673 604 739 introitu
632 670 841 740 Chunradum
862 671 904 740 de
920 671 1141 762 Auienstain,
1167 673 1273 739 virum
1291 689 1390 740 exer-

252 772 385 840 citatum
412 777 445 838 et
469 776 659 859 potentem,
687 769 728 838 ab
756 769 868 839 oliioio
895 774 1135 862 capitaneatus,
1163 777 1197 838 et
1222 771 1307 839 alios
1335 769 1389 838 ol-

253 870 377 938 irciales
393 869 526 956 amovit,
553 869 698 936 Ulricum
713 871 867 938 comitem
885 869 927 938 de
949 870 1148 961 Plannberg,
1176 871 1391 937 marscalcum

251 965 396 1058 Austrie,
423 969 457 1035 in
484 968 595 1035 locum
622 984 718 1034 suum
733 967 953 1060 substituens,
982 968 1168 1039 carniolam
1195 969 1315 1057 pergit.
1347 967 1394 1035 lbi

250 1066 452 1136 Fridericum
478 1065 697 1155 Libertinum,
733 1067 960 1157 capitaneum,
995 1087 1093 1157 quem
1118 1068 1298 1136 Heinrious
1326 1065 1391 1134 dux

250 1165 379 1254 pridem
396 1165 441 1232 ibi
458 1166 655 1254 instituerat,
676 1164 892 1234 confirmavit.
918 1167 1111 1257 Uirumque,
1127 1173 1162 1235 ut
1185 1171 1272 1234 terre
1292 1170 1390 1252 atque

252 1265 388 1352 populis
424 1265 613 1332 commissis
647 1262 771 1333 iudicio
799 1270 832 1332 et
857 1267 984 1334 iustitio
1018 1266 1183 1334 communi
1218 1269 1251 1331 et
1284 1263 1394 1332 debita

252 1362 482 1431 moderatione
502 1362 743 1452 prospicerent,
762 1364 874 1432 stricte
887 1370 920 1432 ct
931 1365 1064 1433 lirmiter
1073 1364 1276 1434 hortabatur.
1302 1363 1393 1430 Utri-

253 1478 318 1548 que
346 1459 382 1530 id
408 1459 582 1529 Claudiani
609 1460 718 1528 dicere
744 1461 933 1532 videbatur:

352 1608 660 1628 ......
710 1559 784 1649 „Tu
811 1562 951 1630 consule
977 1562 1118 1654 cunone,

351 1656 423 1725 Nec
450 1662 506 1726 tua
532 1663 564 1724 te
591 1663 759 1748 moveant,
787 1659 848 1728 sed
874 1660 1007 1750 publica
1032 1656 1136 1730 vota“
1160 1711 1170 1729 .
1197 1705 1205 1724 .
1232 1709 1279 1727 ..

251 1755 292 1824 Et
317 1755 405 1825 idem
431 1755 465 1823 id
490 1756 675 1844 poeticum:

349 1853 486 1944 „lusani
513 1855 649 1942 sapiens
677 1871 798 1924 nornen
826 1852 898 1944 lert,
926 1872 1034 1942 equus
1060 1856 1173 1942 iniqui.

377 1951 470 2021 Ultra
496 1971 593 2040 quam
622 1955 704 2022 satis
732 1959 793 2044 est,
821 1954 973 2022 virtutem
1001 1955 1030 2022 si
1055 1959 1149 2044 petat
1176 1947 1339 2041 ipsam“¹.
1394 1975 1398 1980 ·

253 2199 305 2266 De
330 2198 598 2267 determinatione
628 2217 717 2287 pope
752 2202 794 2268 de
824 2203 912 2268 stetu
940 2203 1125 2269 animorum
1145 2203 1226 2286 post
1249 2204 1394 2366 norontem.
1497 2247 1498 2254 κ

1284 2316 1339 2384 cp.
1363 2315 1395 2364 n.

301 2459 303 2462 ·
329 2444 428 2517 Anno
448 2447 637 2538 supradicto
652 2448 856 2517 Benedictus
882 2466 970 2537 papa
995 2447 1084 2535 apud
1110 2455 1246 2536 pontem
1275 2447 1394 2532 Sergio

255 2548 650 2634 accersiensmagistros
678 2547 857 2633 theologos
891 2554 924 2614 et
949 2546 1106 2615 doctores
1133 2548 1326 2635 opinionem
1354 2544 1394 2612 de
1497 2609 1498 2612 ,

256 2651 345 2715 statu
371 2647 552 2714 animarum
578 2651 612 2717 et
638 2646 679 2714 de
706 2647 840 2714 visione
865 2644 929 2736 dei,
957 2644 999 2714 dc
1024 2647 1217 2714 miserorum
1238 2651 1272 2712 et
1297 2643 1394 2712 dam-

254 2750 406 2812 natorum
432 2747 547 2833 penis,
575 2763 616 2814 ac
642 2744 684 2812 de
712 2745 784 2812 eliis
813 2743 1011 2832 quibusdem
1038 2745 1203 2834 articuliS,
1229 2742 1395 2814 diffinivit.
1497 2747 1498 2780 ³

255 2839 327 2922 Quc
354 2841 584 2911 determinatio
612 2844 720 2912 taliter
745 2861 783 2912 sc
810 2843 926 2912 habet:
1170 2862 1173 2866 ·

328 2941 523 3013 Benedictus
539 2943 721 3027 episcopua,
735 2957 849 3008 senone
862 2957 1030 3010 seroonnn
1046 2941 1107 3008 dei.
1132 2939 1187 3007 nd
1197 2943 1396 3026 perpetuom
1497 2953 1498 3010 t

254 3039 303 3104 rei
325 3039 526 3107 menonem.
552 3039 748 3108 Benedictus
777 3039 856 3108 dene
879 3041 913 3107 in
937 3041 1033 3110 donis
1061 3041 1129 3107 onir
1150 3042 1183 3106 et
1202 3043 1340 3108 sanctes
1363 3041 1397 3107 in
1497 3025 1498 3086 ἶ

290 3220 321 3284 1)
342 3222 392 3275 llas
411 3221 506 3276 Cliton.
525 3223 604 3276 Leob.
628 3225 672 3278 bat
695 3224 752 3277 bier
775 3223 843 3278 noeb
860 3223 1011 3290 lotgerius,
1029 3239 1086 3278 was
1103 3223 1236 3278 r’ielleiebt
1254 3236 1316 3278 vom
1333 3223 1397 3277 veri,
1497 3237 1498 3300 ἐ

255 3289 384 3357 berriibrt,
402 3305 450 3343 uns
468 3290 530 3344 aber
548 3292 610 3345 selrr
627 3291 814 3346 unbedeutend
831 3295 878 3346 ist:
896 3292 996 3346 Eodem
1014 3307 1099 3357 anno,
1125 3294 1150 3345 in
1171 3292 1214 3344 die
1235 3294 1322 3345 sancti
1341 3294 1398 3345 An·
1497 3309 1498 3362 p

257 3357 321 3410 dree
339 3359 465 3426 apostoli,
490 3361 558 3413 eirea
586 3361 675 3413 boram
698 3374 883 3429 vesperarum,
903 3363 929 3413 in
951 3361 1019 3413 valle
1038 3359 1084 3414 sub
1103 3359 1202 3428 alpibus
1220 3361 1298 3412 dietis
1316 3359 1397 3421 Slein.

257 3425 429 3492 equitantibus
447 3425 573 3494 aliquibus
592 3427 624 3481 de
641 3427 805 3495 llnntelseld,
825 3434 851 3482 et
868 3428 997 3496 aliquibus
1014 3427 1161 3498 pastoribus
1178 3427 1354 3482 existentibus
1371 3430 1398 3480 in
1497 3429 1498 3450 ²

256 3492 392 3558 montibus
410 3492 506 3547 ibidem
522 3496 579 3549 visa
597 3501 657 3549 sunt
675 3497 724 3550 bec
741 3498 815 3562 signe
833 3497 860 3550 in
879 3499 944 3550 ecio.
981 3495 1064 3550 Verus
1088 3496 1127 3552 sol
1152 3495 1239 3548 babuit
1263 3509 1299 3548 ex
1323 3501 1396 3550 utra·
1497 3547 1498 3564 ,

257 3573 306 3681 quc
324 3568 412 3630 partes
430 3562 493 3614 duos
511 3564 590 3624 soles,
610 3565 716 3632 equales
733 3566 759 3620 in
778 3564 836 3616 luce
855 3570 882 3617 et
898 3565 1096 3632 magnitudine,
1115 3567 1141 3617 et
1156 3564 1265 3617 circulus
1285 3565 1398 3617 circnm-

274 3630 329 3686 edit
347 3643 438 3683 omnes
454 3631 541 3696 soles,
561 3631 660 3686 babens
679 3633 774 3688 iniraa
796 3635 939 3695 ortionem,
958 3638 984 3685 et
1002 3635 1035 3686 de
1053 3633 1138 3686 medio
1158 3633 1246 3687 circuli
1264 3647 1329 3686 errrx
1348 3630 1398 3686 de-
1497 3649 1498 3704 p

256 3697 376 3765 pendens
394 3703 466 3760 erat,
490 3713 537 3770 per
561 3703 721 3770 apertionem
749 3647 845 3754 labens
869 3701 1112 3767 similitudinem,
1141 3701 1301 3754 latirudinem
1320 3713 1398 3754 nurus
1497 3707 1498 3722 ³

256 3767 364 3831 scamni,
382 3765 569 3833 longitudinem
587 3771 699 3838 quinque
717 3768 871 3833 cubitorum,
897 3769 1014 3822 colorem
1037 3771 1062 3821 in
1080 3770 1166 3821 medio
1185 3766 1271 3821 album
1289 3766 1398 3834 habena,
1497 3783 1498 3846 p

257 3845 291 3884 en
307 3838 414 3902 utreque
432 3843 507 3903 parte
524 3836 649 3903 rubeunm
668 3843 694 3890 et
713 3844 821 3904 quatuor
846 3837 916 3890 lineo
934 3836 1062 3891 babentes
1078 3839 1193 3890 ociorem
1210 3837 1265 3900 iris,
1283 3842 1398 3902 tangen-
1497 3857 1498 3862 ¹

257 3905 298 3954 tes
316 3903 456 3970 circutum,
480 3905 506 3956 in
524 3905 609 3958 medio
627 3906 734 3958 istarum
757 3906 883 3958 linearum
910 3905 1029 3974 quiddam
1053 3906 1129 3958 nimis
1151 3904 1281 3966 lucidum,
1298 3903 1399 3959 babens

258 3969 452 4022 similitudinem
476 3985 570 4037 magne
597 3975 678 4026 naris.
714 3972 746 4026 Et
768 3973 985 4026 evanescentibus
1004 3974 1075 4040 istis,
1093 3975 1119 4025 in
1140 3977 1219 4025 noete
1236 3975 1357 4042 apparuit
1372 3985 1400 4024 rn

258 4036 316 4090 celo
334 4039 377 4090 uie
395 4036 477 4094 lucida
495 4038 528 4092 ab
546 4042 646 4094 oriente
670 4053 751 4108 usque
769 4044 795 4094 in
816 4042 990 4097 occidentem.
1009 4053 1181 4110 perseverans
1198 4053 1280 4108 usqne
1297 4041 1332 4094 ed
1352 4053 1399 4094 or·

258 4109 311 4156 tum
329 4105 388 4158 diei.
424 4105 550 4173 Sequenti
575 4110 617 4162 die
640 4115 769 4162 venerunt
794 4110 836 4161 isti
863 4111 890 4162 in
918 4109 1018 4162 Rumam
1041 4110 1074 4164 ad
1097 4109 1254 4176 religiosos,
1273 4108 1317 4176 qni
1336 4109 1401 4178 ipsis

258 4169 512 4240 honorandorum,
531 4177 589 4242 quia
609 4190 698 4232 eorum
717 4177 818 4246 aliquos
837 4181 1017 4244 cognoverunt
1034 4179 1071 4232 ita
1085 4178 1218 4232 discretos
1236 4181 1400 4244 cicerones,

259 4239 327 4305 quod
347 4255 399 4294 non
412 4243 589 4298 mentirentur.
