3044 4882
297 113 368 182 350
629 142 777 188 ronnnrrrs
798 141 1009 188 vrcromansts.
1045 140 1069 202 3,
1088 142 1110 192 t.

294 289 461 371 pactaque
494 280 673 349 sontissima
707 282 823 348 litteris
859 287 959 369 atque
991 283 1176 371 privilegiis
1210 281 1430 370 firmaverunt,

295 383 464 468 regiisque
482 379 635 448 monibus
655 379 862 448 obtulerunt:
890 379 980 468 quod
1005 382 1034 448 si
1059 381 1112 449 bic
1140 381 1224 449 lrllus
1251 378 1430 448 decederet

295 482 368 548 sine
395 479 513 570 lruetu,
539 497 607 547 non
634 479 731 547 alium
759 479 946 568 quempiam
972 481 1035 547 nisi
1054 499 1153 547 unum
1177 480 1316 548 liliorum
1344 497 1429 547 sno-

294 598 363 646 rum
391 581 462 648 sive
489 579 540 647 sui
566 580 723 663 germinis
740 597 852 664 regem
875 580 1115 646 constituerent
1131 597 1298 666 quoquam
1317 578 1425 646 modo.

293 679 335 746 Et
350 680 398 746 sie
412 677 511 745 lrlium
531 677 563 744 in
574 679 669 764 regni
680 679 764 746 solio
780 678 965 767 stabiliens,
984 676 1026 746 ad
1041 678 1105 746 alia
1123 677 1257 747 diversa
1274 677 1425 744 eiusdem

293 778 388 864 regni
414 778 553 863 negotia
579 793 616 844 se
643 777 799 865 disponit.
833 776 1013 846 insistebat
1039 778 1138 844 etiam
1164 795 1236 844 cum
1263 776 1426 844 sollicitu-

294 876 372 944 dine
386 882 420 944 et
436 875 609 965 industria,
637 876 778 962 qualiter
801 874 990 943 Heinrioum
1008 875 1125 943 ducem
1142 876 1304 944 sororium
1324 894 1428 966 suum,

294 978 350 1062 qui
376 976 547 1043 maximam
574 980 700 1063 partem
723 976 755 1042 in
773 993 879 1061 regno
899 975 1023 1065 babuit,
1051 975 1212 1064 abigeret,
1240 979 1273 1041 et
1290 992 1428 1060 aregno

293 1075 491 1161 quantocius
518 1083 695 1142 amoveret.
732 1075 807 1142 Non
831 1075 918 1142 enim
943 1073 1116 1142 videbatur
1142 1074 1206 1140 sibi
1232 1090 1427 1161 congruere,

293 1173 385 1259 quod
400 1173 488 1241 bello
506 1190 580 1240 curn
594 1179 731 1260 propter
756 1174 898 1241 amicitie
925 1171 1117 1241 affinitatem
1142 1178 1281 1262 peteret,
1309 1171 1427 1240 dubius

294 1272 356 1339 sub
383 1289 449 1360 qua
475 1277 581 1339 sorte:
609 1273 687 1359 quia
713 1290 798 1359 eque
825 1271 885 1340 luit
900 1272 1025 1340 viribus
1047 1271 1239 1341 militaribus
1267 1269 1425 1339 robusta-

293 1376 357 1439 tus.
391 1371 432 1438 Et
458 1368 534 1438 dum
560 1371 624 1438 beo
650 1371 759 1439 animo
779 1371 931 1440 volveret
942 1367 1108 1460 Albertus‚
1135 1370 1313 1438 Heinrious
1331 1371 1425 1456 quasi

293 1469 420 1537 eisdem
445 1469 716 1539 meditationibus
743 1469 931 1538 lluctuabat.
965 1469 1095 1539 Insedit
1112 1475 1223 1537 tamen
1240 1466 1332 1537 cordi
1354 1486 1426 1557 suo,

293 1569 384 1656 quod
420 1586 462 1637 ex
496 1587 583 1657 equo
619 1587 692 1636 curn
718 1567 939 1638 Romanorum
965 1570 1114 1657 principe
1141 1586 1195 1636 res
1221 1568 1301 1635 belli
1328 1584 1424 1653 agere

292 1685 360 1737 non
386 1668 528 1755 valeret,
558 1674 592 1736 et
618 1686 691 1736 eum
718 1670 788 1736 suis
811 1668 924 1737 babilo
948 1669 1088 1736 consilio
1105 1667 1297 1735 Bobemiam
1325 1667 1425 1734 relin-

291 1784 398 1853 quens
406 1820 416 1857 ,
444 1765 610 1836 rediitad
642 1773 808 1836 montana.
849 1764 923 1847 Quo
951 1784 1091 1853 egresso
1117 1783 1255 1856 omneS,
1284 1767 1423 1853 quisue

289 1867 392 1954 partis
417 1865 557 1957 lucrant,
585 1867 695 1934 animo
714 1871 986 1952 consternantem
1014 1871 1048 1933 et
1070 1883 1144 1933 oum
1164 1883 1233 1934 non
1254 1864 1422 1952 haberent,

290 1966 347 2050 qui
372 1965 422 2032 eis
449 1964 596 2055 adesset,
622 1963 798 2034 Rudollum
825 1966 1022 2033 unanimiter
1044 1968 1276 2052 susceperunt.
1302 1960 1422 2030 Alber-

290 2069 343 2131 tus
370 2068 479 2130 autern
498 2063 625 2132 firmato
651 2063 729 2152 lilio,
758 2070 791 2132 el
812 2065 974 2132 instructo
997 2062 1039 2132 dc
1062 2080 1140 2131 eura
1156 2064 1262 2152 regni,
1289 2063 1324 2129 in
1340 2059 1420 2129 Ale-

288 2162 454 2230 manniam
480 2168 532 2230 est
557 2155 743 2231 reversus¹.
775 2163 817 2230 Et
841 2163 1010 2252 perceptis
1035 2163 1132 2230 novis
1159 2161 1201 2230 de
1228 2168 1315 2229 terra
1340 2161 1423 2228 blis-

289 2262 458 2350 censium,
492 2259 534 2330 ad
569 2261 815 2350 expeditionem
841 2262 930 2330 illam
955 2267 1093 2350 propter
1119 2261 1354 2328 altercationes
1379 2255 1421 2325 ibi

288 2357 393 2428 laetas
421 2359 557 2428 militem
583 2367 695 2449 armat,
724 2365 758 2429 el
774 2361 978 2447 congiarium
999 2378 1155 2446 magnum
1174 2359 1288 2428 donat.
1321 2358 1418 2427 Filius

290 2464 400 2527 autem
427 2477 508 2528 suus
533 2478 593 2528 rex
617 2457 796 2550 Rudolius,
823 2460 953 2528 iuvenis
981 2459 1079 2529 bonis
1104 2459 1238 2548 pollens
1266 2457 1418 2544 moribuS,

289 2559 443 2626 omnibus
470 2563 600 2645 gratum
627 2576 665 2626 se
692 2558 839 2627 exhibuit
855 2564 887 2626 et
907 2557 1115 2647 placabilem,
1141 2559 1238 2626 iustis
1265 2555 1421 2625 amicabi-

288 2655 364 2747 lem,
391 2658 524 2726 iniustis
552 2658 728 2726 terribilem
755 2664 789 2724 et
814 2655 980 2724 crudelem
988 2680 997 2744 ;
1024 2657 1123 2725 nlcbil
1146 2662 1257 2724 tamen
1280 2663 1418 2724 temera·
1495 2709 1496 2735 ,

289 2755 371 2823 rium
388 2757 522 2846 agebat,
541 2755 602 2824 sed
620 2763 748 2824 maturo
762 2756 903 2826 oonsilio
921 2756 1030 2825 omnia
1048 2755 1261 2845 disponebat.
1279 2754 1418 2823 Consors

288 2855 323 2922 in
350 2872 461 2922 amore
488 2857 559 2922 eius
587 2858 673 2923 sieut
699 2853 800 2922 lentur
825 2855 959 2922 nimium
990 2854 1203 2944 ardescebat,
1232 2859 1267 2922 et
1291 2857 1417 2942 propter
1493 2931 1494 2946 ἶ

289 2951 364 3042 boo,
392 2952 467 3020 dum
489 2955 667 3022 excessive
687 2955 758 3021 eius
780 2953 988 3042 amplexibus
1008 2954 1207 3043 indulgeret,
1234 2954 1333 3021 telam
1357 2951 1416 3019 vite

290 3068 361 3140 sue,
389 3069 462 3119 oum
481 3051 589 3120 adbuc
608 3051 780 3142 ordiretur,
800 3051 942 3140 precidit
959 3054 1101 3120 transitu
1120 3054 1295 3122 inmaturo.
1321 3049 1415 3132 Quen

288 3154 427 3237 paterne
454 3157 487 3220 et
508 3147 659 3219 'materne
686 3152 823 3238 originis
849 3150 1004 3219 nobilitas
1032 3159 1066 3218 ot
1094 3170 1220 3220 morum
1246 3169 1287 3219 ac
1316 3151 1414 3218 virtu·
1490 3195 1491 3198 ,

289 3252 356 3316 tum
382 3250 543 3319 honestas
570 3250 722 3319 omnibus
756 3249 835 3318 lecit
860 3250 1155 3319 eommendabilem
1182 3257 1216 3320 et
1241 3254 1412 3338 accepturu,

288 3347 374 3416 sieut
398 3349 431 3416 in
457 3348 557 3418 laude
582 3347 721 3418 Achillis
748 3349 918 3417 scribitur:

385 3446 471 3538 „Cui
496 3449 599 3516 virtus
626 3449 749 3516 clarum
777 3465 898 3516 nomen
925 3447 1048 3516 bcbcrc
1075 3443 1202 3518 dedit“
1208 3440 1221 3485 ²

321 3616 351 3680 l)
370 3615 433 3668 llier
455 3616 487 3669 ist
511 3631 551 3670 arn
577 3618 656 3671 rande
675 3619 722 3672 der
739 3617 777 3671 bs.
795 3616 929 3684 beigesrigt
945 3619 997 3672 und
1015 3618 1078 3672 auob
1096 3620 1131 3672 im
1150 3617 1246 3673 Cbron.
1264 3615 1338 3673 Leob.
1355 3616 1409 3666 ent-

285 3683 387 3739 bullen:
406 3683 437 3736 Et
455 3690 561 3738 estuans
579 3687 610 3738 ad
630 3700 752 3739 coronam
769 3687 879 3755 imperii,
897 3685 965 3738 misit
981 3685 1122 3742 lobannem
1137 3687 1311 3740 Eistetensenr
1326 3693 1409 3752 presu-

284 3750 349 3819 lem,
375 3759 401 3805 et
419 3751 560 3821 Pbillppum
584 3752 701 3808 abbatem
720 3754 895 3808 lerinensem
917 3753 949 3808 ad
966 3769 1072 3824 papam,
1096 3771 1167 3810 suern
1186 3755 1300 3810 ollrrerrs
1315 3752 1345 3807 cd
1362 3749 1409 3802 rins

285 3821 365 3874 volita
383 3821 547 3876 volunlatem.
566 3821 663 3884 Quibus
681 3836 748 3891 papa
766 3824 854 3877 annuit
867 3827 918 3876 lam
930 3829 1071 3890 gratanter,
1090 3825 1159 3892 quod
1175 3823 1315 3879 lobanuem
1331 3825 1408 3894 trans-

285 3889 341 3942 tulit
360 3891 391 3942 ad
410 3890 631 3954 Argentinensem
650 3892 795 3960 ecclesiam,
815 3898 841 3945 et
858 3889 975 3958 Pbilippo
993 3891 1104 3945 contulit
1120 3892 1302 3946 Eistetensem.
1334 3887 1363 3949 2)
1378 3894 1407 3935 1¹¹¹

284 3955 381 4010 Cbron.
399 3955 479 4010 Leob.
497 3956 579 4011 findet
597 3959 652 4012 sieb
670 3958 794 4013 blernacb
815 3958 882 4012 nocb
902 3960 943 4011 die
955 3959 1079 4024 lolgende
1092 3960 1226 4014 nacbriebt
1239 3959 1316 4012 deren
1329 3951 1407 4026 quelle

283 4023 324 4076 iob
344 4025 416 4079 nieht
434 4024 585 4092 anzugebeu
604 4028 697 4080 weiss:
721 4027 777 4080 Hiis
799 4026 959 4096 temporibus
984 4029 1035 4080 dux
1059 4029 1162 4082 Austrie
1186 4027 1306 4082 Albertus
1323 4019 1406 4090 expuli

284 4090 317 4144 de
342 4096 420 4146 terris
443 4101 470 4147 et
495 4093 639 4148 confinibus
664 4099 717 4148 suis
742 4094 849 4164 probum
873 4096 957 4148 virum
981 4110 1011 4149 ac
1034 4097 1207 4165 sollempnem
1227 4090 1404 4166 ministerialem

284 4157 415 4213 dominum
438 4161 469 4215 de
493 4161 638 4232 Sumeraw,
663 4163 800 4218 tonlraotis
826 4167 934 4233 eastris,
958 4169 985 4220 et
1003 4163 1140 4219 destructis
1158 4161 1338 4218 munitionibus
1354 4166 1404 4210 suls·
