3002 4880
393 223 538 271 cunonucn
559 224 596 270 on
615 225 716 271 ausura
736 225 904 272 rnrncnurr.
1168 195 1213 266 15

99 363 248 451 inspicere
273 361 338 428 nisi
353 359 388 428 id
414 379 514 430 manu
538 363 669 451 propriu
684 368 906 451 attemptaret,
932 362 1112 452 multisque
1138 363 1214 433 dis·

99 455 313 550 suadentibus,
340 477 409 528 non
435 461 611 548 acquievit.
649 460 750 531 Jubet
775 461 839 529 sibi
865 459 1063 530 dextmrium
1087 481 1214 552 prepa-

97 562 169 650 rari,
201 578 289 628 arma
324 558 441 627 deierri
477 558 539 626 sibi
572 561 728 651 imperat,
765 579 830 648 que
864 561 974 627 omnia
1000 578 1078 629 mox
1101 568 1217 649 parata

97 657 230 726 suntad
255 675 384 726 manus.
415 656 564 726 induitur
591 658 653 727 sad
678 660 915 749 negligentius,
942 677 1064 746 equum
1090 677 1215 729 ascen-

97 757 146 826 dit.
177 757 250 824 Non
277 761 330 824 est
362 756 408 824 ibi
442 758 653 845 equipollens
689 757 751 826 sibi
786 758 947 844 dignitate
974 760 1030 845 qui
1056 761 1215 828 cursitare

96 855 206 924 debeat
230 861 346 925 contra
372 873 457 945 eum,
486 854 548 923 sed
573 862 672 925 vocat
690 864 723 924 et
738 862 898 944 provocat
915 862 1031 925 contra
1048 874 1085 925 se
1103 877 1215 945 quen-

97 953 328 1023 damnabilem
361 953 404 1022 de
429 953 618 1045 Hohenloh‚
647 957 703 1043 qui
730 955 793 1023 sibi
820 955 942 1024 debeat
967 955 1113 1025 obviare.
1155 956 1215 1026 llle

94 1056 187 1141 primo
219 1052 367 1139 denegat
405 1052 468 1120 sibi
503 1057 687 1122 reverentie
721 1072 825 1123 causa
863 1060 1020 1142 tanquam
1054 1053 1215 1144 digniori5

94 1152 149 1220 sed
173 1171 244 1220 cum
271 1151 339 1220 dux
364 1152 469 1219 nollet
494 1154 599 1240 ceptis
626 1152 789 1222 desistere
816 1158 850 1222 et
874 1154 909 1220 in
934 1152 1014 1221 ludo
1029 1153 1216 1222 vehemen-

94 1252 151 1318 tius
183 1256 347 1339 estuuret,
383 1249 490 1318 dictus
517 1251 637 1320 nobilis
669 1257 766 1340 parat
800 1270 838 1321 se
864 1254 898 1319 in
925 1254 999 1320 eins
1026 1270 1215 1322 occursum.

91 1349 128 1418 Et
156 1349 434 1424 convenientibus
476 1349 540 1416 sibi
583 1350 716 1419 obviam
756 1351 841 1419 alter
876 1350 928 1418 bis
963 1351 1017 1420 vel
1052 1357 1101 1419 tar
1134 1369 1215 1420 ver-

93 1447 1217 1539 mmmmmmmmmmmmwwmmd

93 1547 207 1639 ultimo,
234 1548 354 1616 neseio
389 1564 432 1615 au
458 1553 597 1634 rogatus
625 1549 681 1618 vel
710 1550 819 1616 animo
855 1549 1044 1615 concitatus
1079 1549 1216 1636 inipso

91 1663 289 1737 congressu,
323 1644 461 1715 uibrans
498 1646 627 1714 hastam
660 1652 694 1715 et
718 1649 825 1735 ruptis
852 1649 953 1714 armis
981 1648 1068 1714 circa
1096 1646 1217 1715 collum

91 1751 193 1830 guttur
214 1744 312 1814 ducis
329 1745 516 1834 periurans,
531 1745 642 1833 ipsum
658 1745 801 1815 letaliter
821 1745 1018 1815 vulneravit.
1038 1742 1112 1825 Quo
1129 1744 1218 1814 iacto

91 1851 161 1931 post
192 1846 270 1914 viso
303 1843 472 1913 mortifero
498 1844 655 1934 vulnere,
691 1846 766 1932 ipsa
791 1845 889 1912 basta
915 1845 1035 1912 intuitu
1060 1862 1080 1911 a
1105 1844 1218 1912 multis

90 1941 221 2012 habetur
248 1947 409 2030 suspecta
417 1965 426 2029 ;
453 1941 569 2010 babuit
594 1945 679 2011 enim
705 1945 741 2011 in
767 1945 955 2012 summitate
982 1945 1112 2011 acutam
1137 1942 1218 2031 pol-

90 2039 196 2133 licem,
231 2043 286 2110 cui
316 2041 419 2108 nichil
452 2046 505 2109 est
533 2042 775 2129 inpenetrabile
809 2042 871 2111 sed
901 2043 1018 2130 pervia
1048 2042 1217 2110 uniuersa.

91 2138 122 2208 Si
147 2143 232 2218 enim
259 2140 435 2208 habuisset
459 2139 589 2208 basum
615 2140 745 2209 solitam
776 2146 810 2208 et
838 2145 1033 2210 consuetam
1066 2157 1135 2208 non
1161 2131 1217 2208 ei¹

90 2239 189 2307 taliter
214 2241 400 2309 nocuisset.
425 2239 553 2308 Versus
576 2245 629 2308 est
645 2239 744 2308 ludus
771 2243 804 2307 in
829 2241 965 2329 luctum,
993 2245 1028 2306 et
1043 2239 1219 2307 multorum

91 2338 240 2423 gaudium
266 2341 301 2405 in
326 2355 499 2406 merorem.
525 2337 585 2406 Ille
605 2344 714 2406 autam
739 2337 781 2407 de
800 2338 978 2407 Hohenloh
997 2339 1114 2406 timore
1134 2355 1220 2425 pro-

92 2438 138 2504 cul
157 2457 234 2506 raus
259 2437 359 2505 huius
387 2436 480 2526 maii,
506 2438 638 2505 nemina
662 2443 888 2525 persequente
918 2436 1032 2522 iugum
1062 2437 1145 2504 iniit

155 2537 233 2626 lpse
260 2553 343 2604 vero
370 2533 439 2602 dux
465 2533 542 2602 dum
569 2535 679 2604 adhuc
703 2537 843 2625 viveret,
870 2535 985 2604 dilexit
1001 2535 1069 2603 uite
1096 2539 1220 2602 auoto-

91 2651 169 2726 rem,
202 2638 284 2723 quia
318 2634 492 2703 multocies
528 2633 605 2702 dum
637 2640 730 2703 asset
754 2635 789 2702 in
815 2633 873 2701 tali
899 2634 1006 2719 gioria
1033 2631 1219 2701 ethonore

89 2733 120 2799 in
144 2736 272 2825 seculo,
300 2734 401 2802 vitam
425 2735 644 2800 monasticam
665 2733 849 2803 simulabat.
878 2731 966 2820 Sepc
984 2732 1071 2799 enim
1085 2731 1220 2818 quando

91 2829 166 2900 bibit
190 2852 325 2923 aquam,
353 2831 530 2900 simulabat
557 2849 594 2898 se
621 2831 736 2900 bibere
760 2833 891 2922 vinum,
920 2829 1121 2899 observabat
1146 2830 1221 2918 pri-

91 2937 160 3000 uata
187 2933 341 3020 jeiunia,
374 2948 464 3000 nunc
491 2949 511 2997 a
536 2930 688 3018 piscibus
722 2948 810 2998 nunc
843 2947 863 2998 a
898 2930 1053 2997 carnibus
1087 2935 1120 2997 et
1145 2929 1221 2997 aliis

92 3026 237 3099 delicatis
265 3029 413 3119 cibariiS,
441 3029 482 3096 ab
509 3047 576 3096 uno
590 3030 723 3097 illorum
741 3029 837 3097 annis
859 3029 1021 3118 plurimiS,
1049 3028 1220 3118 abstinuit,

92 3134 120 3194 et
142 3129 337 3218 frequenter
363 3127 406 3196 ob
433 3143 579 3195 amorem
603 3127 738 3196 Domini
763 3129 999 3216 parsimoniam
1022 3127 1222 3197 sectabatur.

92 3223 158 3294 Non
191 3234 264 3297 crat
299 3218 448 3294 lubricus
484 3231 518 3293 et
543 3225 730 3294 dissolutus
757 3233 791 3294 et
816 3228 925 3294 carnis
953 3226 1129 3293 illecebras
1157 3225 1222 3293 de-

91 3326 208 3395 vitavit.
236 3326 345 3408 Quem
372 3330 484 3392 autom
508 3324 672 3392 Dominus
699 3324 810 3411 diligit
832 3325 967 3412 corripit
987 3321 1223 3393 nichilominus

93 3429 122 3489 et
145 3427 302 3512 castigat
344 3424 506 3491 Dilectori
532 3441 613 3492 varo
641 3441 703 3492 suo
729 3425 878 3512 porrexit
902 3441 1034 3490 manum
1061 3442 1155 3492 suam
1181 3421 1224 3490 ad

91 3523 247 3616 judicem,
285 3523 365 3591 lecit
391 3521 477 3589 enirn
502 3523 600 3590 utin
629 3521 686 3589 tali
712 3522 862 3610 periculo
890 3522 1000 3589 subita
1025 3529 1130 3590 morte
1156 3537 1225 3589 non

93 3623 216 3713 periret,
245 3623 421 3692 concessit
448 3621 512 3688 sibi
540 3637 666 3708 paucos
693 3619 766 3688 dics
782 3613 882 3710 post²
898 3626 1070 3709 acceptum
1090 3619 1223 3708 vulnus,

93 3725 125 3786 ut
148 3721 188 3790 de
212 3721 404 3790 commissis
432 3725 549 3805 ageret
575 3720 793 3807 penitentiam
820 3721 1029 3807 etrcoiperet
1055 3723 1131 3785 unte
1157 3718 1224 3785 rritc

95 3820 209 3888 exitum
236 3819 470 3888 ecclesiastica
488 3823 705 3886 sacramenta.
733 3816 832 3898 Quod
857 3823 891 3886 et
916 3817 1004 3885 iecit.
1030 3815 1113 3884 Nam
1131 3834 1151 3882 a
1168 3814 1225 3883 di-

19 3979 21 4004 ,
94 3918 164 3986 vina
197 3920 310 4006 gratia
343 3917 406 3985 sibi
439 3918 580 4006 prestita
611 3916 767 4005 perinsus
800 3917 985 4006 penitentia
1005 3915 1102 4000 jubet
1127 3931 1165 3982 sa
1191 3915 1227 3983 iu
1306 3953 1311 3963 ·

19 4007 21 4072 i
96 4011 255 4104 hospitale
272 4016 450 4107 deportari,
467 4015 643 4084 humilians
657 4033 695 4084 se
714 4023 748 4083 et
763 4015 963 4104 pauperibus
985 4031 1023 4081 se
1044 4030 1226 4105 coequans,

96 4122 186 4201 rogat
220 4132 342 4184 omnes
376 4131 542 4203 pauperes
576 4132 635 4202 pro
672 4131 710 4182 se
742 4115 918 4183 Dominum
945 4129 1095 4181 exorare.
1147 4111 1227 4180 Cum

126 4241 154 4306 r)
173 4257 235 4298 eum
254 4242 295 4298 ns.
367 4241 399 4306 2)
418 4238 603 4312 postrenum
621 4238 723 4294 uerus.
