3052 4878
314 170 387 246 110
633 198 749 246 vrconrr
771 199 815 244 rr.
835 195 976 245 nonnam.
998 194 1131 244 nmarm.

228 367 295 426 1312
312 337 470 410 dinatium
495 337 528 405 in
554 336 609 404 via
633 352 694 423 par
719 334 853 404 domam
874 334 998 404 domini
1016 334 1176 404 Iohannis
1202 341 1317 425 captos
1340 335 1425 404 inve-

312 441 422 509 nimus
445 442 479 505 et
501 436 636 525 ligatos,
664 451 749 522 quos
773 432 926 504 dominus
950 435 1089 504 Gentilis
1113 433 1271 523 expedire
1296 433 1378 524 lecit,
1399 439 1426 502 et
1505 515 1506 518 Ν

313 539 397 608 satis
423 535 596 605 laboravit
636 531 710 603 Hoo
735 530 825 623 lecit,
852 538 889 600 ιι1
914 533 1027 624 credo,
1053 535 1133 621 quia
1158 532 1310 602 dominos
1330 531 1426 602 cardi·

1505 4361 1506 4400 l

312 637 408 706 nales
435 632 596 723 diligebat
621 635 655 700 et
679 631 902 723 reverebatur,
930 637 964 700 et
983 633 1060 719 quia
1075 649 1139 701 nos
1159 633 1222 700 sibi
1240 631 1426 722 dicebamus,

313 735 404 824 quod
420 735 487 802 ista
509 737 581 802 erat
602 729 746 820 proditio
766 730 919 819 accipere
945 737 1081 817 gentem
1105 732 1196 819 regis
1214 730 1427 821 Romanomm,

312 840 490 922 antequam
524 830 589 900 sibi
626 828 871 918 significaretur
904 828 1084 920 dillidatio,
1120 835 1154 899 et
1187 829 1278 920 quod
1311 830 1427 916 regales

311 933 451 1004 Francia
481 946 651 1016 nunquam
677 927 828 996 lecerunt
851 928 937 996 tales
963 928 1183 1018 proditiones.
1225 927 1372 997 Castrum
1394 927 1428 996 de

311 1031 427 1101 Insula
451 1029 659 1119 intravimus,
684 1027 742 1096 ubi
767 1028 832 1095 iam
858 1027 970 1116 plures
997 1027 1039 1096 de
1064 1026 1188 1096 lamilia
1213 1029 1303 1115 regis
1319 1027 1429 1097 Roma-

311 1147 429 1200 nomm
454 1128 642 1196 invenimus
669 1125 845 1212 signantes
871 1126 1026 1217 hospitia,
1056 1143 1131 1195 enm
1146 1127 1192 1195 ibi
1218 1126 1368 1196 dominus
1383 1143 1432 1194 rer

311 1229 369 1298 illa
395 1233 495 1297 nocte
521 1226 555 1294 in
587 1224 738 1315 predium
768 1229 878 1294 castro
904 1225 1065 1315 hospitari
1092 1225 1305 1296 credidisset,
1342 1225 1431 1294 Post-

313 1345 411 1417 quam
435 1325 523 1395 inira
548 1323 684 1415 luimus,
707 1323 820 1393 clause
847 1329 926 1393 sunt
949 1329 1062 1415 porte,
1090 1329 1124 1392 et
1149 1341 1224 1394 cnm
1250 1324 1430 1395 difficultate

312 1430 438 1516 aperte,
466 1425 543 1513 quia
569 1428 679 1492 statrm
705 1423 880 1492 exiverunt
903 1424 996 1492 multi
1022 1423 1065 1492 de
1089 1421 1212 1492 tamilla
1236 1424 1359 1494 domini
1381 1424 1432 1492 lo-

311 1525 450 1616 bannis,
478 1524 534 1612 qui
560 1524 595 1590 in
621 1521 774 1592 domibus
808 1523 921 1592 annoti
953 1521 1147 1614 latitabant,
1174 1522 1217 1592 ad
1242 1532 1366 1613 portas.
1399 1523 1434 1590 tt

311 1623 422 1716 credo,
450 1621 540 1712 quod
565 1623 630 1690 nisi
656 1620 776 1690 luisset
801 1619 926 1690 domini
951 1621 1089 1690 Gentilis
1115 1622 1265 1711 probitas
1286 1629 1323 1692 et
1344 1623 1433 1708 lega-

310 1721 398 1815 litas,
426 1741 524 1810 quem
541 1721 710 1809 timebant,
738 1718 828 1806 qood
849 1725 982 1807 strages
1012 1720 1133 1788 luisset
1157 1726 1338 1810 antequam
1361 1739 1433 1810 por-

310 1829 377 1891 tam
395 1823 627 1910 exivissemus,
653 1818 731 1905 qnia
752 1818 816 1885 iam
839 1835 877 1886 se
891 1820 940 1888 illi
957 1820 1014 1908 qui
1031 1821 1244 1912 intraverant,
1269 1819 1434 1890 eredentes

311 1939 350 1990 se
378 1936 457 1988 esse
486 1917 655 2008 perditos,
682 1921 719 1984 ut
743 1915 930 2009 desperati,
965 1917 1119 1987 videntes
1151 1924 1266 2007 portas
1281 1921 1433 2007 alausas,

308 2017 472 2089 volebant
491 2019 525 2084 in
547 2016 630 2086 alios
648 2016 792 2104 irruere,
820 2016 893 2107 sed,
920 2017 1118 2086 benedictus
1135 2017 1229 2087 Deus
1254 2024 1288 2088 et
1312 2019 1434 2088 bonitas

311 2113 436 2186 domini
462 2115 611 2204 Gentilis,
639 2129 754 2182 omnes
782 2115 943 2184 exivimus
970 2116 1042 2185 sine
1069 2115 1223 2205 dampno.

379 2215 418 2283 ln
435 2215 618 2283 continenti
632 2217 712 2302 post
729 2213 851 2281 exitum
870 2217 970 2283 castri
987 2216 1173 2284 invenimus
1191 2220 1295 2285 totam
1312 2220 1436 2286 stratam

310 2314 445 2406 plenam
471 2311 660 2381 bominibus
688 2310 766 2379 dicti
791 2313 893 2405 regis,
918 2315 1005 2382 inter
1031 2331 1117 2401 quos
1143 2315 1241 2404 pauci
1268 2321 1363 2384 erant
1387 2333 1436 2381 ar-

308 2414 397 2483 mati.
429 2412 640 2500 Preoepimus
665 2410 725 2501 eis,
753 2410 844 2498 qrrod
867 2430 936 2482 non
959 2413 1045 2482 ultra
1060 2411 1293 2501 procederent
1327 2413 1438 2482 Domi-

309 2531 386 2581 num
402 2508 595 2580 Ostiensem
612 2510 698 2578 inter
720 2509 904 2579 cardinales
922 2512 1109 2581 invenimus
1132 2513 1250 2604 primo,
1274 2513 1353 2601 qnia
1373 2512 1437 2601 pri-

308 2630 381 2681 mus
409 2618 489 2680 erat.
529 2610 708 2696 Postquam
732 2625 795 2677 nos
814 2609 948 2702 audivit,
974 2612 1099 2700 incepit
1119 2610 1246 2680 fortiter
1268 2611 1387 2700 fugere
1410 2614 1439 2678 et

308 2709 536 2799 retrocedere,
565 2714 598 2776 et
624 2709 706 2776 satis
733 2724 796 2775 nos
823 2707 902 2777 lecit
927 2709 1052 2800 ridere,
1081 2716 1374 2800 quantumcunque
1399 2711 1438 2778 ti-

307 2826 481 2877 meremus.
522 2807 672 2875 Breviter
696 2805 883 2875 invenimus
916 2826 1031 2896 regem
1058 2810 1132 2876 sine
1158 2810 1258 2878 armis
1285 2811 1439 2899 equitan-

308 2911 384 2976 tem.
426 2905 565 2975 Vocatis
586 2905 729 2974 dominis
749 2905 983 3000 cardinalibus,
1009 2907 1145 2996 prelatis
1171 2914 1205 2978 et
1228 2909 1439 2998 principibus,

307 3003 459 3094 predicta
484 3021 544 3093 per
571 3003 721 3072 ordinem
747 3007 963 3076 narravimus.
1010 3003 1135 3074 Omnes
1166 3008 1371 3076 mirabantur
1378 3030 1387 3096 3
1413 3011 1443 3074 et

310 3104 366 3190 qui
387 3103 495 3190 magis
517 3101 578 3171 luit
600 3102 700 3171 durus
716 3101 759 3171 ad
780 3103 983 3174 eredendum
1009 3104 1153 3197 laritrex,
1181 3112 1216 3175 et
1234 3106 1442 3196 bocpropter

309 3200 437 3270 litteras
459 3202 550 3288 regis
564 3200 698 3272 Roberti
715 3210 867 3272 recenter
891 3205 955 3272 sibi
977 3205 1109 3295 missas,
1134 3210 1169 3272 et
1193 3210 1332 3294 propter
1357 3202 1443 3294 quod

310 3299 363 3369 sui
399 3300 659 3370 ambassiatores
694 3301 752 3389 qui
786 3302 878 3370 ibant
911 3305 944 3371 in
978 3303 1153 3392 Neapolim
1186 3303 1343 3373 dixerant
1383 3302 1441 3372 sibi

310 3415 414 3486 qnare
446 3398 549 3468 ibant.
595 3399 779 3468 Videbatur
811 3400 874 3470 slbi
902 3403 1017 3492 etiam,
1046 3401 1136 3489 quod
1162 3403 1192 3471 si
1217 3404 1252 3471 in
1277 3402 1443 3472 mandatis

309 3496 484 3566 habuisset
517 3496 682 3588 predicta,
720 3499 810 3586 quod
844 3500 924 3568 nihil
956 3502 1036 3569 novi
1065 3500 1204 3570 deberet
1229 3507 1442 3592 attemptare,

310 3595 419 3665 donee
446 3596 602 3665 solvisset
626 3599 843 3666 intentionem
874 3597 981 3668 fratris
1009 3600 1061 3668 sui
1068 3653 1079 3691 ,
1107 3600 1227 3670 auditis
1253 3601 1445 3670 ambassia-

309 3695 437 3763 torlbus
460 3694 541 3763 suis.
572 3694 621 3762 lbi
637 3699 845 3784 pernoctavit
862 3699 896 3765 in
914 3700 1049 3788 eampis.
1082 3699 1125 3767 Et
1140 3717 1236 3768 mane
1255 3700 1442 3768 cardinales

310 3793 494 3862 diviserunt
521 3810 570 3862 se.
609 3794 771 3863 Dominus
798 3791 965 3866 Ostiensis
988 3815 1062 3866 eum
1085 3797 1219 3867 domino
1245 3798 1444 3889 Pandnlpho

309 3910 369 3983 per
386 3899 489 3960 terras
513 3894 632 3961 sororii
654 3895 706 3962 sui
727 3895 869 3965 iverunt.
902 3895 1065 3966 Dominus
1082 3896 1216 3985 legatus
1236 3903 1269 3965 11
1288 3897 1445 3966 dominus

308 3991 419 4060 Luoas
443 4009 503 4080 per
523 3998 646 4061 rectam
664 3993 761 4084 riam,
787 4011 966 4082 perquam
988 4013 1052 4064 nos
1073 4013 1281 4064 veneramus.
1323 3997 1446 4066 Domi-

309 4107 373 4158 nus
407 4108 467 4158 rex
493 4096 526 4158 et
553 4108 613 4159 sua
645 4107 732 4179 gens
767 4091 892 4162 directe
927 4111 1045 4164 versus
1079 4100 1215 4183 pontem
1247 4093 1289 4162 de
1314 4094 1447 4164 Mollen

311 4189 446 4257 aciebus
465 4189 635 4260 ordinatis.
661 4189 803 4273 Quando
820 4191 863 4262 ad
875 4199 1009 4283 pontem
1023 4200 1196 4286 venenant,
1212 4196 1277 4265 iam
1290 4193 1448 4278 homines
