3044 4882
450 218 592 266 renarras
612 218 818 266 rrcronrmsrs.
852 219 877 282 l,
895 218 917 269 r.
1188 191 1258 260 3⁷5

125 356 309 449 peraudax.
353 358 468 426 Presul
501 358 718 426 Treverensis
752 358 986 448 BaldewinuS,
1021 357 1121 426 irater
1155 357 1259 447 regiS,
1276 362 1342 424 1312

125 459 261 546 egregie
288 455 464 526 dimicavit.
493 455 615 526 Habita
641 460 751 525 tamen
777 458 955 546 imperator
982 461 1120 525 cruenta
1146 457 1260 524 victo-

125 559 172 626 ria
197 556 333 626 Romam
366 555 517 645 reliquit,
554 561 587 624 et
611 556 644 623 iu
671 557 827 626 Tusciam
857 559 919 627 iter
943 555 1067 645 flectit,
1093 560 1130 623 ut
1155 555 1260 642 quieti

123 657 363 744 aliquantulum
381 655 580 742 indulgeret,
607 655 793 743 meliusque
819 662 920 744 atque
946 656 1098 724 securius
1124 653 1167 722 de
1193 671 1259 721 nc-

125 757 227 842 gotiis
241 753 468 843 imperialibus
485 752 686 844 provideret,
706 759 740 823 et
756 756 791 821 in
810 754 1020 824 adversarios
1035 753 1147 824 dolum
1161 769 1259 840 quem

124 858 349 942 conceperant
373 852 520 922 vindicta
546 850 658 921 debita
683 858 900 941 retorqueret.

196 953 283 1022 Dum
300 953 409 1038 igitur
435 953 586 1020 civitates
614 951 677 1020 sibi
703 951 907 1022 favorabiles
927 953 1091 1041 circuiret,
1118 951 1259 1020 Wilmr*

122 1051 186 1122 dus
212 1050 328 1141 presul
354 1050 654 1142 salczburgensis,
681 1070 701 1120 a
727 1053 820 1120 curia
845 1051 991 1142 redienS,
1017 1052 1110 1120 venit
1127 1049 1170 1118 ad
1193 1052 1260 1118 im-

121 1156 321 1241 peratorem,
347 1151 486 1237 suisque
503 1151 674 1238 regalibus
694 1152 872 1242 susceptis
893 1149 1181 1220 commendatione
1197 1149 1260 1218 sibi

120 1249 210 1320 lacta
235 1249 278 1318 de
305 1249 373 1318 srlic
400 1267 462 1318 suo
489 1267 571 1338 rege
596 1250 772 1340 Bohemie,
800 1250 843 1319 ad
869 1268 963 1319 suam
989 1248 1182 1319 kathedram
1209 1253 1262 1318 est

121 1365 290 1419 reversus.
322 1345 524 1418 Adversaric
547 1355 657 1417 aul-em
675 1355 788 1438 partes
811 1355 927 1418 eontra
943 1351 1174 1438 imperatorem
1193 1346 1261 1416 do-

119 1449 174 1518 los
209 1447 324 1518 mortis
357 1449 516 1516 continue
542 1447 757 1538 meditantur,
784 1453 819 1516 et
842 1452 877 1516 in
903 1449 973 1517 suis
1000 1446 1157 1516 cordibus
1186 1445 1261 1516 dis-

122 1553 289 1636 secantur,
317 1546 497 1616 stridentes
514 1545 671 1616 dentibus
686 1546 932 1638 mordebantur,
960 1552 994 1615 et
1010 1547 1045 1614 in
1069 1545 1261 1635 pectoribus

121 1645 363 1735 torquebantur
384 1664 425 1715 eo
446 1644 536 1734 quod
554 1663 616 1716 sua
637 1646 806 1715 desideria
830 1663 900 1714 uon
926 1645 968 1715 ad
995 1663 1108 1714 ecmm
1133 1643 1261 1712 libitum

122 1745 352 1835 explebantur.
393 1745 476 1814 Nam
511 1746 627 1834 sepius
663 1747 773 1814 toxico
803 1744 948 1815 adimere
975 1744 1038 1814 sibi
1064 1746 1164 1811 vitam
1190 1748 1261 1812 tolo

122 1847 299 1916 conanime
325 1845 529 1934 nitebantur,
556 1846 651 1914 cuius
684 1850 794 1913 tamen
820 1845 936 1914 merita
963 1849 997 1912 et
1021 1842 1180 1932 precipue
1206 1841 1263 1910 di-

119 1945 199 2012 vina
233 1943 342 2029 gratia
371 1943 481 2034 ipsum
507 1944 765 2014 misericorditer
791 1943 977 2012 tuebantur.
1011 1942 1095 2010 Nam
1120 1945 1158 2008 ut
1183 1939 1264 2010 dicit

120 2039 276 2114 Oratius:

220 2139 362 2234 „Neque
378 2138 481 2208 corda
495 2156 614 2208 sonrrm
628 2139 747 2231 reddit,
767 2158 867 2228 quem
882 2143 954 2212 vult
967 2159 1085 2211 manus
1104 2146 1138 2210 et
1157 2157 1262 2232 mens,

247 2240 473 2326 Poscenthue
493 2256 629 2324 gravem
648 2257 793 2328 persepe
810 2243 946 2310 remittit
964 2247 1107 2310 acutum.

244 2336 317 2410 Neo
335 2355 468 2427 semper
483 2335 580 2407 feriet
599 2338 824 2427 quodcunque
845 2340 1021 2409 minabitur
1040 2336 1178 2410 arcus“

117 2519 170 2588 Dc
199 2518 341 2587 transite
365 2519 584 2604 imperatoris.
1091 2519 1173 2605 Cap.
1198 2518 1262 2586 otii.

195 2631 296 2704 Anno
331 2632 456 2704 domini
480 2635 663 2704 mcccxiii.
688 2636 868 2724 imperator
887 2652 973 2704 onus
1005 2651 1066 2704 sue
1098 2633 1344 2723 molestiaene

120 2732 215 2821 quod
250 2739 316 2802 tam
341 2734 376 2800 in
401 2733 483 2802 urbe
513 2733 663 2823 pertulit,
691 2739 725 2803 et
749 2752 838 2802 nunc
864 2733 999 2804 cottidie
1026 2753 1046 2802 a
1072 2732 1263 2802 civitatibus

117 2831 324 2921 imminebat,
350 2833 385 2899 iu
402 2850 516 2919 regem
531 2831 710 2921 Rupertum
729 2838 939 2924 retorquens
966 2834 1090 2902 crimen
1108 2832 1174 2900 sibi
1189 2831 1262 2900 lese

117 2932 281 3020 imposuit
296 2932 490 3001 maiestatis.
511 2931 554 3000 Et
570 2934 648 3021 quia
663 2933 787 3001 iniuste
800 2933 1032 3021 possessionis
1050 2931 1146 3000 titulo
1164 2927 1263 3019 Apu-

116 3030 199 3100 liam
226 3035 261 3098 ct
287 3035 392 3099 terras
426 3031 508 3099 alias
534 3029 711 3121 possidere
738 3038 854 3100 contra
879 3033 1050 3121 imperium
1076 3029 1262 3120 videbatur,

116 3129 345 3218 peremptorie
372 3135 425 3198 est
452 3131 588 3220 citatus,
620 3137 654 3198 et
680 3129 756 3199 dum
783 3148 976 3220 comparere
1002 3134 1263 3220 contempneret,

116 3227 232 3298 bostis
267 3229 393 3316 imperii
423 3227 596 3301 iudicatur.
632 3230 731 3300 Extat
763 3247 865 3319 super
897 3230 963 3300 hoc
987 3231 1022 3298 iu
1048 3227 1264 3298 clementinis

118 3332 154 3396 et
183 3326 227 3395 de
254 3328 422 3395 sententia
448 3334 482 3396 et
507 3345 543 3398 re
569 3326 712 3397 iudicata
737 3328 838 3398 latius
865 3326 1078 3417 disputatum.
1119 3328 1162 3396 llt
1187 3326 1264 3396 dum

115 3425 322 3496 Florentinis
353 3425 495 3496 infestus
528 3433 638 3517 esset,
674 3433 790 3496 contra
823 3445 884 3496 eos
917 3444 1052 3516 quoque
1084 3427 1264 3496 exercitum

116 3524 270 3595 validum
287 3525 540 3617 conglobasset,
567 3532 601 3595 et
621 3527 722 3594 nichil
740 3526 929 3616 proficeret,
955 3526 1132 3616 Rupertum
1151 3542 1265 3610 regem

116 3624 294 3714 disposuit
315 3623 488 3695 invadere.
518 3627 622 3694 Totus
649 3628 815 3694 exercitus
837 3627 872 3693 in
891 3625 1041 3694 eiusdem
1058 3621 1180 3692 ardens
1199 3623 1264 3692 de·

115 3724 347 3795 vastationem
372 3725 563 3814 imperatori
589 3743 707 3795 versus
730 3725 857 3794 Lucani
885 3724 998 3792 dicere
1025 3721 1214 3792 videbatur:

223 3819 345 3912 „Quod
372 3828 438 3890 tam
462 3822 554 3892 lenta
579 3829 655 3892 tuas
683 3825 787 3892 tenuit
812 3825 973 3912 patientia
997 3823 1096 3910 vires,

249 3919 498 4009 Conquerimur.
532 3922 698 3992 Deeratne
725 3923 783 3991 tibi
810 3922 929 3991 fiducia
956 3920 1088 3989 nostri?

249 4019 335 4087 Dum
360 4026 473 4090 movet
499 4021 562 4088 bec
588 4021 717 4090 calidus
746 4023 904 4111 spirantia
921 4037 1062 4108 corpora
1088 4016 1240 4106 sanguis,

112 4117 115 4124 ‘
249 4117 291 4186 ut
316 4116 394 4187 dum
418 4121 486 4210 pila
512 4119 625 4188 valent
651 4119 755 4189 sortes
782 4125 937 4208 torquere
966 4117 1092 4207 lacerti,

250 4215 446 4288 Bellaudum
472 4225 542 4310 est,
568 4217 756 4308 inqrriunt.“
