3052 4878
450 235 566 284 nrconnr
587 239 631 284 rr.
654 236 796 286 nonnour.
818 237 952 285 nannum.
1196 211 1266 283 129

128 376 260 467 bantur,
288 393 353 464 quie
380 393 548 464 uunquam
575 374 729 467 eredidit,
757 376 818 445 sed
845 376 930 444 lalsa
956 392 1088 464 semper
1113 378 1206 471 dixit,
1233 386 1268 449 et
1282 400 1349 456 1312

129 475 220 563 quod
248 474 328 544 talia
352 476 606 544 inveniebantur
628 475 671 544 ad
696 475 919 544 induoendum
946 476 1104 564 populum
1118 485 1155 546 ut
1179 479 1266 549 laei-

125 573 192 643 lius
218 576 394 664 paenulam
421 576 584 662 solveret;
612 577 668 662 qui
694 577 758 643 iam
785 581 856 644 erat
882 576 930 643 sio
953 574 1017 642 illis
1039 573 1156 648 diebus
1183 599 1266 667 gra-

125 680 237 764 vatus
266 673 356 762 quod
372 691 434 762 pro
460 674 595 743 delectu
613 675 790 745 solutionis
811 675 924 764 plures
948 673 1067 743 domus
1091 683 1125 745 et
1143 697 1265 766 magno

125 775 284 842 continue
312 773 577 844 destruebantur.

204 873 246 941 Et
268 872 358 940 istud
378 874 488 941 sentio
506 891 577 974 ⁸ego
601 874 635 941 r'n
654 875 861 944 oousoientia
882 894 966 945 mea.
1006 876 1049 944 Et
1067 875 1133 943 boe
1154 879 1266 944 movet

126 988 191 1040 me.
231 969 311 1038 Cum
338 972 442 1039 semel
469 991 569 1040 unum
597 970 729 1041 tratrem
754 973 918 1043 Minorem
944 974 986 1043 de
1007 975 1173 1044 Florentia
1198 992 1265 1042 uu-

126 1074 196 1137 tum
216 1071 289 1137 misi
304 1070 347 1139 ud
366 1073 561 1161 episcopum
586 1072 821 1163 Florentinum,
849 1080 883 1141 et
902 1076 1013 1143 omnia
1031 1073 1180 1164 prediola
1203 1090 1264 1142 se-

128 1175 220 1237 erete
255 1169 317 1237 sub
347 1170 465 1238 litteris
499 1169 668 1240 oredentie
701 1171 856 1240 mandavi
883 1172 966 1264 sibi,
1000 1171 1091 1260 quod
1118 1171 1196 1240 talia
1221 1170 1264 1240 de

128 1285 171 1337 eo
198 1267 414 1360 dicebantur,
442 1275 475 1338 et
501 1269 591 1358 quod
626 1273 699 1359 ipse
735 1272 816 1340 talia
846 1272 1047 1358 generalitor
1073 1278 1107 1340 et
1131 1270 1265 1361 publice

126 1366 273 1436 dieendo
291 1371 414 1436 curiam
432 1368 613 1438 Romanam
631 1376 732 1439 totum
751 1370 950 1463 diffamabat,
976 1389 1039 1439 vos
1063 1376 1172 1439 autem
1193 1389 1264 1438 me-

123 1467 189 1536 rito
217 1472 332 1536 eontra
358 1485 432 1536 enm
458 1468 582 1536 turbari
609 1468 787 1560 deberetis,
815 1471 872 1557 qui
899 1472 946 1538 eis
964 1476 998 1538 et
1015 1468 1168 1538 omnibus
1190 1469 1263 1537 aliis

123 1565 315 1634 civitatibus
332 1574 462 1636 vestras
481 1568 608 1636 litteras
627 1569 793 1637 miseratis
811 1568 901 1655 quod
916 1569 1102 1658 obedirent,
1122 1575 1155 1636 et
1172 1568 1264 1655 quod

124 1666 416 1748 sunotitativestre
434 1685 499 1754 ego
515 1667 665 1755 prediola
683 1667 965 1753 significaveram:
980 1674 1127 1757 tuneper
1141 1666 1265 1735 dietum

124 1762 258 1833 fratrem
275 1765 439 1834 Minorem
457 1765 535 1833 mibi
552 1766 731 1856 mandavit,
760 1765 850 1854 quod
869 1784 1039 1854 nunquam
1053 1787 1072 1834 a
1086 1766 1182 1834 vobis
1200 1784 1265 1834 neo

124 1862 298 1951 abaliquo
319 1864 480 1934 cardinali
499 1865 624 1953 aliquid
642 1865 683 1934 de
706 1865 896 1933 huiusmodi
920 1867 1058 1935 materia
1075 1865 1214 1933 haberet
1229 1867 1264 1934 in

124 1962 303 2053 mandatis,
331 1982 394 2032 nee
418 1983 478 2054 pro
507 1982 570 2032 neo
598 1971 714 2033 eontra
738 1967 773 2032 in
800 1965 889 2034 dieto
916 1967 1061 2034 oonsilio
1089 1964 1196 2033 fuerat
1220 1964 1263 2033 ab

122 2061 236 2149 aliquo
263 2067 476 2151 attentatum3
503 2064 606 2132 multa
633 2070 725 2132 erant
752 2065 826 2154 alia,
855 2066 942 2132 oiroa
968 2083 1033 2152 que
1061 2069 1132 2132 erat
1157 2082 1263 2132 ooou-

122 2166 225 2250 patus
245 2162 319 2229 sine
345 2163 418 2231 istis
429 2185 438 2250 5
467 2162 637 2231 subiunxit
653 2169 774 2253 postea
792 2163 883 2250 quod
900 2165 973 2253 ipse
992 2170 1061 2232 erat
1080 2163 1261 2253 Guolpbus,

124 2259 229 2328 etde
256 2261 416 2349 Guelpbis
443 2268 553 2352 natus,
581 2269 614 2330 et
638 2281 698 2352 per
724 2281 784 2331 eos
811 2269 1001 2353 promotus,
1028 2262 1117 2330 unde
1145 2263 1174 2331 si
1202 2280 1261 2330 eos

123 2358 303 2450 diligebat,
339 2378 407 2428 non
442 2360 603 2429 debebam
639 2361 805 2449 admirari3
840 2362 1088 2451 qniaseiebat,
1117 2360 1263 2448 quodsi

123 2457 300 2526 Guebetini
327 2466 571 2528 reverterentur
598 2465 631 2528 et
655 2466 806 2550 possent,
835 2460 925 2548 qrrod
951 2463 1058 2549 ipsum
1080 2465 1114 2527 et
1129 2459 1263 2527 domum

123 2574 220 2626 suam
247 2556 467 2628 destruerent
510 2558 659 2627 Predieta
687 2578 752 2646 ego
779 2561 877 2627 rutuli
896 2558 1042 2649 domino,
1070 2560 1126 2644 qui
1148 2558 1262 2626 liben-

125 2662 179 2725 ter
203 2655 348 2748 audivit,
375 2665 409 2726 et
433 2659 538 2727 voluit
569 2658 660 2746 quod
685 2661 751 2727 ista
776 2659 1041 2749 publioarentur,
1068 2674 1112 2724 ne
1138 2656 1261 2726 talibus

122 2754 306 2824 mendaciis
335 2756 518 2826 eraderent.

119 2958 198 3022 runt
223 2954 267 3022 ad
294 2954 526 3048 obedientiam,
555 2962 589 3024 et
613 2957 834 3044 personaliter
860 2957 895 3023 in
920 2957 1068 3023 exercitu
1095 2959 1199 3044 erant,
1227 2959 1261 3022 et

120 3054 279 3122 victualia
313 3053 539 3145 addneebant,
574 3061 608 3123 et
632 3055 708 3144 plus
742 3053 867 3123 iudioio
902 3072 977 3123 meo
1010 3057 1125 3123 timore
1161 3072 1261 3140 quum

121 3169 256 3243 amore,
291 3153 380 3221 siout
410 3159 531 3242 postea
565 3155 718 3244 apparuit
749 3172 809 3243 per
841 3154 1012 3243 etleotum,
1046 3155 1121 3240 quia
1150 3155 1259 3220 statim

121 3251 214 3338 quod
234 3253 400 3321 exereitus
418 3253 479 3321 luit
500 3254 541 3322 ab
563 3256 612 3321 eis
639 3253 829 3343 elongatus,
856 3252 970 3342 plures
991 3269 1033 3321 ex
1057 3254 1105 3320 eis
1132 3254 1260 3322 reversi

121 3355 203 3419 sunt
228 3350 271 3419 ad
298 3350 522 3423 obedientiam
547 3353 822 3421 Florentinorum.

183 3449 244 3517 llis
264 3449 383 3518 diebus
395 3450 547 3520 dominus
562 3453 741 3541 imperator
756 3449 848 3519 dedit
862 3451 972 3519 obmiti
992 3449 1158 3518 Sabundio
1176 3451 1258 3517 eivi-

119 3553 223 3616 tatem
239 3546 420 3618 Astensem
438 3569 512 3619 oum
532 3553 697 3642 comitatu,
718 3555 752 3618 et
767 3551 875 3618 omnia
894 3569 957 3618 sua
970 3550 1144 3639 privilegia
1160 3549 1257 3616 asnis

120 3646 425 3735 predeoessoribus
442 3650 569 3719 sibivel
580 3651 650 3718 suis
664 3649 751 3740 data,
763 3651 834 3717 sive
854 3654 970 3717 essent
986 3665 1086 3734 reges
1104 3649 1176 3716 sive
1191 3648 1258 3715 im-

119 3753 307 3837 peratores,
335 3748 557 3836 eonlirmavit;
586 3755 619 3817 et
642 3749 722 3817 teeit
740 3767 814 3817 eum
836 3749 1019 3838 prinoipem
1037 3746 1078 3814 de
1096 3763 1196 3835 novo,
1225 3749 1259 3812 et

121 3846 321 3934 approbavit
343 3849 546 3934 quitationes
574 3866 657 3936 quas
679 3848 830 3916 leoerunt
853 3853 994 3937 nepotes
1017 3847 1079 3934 sui,
1107 3849 1139 3911 et
1160 3848 1260 3932 paeta

116 3944 209 4012 iuter
226 3946 321 4034 ipsos
334 3946 549 4037 confirmavit,
561 3954 594 4015 et
613 3948 757 4016 siminus
776 3949 945 4035 iusteipse
963 3947 1091 4013 ratione
1105 3960 1259 4030 anaenn-

117 4061 189 4131 que
205 4046 394 4112 comitatum
408 4046 609 4137 possideret,
637 4046 843 4116 confirmauit
857 4052 891 4114 et
906 4044 948 4113 de
964 4061 1053 4112 novo
1067 4042 1214 4111 donarit.

198 4141 234 4209 ln
261 4141 381 4212 eodem
411 4146 510 4213 etiam
537 4146 613 4214 loeo
642 4145 733 4214 dedit
765 4145 898 4214 domino
931 4142 1077 4212 Roberto
1105 4140 1259 4210 Flandrie

116 4239 242 4310 Casale
268 4243 301 4310 in
328 4241 529 4312 anbardia
554 4246 588 4312 in
615 4243 748 4312 feodum
775 4250 808 4313 et
826 4261 933 4331 usque
950 4242 992 4311 ad
1007 4243 1153 4311 valorem
1170 4259 1258 4328 qua-

155 4364 292 4406 uosnnnn
310 4367 413 4409 nonnus
428 4365 452 4409 1.
1044 4353 1062 4407 9
