3028 4878
456 189 603 237 rounmms
624 191 835 239 meromrnsrs.
870 191 895 257 6,
914 193 937 243 5.
1188 165 1259 231 425

124 326 175 394 De
207 330 335 394 comato
367 346 428 413 pne
459 331 635 414 apparuit,
670 331 712 397 de
735 329 902 411 attrabata
928 335 962 399 et
983 331 1097 414 Anam
1130 329 1263 412 filiabus
1277 341 1344 396 1336

221 428 310 512 repta
334 428 499 495 hilderici.
1125 431 1206 515 Cap.
1232 445 1261 497 o.

197 554 296 626 Arrno
324 559 447 628 domini
470 561 705 629 m.ooc.xxx.vi.
732 560 940 649 supradicto
963 562 1037 628 visa
1060 565 1111 629 est
1132 567 1262 630 cometa

123 667 183 745 per
209 662 276 725 tres
304 676 438 726 menses
466 657 665 747 etamplius
693 666 881 747 atempore
911 661 991 727 iunii
1019 666 1123 727 tractu
1155 659 1260 729 cauda

122 755 322 842 longissime
337 756 563 848 resplendere,
582 775 678 843 quam
697 757 813 825 dicunt
829 759 990 845 astrologi
1006 759 1138 844 signum
1153 777 1262 827 even-

124 859 214 922 tuum
241 856 497 923 lamentabilium
527 873 621 945 esse,
658 861 690 924 et
717 859 766 924 sic
792 856 910 924 dictam
939 856 1120 925 secundum
1148 857 1262 926 Isido-

123 972 209 1044 rum,
238 954 328 1042 quod
355 973 468 1023 comas
495 955 627 1022 luminis
663 954 704 1023 de
732 973 770 1024 se
797 955 931 1046 tundat,
960 961 992 1023 et
1018 955 1127 1023 addit:
1159 956 1262 1048 „dum

122 1051 188 1120 boc
221 1071 329 1138 genus
365 1055 553 1142 apparuerit
581 1053 701 1122 sideris
728 1060 785 1122 aut
810 1054 1034 1143 pestilentiam
1060 1055 1117 1122 'aut
1144 1054 1262 1123 samem

122 1157 181 1220 aut
206 1151 294 1220 bella
321 1149 523 1239 significat.“
554 1151 690 1221 Cometa
715 1153 818 1221 latine
846 1153 997 1221 dicuntur
1024 1155 1156 1245 crinite,
1184 1155 1263 1241 quia

120 1251 152 1316 in
182 1250 314 1320 modum
342 1253 477 1328 crinium
504 1243 653 1319 llammas
681 1257 853 1340 spargunt.
888 1248 962 1321 Non
979 1255 1064 1320 enim
1083 1259 1135 1320 est
1154 1253 1261 1344 stella,

120 1354 156 1417 ut
182 1351 215 1416 in
250 1349 464 1419 Naturalibus
497 1350 671 1440 scribitur,
705 1353 784 1437 quia
818 1369 885 1419 non
918 1353 1030 1418 estin
1058 1350 1261 1420 irrmamento

121 1466 196 1515 cum
216 1451 335 1516 ceteris
357 1449 474 1539 stelliS,
501 1466 611 1536 neque
638 1455 739 1538 motu,
767 1468 878 1537 neque
905 1451 988 1537 situ,
1017 1449 1079 1517 sed
1102 1457 1154 1518 est
1172 1451 1260 1538 ignis

121 1547 393 1632 conglomeratus
421 1554 454 1616 et
480 1565 643 1615 accensus
669 1549 703 1615 in
731 1566 818 1639 aere,
847 1547 1107 1634 adsignandum
1135 1547 1261 1636 aliquid

120 1652 323 1737 appennine,
350 1649 437 1715 siout
464 1639 678 1734 consequens
705 1665 900 1733 magnorum
927 1651 960 1715 et
987 1648 1125 1715 tristium
1152 1665 1260 1715 even-

118 1752 212 1813 tuum
241 1747 444 1834 experientia
471 1745 707 1834 comprobavit.

195 1841 269 1912 Hoc
286 1863 373 1913 anno
390 1844 495 1932 pridie
518 1844 582 1912 kal.
600 1845 746 1912 octobris
767 1863 809 1913 ex
827 1844 890 1911 hac
905 1845 974 1913 vita
996 1839 1169 1930 migravit¹
1186 1843 1258 1911 Ka·
1270 1865 1343 1906 saar.

118 1943 250 2011 therina
265 1942 429 2032 Leupoldi
453 1943 546 2011 ducis
562 1943 687 2033 relicta,
715 1945 799 2011 etin
818 1941 1069 2033 Campo-Regis
1090 1943 1260 2032 sepelitur.
1293 1919 1327 1974 3⁰

196 2039 270 2110 Hoc
293 2049 439 2132 tempore
462 2042 688 2110 infirmabatur
705 2043 904 2137 gravissima
920 2043 1115 2133 infirmitate,
1143 2047 1261 2130 quaet

119 2148 252 2210 mortua
280 2147 349 2232 est,
376 2140 532 2209 Friderici
559 2143 649 2228 regis
677 2143 743 2210 blla
769 2141 950 2210 Elizabetb.
987 2141 1058 2222 Que
1087 2140 1162 2208 dum
1190 2141 1262 2227 regi

119 2241 239 2309 Servio
274 2239 439 2308 diceretur
473 2240 678 2330 copulanda,
705 2243 739 2308 in
770 2246 896 2308 tantum
925 2240 1094 2308 abborruit
1119 2240 1262 2308 hominis

118 2341 300 2408 scismatici
328 2339 424 2407 sudem
453 2357 637 2428 erroneam,
664 2345 701 2406 ut
726 2338 942 2426 quottidianis
965 2339 1141 2424 gemitibus
1165 2337 1262 2406 deum

117 2444 292 2528 exoraret,
320 2440 453 2506 ieiuniis
481 2456 602 2527 corpus
630 2435 811 2528 alligaret,
851 2457 944 2506 suam
971 2455 1102 2526 semper
1129 2436 1262 2504 domino

116 2536 313 2626 pudicitiam
338 2543 371 2605 et
392 2542 528 2604 mortem
556 2538 667 2626 potiu's
696 2554 793 2622 quam
819 2543 955 2624 nuptum
982 2534 1171 2604 huiusmodi
1199 2553 1263 2603 cx-

115 2707 181 2760 rieis
200 2705 387 2774 dependebant
404 2721 452 2777 per
469 2712 549 2762 totam
566 2708 637 2762 illam
654 2707 794 2771 manicam
814 2706 858 2760 alii
877 2705 997 2758 laminam
1015 2706 1048 2759 de
1073 2705 1159 2759 alieno
1177 2716 1262 2772 panno

115 2789 176 2828 eum
201 2775 295 2828 litteris
320 2777 450 2841 argenteis
473 2777 516 2829 vel
542 2777 632 2830 sericis
656 2776 682 2828 in
704 2779 810 2844 pectore
838 2773 1008 2839 deferebant3
1033 2772 1076 2826 alii
1100 2775 1128 2826 in
1156 2774 1264 2825 sinistra

115 2849 193 2911 parte
218 2845 332 2910 pectoris
355 2845 482 2911 imagines
507 2843 671 2909 deserebant3
696 2843 740 2896 alii
764 2843 869 2894 circulis
892 2842 1000 2896 sericeis
1019 2843 1088 2894 circa
1105 2845 1197 2909 peetus
1214 2852 1263 2908 per

115 2917 199 2964 totum
224 2925 254 2963 se
279 2911 522 2980 circumcingebant.
557 2913 585 2965 lu
604 2917 703 2966 tantum
727 2912 802 2963 etiarn
826 2909 945 2963 artabant
968 2910 1024 2962 lere
1043 2922 1134 2961 ornnes
1153 2910 1263 2973 tunicas,

115 2986 145 3033 ut
164 2981 246 3046 aliqui
270 2982 319 3033 nisi
341 2993 389 3049 per
417 2980 570 3034 adiutorium
596 2981 717 3047 aliorum,
741 2979 822 3046 aliqui
845 2993 893 3047 per
918 2979 1043 3040 nodulos,
1061 2989 1109 3046 per
1127 2975 1229 3030 brachia
1248 2990 1263 3028 a

115 3047 241 3101 manibus
259 3062 339 3116 usque
359 3048 390 3101 ad
408 3049 539 3112 humeros,
560 3053 585 3102 et
603 3062 651 3117 per
668 3054 767 3115 pectus,
786 3053 811 3099 et
829 3061 876 3114 per
894 3051 974 3099 totum
997 3051 1116 3098 ventrem
1133 3045 1262 3098 inheren-

114 3121 157 3169 tes
176 3119 280 3168 tunicas
303 3116 405 3182 ingredi
429 3117 472 3168 vel
498 3119 588 3182 egredi
611 3117 755 3170 valuerunt.
791 3113 955 3182 Amplrabant
980 3115 1057 3168 etiam
1076 3120 1138 3167 tunc
1155 3114 1262 3180 capiate,

77 3195 102 3232 Q
114 3183 143 3236 id
163 3190 205 3238 est
223 3183 349 3238 foramina
366 3198 413 3253 per
432 3198 481 3252 que
507 3190 583 3254 caput
600 3189 699 3238 vestem
718 3185 864 3250 egreditur.
888 3187 916 3236 ut
932 3184 959 3236 in
978 3180 1121 3235 bominibus
1138 3183 1195 3233 istis
1212 3180 1263 3232 bu·

114 3254 190 3318 meri,
210 3254 334 3319 scapula,
352 3257 460 3321 pectora
484 3254 510 3306 in
538 3253 647 3306 maxima
665 3258 738 3320 parte
761 3254 924 3319 apparerent.
961 3250 1031 3303 'lunc
1050 3252 1126 3302 etiam
1145 3248 1177 3301 de
1196 3248 1263 3302 alie-

115 3322 159 3373 nis
177 3322 272 3388 pannis
290 3319 485 3388 magnificabant
510 3320 622 3374 fimbrias
646 3322 803 3384 tunicarum,
823 3316 1008 3384 mutuabant,
1027 3321 1054 3369 ut
1074 3318 1204 3384 quondam
1222 3314 1263 3368 la-

114 3390 169 3442 tuis
188 3387 366 3454 contingebat.
403 3389 535 3442 Interdum
558 3390 686 3442 incisuras
710 3388 736 3439 in
764 3386 858 3440 finibus
876 3389 988 3440 vestium
1006 3385 1151 3447 iaciebant,
1171 3389 1196 3437 et
1215 3396 1263 3452 pro

113 3455 224 3509 fimbriis
242 3455 385 3524 portabant.
422 3456 542 3526 Capuciis
562 3463 639 3511 ettam
657 3469 746 3509 omnes
764 3457 918 3523 inceperunt
935 3460 978 3522 utr,
997 3458 1048 3506 tam
1062 3454 1161 3520 rustici,
1182 3451 1262 3516 iudei,

113 3529 246 3593 pastores.
285 3523 403 3578 (lassarit
422 3529 577 3579 etiamtunc
595 3539 656 3578 usus
675 3526 804 3576 mitrarum
821 3523 940 3586 viridum,
958 3535 1078 3591 perquas
1094 3522 1164 3572 inter
1182 3520 1263 3573 laicos

113 3594 206 3661 piures
225 3592 384 3646 Christianus
403 3594 594 3660 agnoscebatur
612 3609 625 3646 a
644 3593 730 3646 ludeo.
766 3591 804 3643 De
823 3605 897 3644 coma
916 3592 994 3642 etiam
1009 3590 1051 3642 vel
1068 3588 1146 3642 valde
1164 3601 1263 3657 parum,

113 3663 160 3716 uel
180 3662 286 3714 omnino
310 3666 337 3715 ut
362 3662 450 3728 iudei,
471 3663 511 3715 nel
530 3661 625 3726 Ungari
651 3675 750 3714 romam
770 3658 927 3712 dividebant.
963 3657 1087 3724 Cingulos
1107 3657 1183 3710 ctiam
1203 3670 1263 3708 mu-

114 3729 214 3784 tabant.
250 3729 313 3782 Nam
332 3731 373 3782 vel
392 3743 493 3796 zonam,
512 3731 554 3782 vel
573 3731 612 3784 sic
630 3729 815 3781 munitissimas
832 3727 955 3792 corrigias
970 3725 1132 3791 deserebant,
1152 3723 1263 3777 etvalde

111 3796 263 3866 profunde,
288 3799 413 3852 videlieet
435 3799 485 3851 nisi
514 3811 591 3865 super
617 3797 714 3850 bracile
738 3794 896 3849 deferebant.
933 3793 1006 3848 'lurrc
1032 3794 1108 3847 etiam
1132 3794 1210 3860 pallia
1236 3792 1263 3844 in

114 3871 218 3920 tantum
243 3865 385 3934 curtabant,
410 3865 478 3933 quod
504 3865 630 3932 aliquibus
654 3867 698 3918 vix
724 3868 869 3934 posteriora
886 3861 1031 3928 tangebant.
1070 3860 1167 3939 incepit
1187 3861 1264 3938 etiam
1339 3874 1340 3878 ¹

112 3936 140 3988 in
163 3935 258 3986 sericis
278 3940 337 3987 tunc
355 3937 466 3988 varietas
485 3949 498 3986 a
518 3934 619 3986 famulis
644 3938 669 3986 ct
692 3932 829 3986 clientibus
857 3945 912 3996 usa,
946 3935 1037 3982 contra
1060 3927 1168 3981 miiitum
1196 3929 1263 3980 antr-

113 4017 195 4070 quam
213 4001 438 4057 consuetudinem.
473 4001 502 4054 ln
522 4001 699 4070 superioribus
717 4002 812 4055 tunicis
830 3999 906 4052 etiarn
924 3997 1075 4052 acurtabant
1095 3997 1218 4056 manicas,
1236 4000 1264 4048 nt

112 4083 196 4140 super
214 4068 317 4124 brachia
335 4073 379 4124 vix
397 4071 429 4124 ad
449 4069 563 4124 cubitum
582 4069 757 4138 attingebant;
785 4067 832 4122 sub
850 4065 936 4122 cubito
954 4080 1017 4121 uero
1036 4065 1140 4132 longum
1159 4062 1219 4131 quid
1235 4067 1264 4117 ut

112 4139 245 4192 vexillum
261 4138 435 4206 dependebat.

151 4210 184 4273 l]
203 4210 324 4279 migrarit
342 4213 376 4266 ist
393 4225 445 4264 ron
463 4210 512 4263 mir
530 4208 596 4263 nacb
614 4207 715 4264 Pezens
734 4207 869 4273 vorscblag
888 4205 1002 4274 ergiinzt.
