3052 4878
377 308 378 311 ,
435 278 550 324 nrcourr
571 279 614 324 rr.
638 279 777 325 cornum.
799 279 933 326 haramo.
1203 254 1250 318 77

116 417 250 484 clamari
276 413 413 504 laceret,
441 415 532 501 quod
559 433 674 485 omnes
701 417 765 486 sibi
792 416 965 486 obviarent
988 425 1022 486 et
1043 419 1250 509 sine'armis,
1270 433 1337 488 rere

115 520 256 603 excepta
292 513 414 581 iamilia
439 516 642 584 marescalci.
693 515 786 584 'lunc
812 516 965 584 omnibus
997 519 1066 586 suis
1091 520 1251 608 precepit,

115 614 207 700 quod
226 632 315 681 arma
335 614 533 700 acciperent.
558 615 600 682 Et
622 615 671 682 sic
689 615 867 706 festinavit,
895 615 985 703 quod
1003 615 1111 684 dictus
1131 615 1251 702 (luido,

115 715 174 800 qui
201 713 264 780 sibi
292 711 448 781 obviabat
474 714 547 780 sine
574 715 682 804 armis,
710 732 778 783 non
804 714 891 782 hene
916 733 1101 803 perunum
1127 717 1251 783 miliare

114 814 224 900 potuit
257 812 320 879 sihi
353 811 506 901 obviare,
541 813 587 879 ita
618 813 683 882 cito
718 814 843 881 civitati
873 815 1151 902 appropinquavit
1177 833 1251 882 cum
1274 843 1333 884 nac.

111 913 226 1000 pueris
253 917 288 978 et
312 910 434 977 familia
459 910 602 979 decenti.
1285 898 1319 951 23

188 1010 426 1078 intimaverunt
445 1015 554 1076 autem
580 1010 744 1098 aliquibus
766 1009 808 1078 de
835 1012 976 1080 consilio
993 1013 1083 1098 regis
1103 1010 1248 1102 quidam,

109 1108 204 1196 quod
229 1126 298 1177 non
325 1108 479 1176 obstante
505 1109 766 1196 proclamatione
792 1111 993 1200 marescalci,
1022 1110 1112 1198 quod
1137 1111 1248 1178 nullus

110 1226 204 1275 arma
228 1214 375 1296 portaret
401 1207 637 1297 stipendiarius
663 1209 717 1276 vel
744 1211 825 1277 civis
852 1209 914 1277 sub
940 1227 1028 1296 pena
1055 1211 1159 1299 gravi,
1188 1208 1250 1278 sed

110 1324 232 1376 omnes
260 1309 331 1392 regi
358 1307 532 1375 obviarent
559 1309 630 1375 sine
654 1309 753 1376 armis
780 1309 814 1375 in
833 1308 1077 1396 sollempnitate
1096 1327 1162 1396 qua
1184 1309 1249 1377 de-

109 1411 224 1495 ceret,
260 1405 351 1493 quod
376 1407 411 1473 in
436 1423 503 1473 uua
536 1406 648 1493 platea
680 1407 808 1474 illorum
841 1405 883 1474 de
918 1408 1012 1475 Turri
1044 1410 1189 1494 equitum
1217 1415 1250 1476 et

107 1504 259 1594 peditum
287 1504 355 1572 iere
383 1503 498 1571 decem
524 1507 624 1574 millia
650 1508 764 1572 armati
790 1504 932 1596 fuerunt,
961 1512 994 1573 et
1016 1505 1061 1573 ibi
1082 1506 1248 1597 dicebant,
1354 1549 1359 1558 ·

109 1603 204 1692 quod
238 1621 306 1672 non
342 1610 413 1671 erat
444 1608 560 1672 contra
593 1623 707 1690 regem
742 1603 802 1672 sed
833 1611 949 1672 contra
976 1622 1056 1673 suos
1083 1607 1248 1694 inimicos,

108 1702 269 1771 videlicet
302 1702 587 1791 archiepiscopum
615 1710 648 1770 et
681 1703 800 1771 iratres
832 1720 932 1793 suoS,
961 1703 1128 1771 dominum
1154 1703 1249 1770 Mat-

108 1803 224 1870 theum
256 1801 492 1870 Vicecomitem
518 1809 551 1869 ct
577 1821 657 1870 suos
692 1820 868 1888 sequaces.
920 1803 1057 1891 Propter
1092 1801 1183 1890 quod
1214 1805 1250 1871 in

109 1903 238 1989 campis
265 1899 325 1968 fuit
351 1900 556 1991 ordinatum,
593 1901 683 1988 quod
709 1901 862 1970 intrando
890 1902 1053 1970 civitatem
1079 1900 1250 1971 Mediola-

106 2018 253 2068 nensem
287 1999 398 2068 nullus
433 2001 494 2066 iret
521 1998 563 2067 ad
592 2000 770 2088 hospitium
798 2001 860 2068 suh
886 2018 975 2089 pena
1001 2003 1111 2091 gravi,
1139 2001 1249 2068 nullus

105 2105 285 2188 separaret
300 2116 338 2166 se
359 2099 399 2166 ab
419 2099 495 2188 alio,
522 2099 631 2166 donec
656 2099 823 2167 dominum
845 2117 961 2185 regem
984 2101 1016 2166 in
1039 2117 1113 2167 suo,
1127 2099 1249 2187 hospi-

106 2201 153 2267 tio
177 2199 384 2286 posuissent,
408 2204 442 2265 et
458 2199 623 2266 licentiam
645 2198 807 2265 haberent
826 2197 1005 2266 recedendi
1027 2198 1070 2266 ad
1092 2198 1248 2287 hospitia

105 2299 148 2366 lit
174 2297 242 2365 hoc
267 2295 328 2364 luit
354 2297 568 2365 Theotoniois
596 2299 845 2388 gravissimum,
873 2299 950 2385 quia
977 2297 1070 2365 tarde
1099 2304 1187 2386 erat,
1216 2302 1249 2365 et

106 2396 299 2484 hospitium*
317 2414 385 2464 non
411 2395 581 2463 habebant
604 2397 735 2485 plureS,
763 2415 826 2465 nec
854 2396 973 2483 aliquis
1000 2402 1071 2464 erat
1097 2413 1248 2464 securus.

105 2495 144 2563 In
178 2495 328 2583 hospitio
360 2495 603 2583 archiepiscopi
639 2494 815 2563 descendit
847 2513 922 2584 ren,
951 2499 985 2562 et
1017 2494 1062 2561 ibi
1096 2493 1155 2562 iuit
1188 2513 1249 2582 per

104 2595 222 2684 plures
260 2593 349 2684 dies,
384 2592 494 2662 donec
528 2593 683 2663 dominus
720 2593 828 2662 Guido
861 2591 973 2661 induci
1006 2594 1128 2681 potuit,
1157 2591 1248 2679 quod

104 2694 267 2782 palatium
295 2695 478 2760 communis
505 2691 691 2762 dimitteret.
717 2693 768 2760 De
794 2693 859 2760 hoc
880 2692 970 2759 multi
995 2692 1097 2758 multa
1122 2691 1247 2778 loque-

104 2792 227 2860 bantur
254 2798 372 2859 contra
398 2810 522 2881 regem,
549 2792 641 2880 quod
667 2793 745 2860 talia
770 2798 902 2881 poterat
928 2792 1104 2859 sustinere.

185 2890 363 2959 Celebrate
398 2891 443 2958 ibi
475 2891 690 2979 solempniter
723 2891 777 2959 die
803 2891 984 2958 nativitatis
1013 2889 1136 2958 domini
1162 2887 1246 2958 lesu
1266 2918 1328 2962 nra.

105 2987 247 3079 Christi,
285 2992 320 3058 in
354 2991 533 3057 crastinum
569 2990 645 3058 lecit
678 3008 797 3079 pacem
829 2991 914 3057 inter
941 2988 1109 3057 dominum
1137 2989 1246 3056 archi·
1279 2973 1313 3028 ²⁵

105 3091 316 3178 episcopum,
344 3087 460 3156 iratres
488 3106 579 3180 suos,
607 3089 776 3157 dominum
802 3088 984 3157 Mattheum
1009 3088 1246 3156 vicecomitem

104 3187 289 3278 predictoS,
318 3193 352 3255 et
377 3187 542 3256 dominum
570 3187 765 3256 (luidonem.
792 3188 829 3254 ln
843 3187 1014 3276 presentia
1031 3188 1083 3254 sui
1102 3193 1135 3254 et
1155 3187 1246 3254 mul-

104 3293 216 3355 torum
243 3305 280 3356 se
307 3288 450 3354 invicem
470 3292 547 3354 sunt
569 3286 793 3377 amicabiliter,
820 3289 943 3354 utinam
961 3285 1111 3375 fideliter,
1140 3304 1246 3355 oscu-

104 3385 177 3454 lati.
218 3385 290 3454 Cito
317 3391 415 3475 post,
443 3387 559 3453 nescio
587 3392 668 3473 quot
694 3385 831 3476 diebus,
858 3385 920 3454 sed
947 3387 1017 3452 scio
1045 3383 1135 3471 quod
1161 3384 1246 3453 inira

104 3491 246 3553 octavas
274 3485 454 3552 nativitatis
482 3483 612 3574 Christi,
640 3487 673 3552 in
691 3485 804 3572 platea
820 3486 984 3552 communi
1000 3490 1076 3552 ante
1094 3490 1245 3553 sanctum

104 3580 330 3673 Ambrosium,
358 3589 475 3672 parata
501 3583 582 3651 sede
614 3584 755 3674 decenti,
781 3586 909 3652 vocatis
937 3583 1089 3652 omnihus
1117 3581 1244 3650 civibus

104 3689 139 3777 et
174 3680 386 3772 forensibus,
412 3683 486 3770 ipse
519 3681 662 3750 insede
697 3669 802 3769 regali
836 3682 978 3773 sedem,
1012 3687 1046 3749 et
1071 3679 1113 3747 ad
1138 3678 1244 3769 pedes

103 3798 190 3849 suos
216 3781 387 3870 predictos
414 3783 512 3849 simul
546 3782 693 3872 hahens,
727 3799 814 3850 unus
840 3782 1049 3872 iurisperitus
1076 3778 1118 3846 de
1145 3796 1244 3846 man-

105 3878 191 3947 dato
224 3897 286 3948 suo
322 3882 483 3971 surrexit,
512 3880 695 3949 ostendens
729 3881 876 3970 populo,
904 3897 1006 3968 quare
1037 3883 1175 3945 venerat
1201 3875 1243 3945 de

106 3981 181 4045 suis
214 3980 362 4066 partibus
399 3981 481 4048 satis
514 3978 649 4070 pulcre,
687 3985 721 4047 et
754 3979 922 4068 quomodo
955 3995 1016 4048 sue
1048 3977 1243 4045 intentionis

107 4082 193 4166 erat,
220 4078 342 4146 nullam
368 4085 495 4167 partem
522 4084 646 4168 tenere,
673 4078 796 4166 ubique
821 4095 946 4166 ponere
971 4091 1098 4165 paoem,
1126 4093 1244 4144 omnes

105 4173 272 4263 expulsos
306 4178 534 4268 introducere,
575 4184 608 4244 et
641 4179 720 4245 talia
754 4178 863 4268 plura,
902 4194 966 4263 que
998 4174 1143 4264 populus
1171 4194 1244 4244 cum

104 4277 244 4360 magnis
270 4276 423 4364 lacrymis
448 4295 506 4366 pre
534 4276 658 4362 gaudio
686 4273 852 4365 audiebat,
880 4274 995 4344 dicens
1016 4274 1148 4343 laudem
1169 4274 1243 4342 Deo
