3044 4882
288 198 360 270 ΜΟ
610 218 1158 291 mmmmmmfflnb'

207 376 274 432 teta
289 366 453 456 tenstain,
487 364 645 434 Heinrioo
678 364 721 434 de
754 364 891 455 Walse,
926 363 1054 432 olerieis
1082 367 1116 432 et
1145 362 1239 431 laiois
1265 362 1419 451 personis

286 464 548 556 honorabilibus,
567 467 601 532 in
618 461 850 554 Arroganiam,
868 463 1014 532 Diotrioo
1034 462 1076 531 de
1095 460 1280 531 Wussowe
1303 467 1421 549 postea
1504 469 1505 518 t

291 565 452 654 episeopo
470 563 657 654 Larentin,
691 564 810 632 eximio
838 563 974 632 dootore
1002 561 1223 651 decretorum,
1249 577 1359 646 usque
1385 557 1423 628 ad

290 664 414 732 auriam
447 664 643 752 eomitante,
669 680 729 751 pro
761 661 828 730 blla
852 663 942 747 regis
976 667 1046 748 que·
1066 659 1155 729 diota
1181 665 1233 728 est
1257 657 1426 728 Elizabetb

287 762 474 832 destinavit
515 759 587 841 Que
613 759 673 828 luit
697 762 874 830 iuvenoula
905 761 1064 849 speoiosa
1089 763 1123 832 et
1148 759 1248 828 bonis
1274 756 1419 826 moribus
1504 761 1505 836 l

287 862 454 950 denerata,
481 866 597 949 utputa
621 859 702 928 olari
727 861 913 950 sanguinis,
941 876 1040 946 quem
1064 856 1153 926 lama
1170 855 1420 947 pulchritudinis

287 967 322 1030 et.
345 961 476 1029 virtutis
510 963 653 1027 traxerat
684 959 718 1026 in
747 976 893 1027 amorem
918 958 1002 1027 eius
1042 955 1148 1038 Quam
1175 962 1312 1025 ooontra
1338 956 1419 1024 visio

287 1058 458 1130 ouiusdam
485 1058 626 1146 sompnii
643 1062 681 1126 ut
706 1056 826 1152 dicitnr
850 1055 1049 1146 informavit,
1076 1055 1168 1144 quod
1193 1056 1284 1140 regis
1313 1054 1420 1144 lilium,

288 1158 407 1228 duoem
432 1158 562 1226 soilioet
587 1153 732 1248 Austrie,
758 1162 853 1225 esset
872 1158 907 1224 in
925 1156 1082 1242 coniugio
1109 1155 1277 1223 sortitura.
1303 1154 1347 1222 Et
1360 1171 1421 1222 ve-

286 1255 455 1326 nientibus
490 1256 615 1323 nuntiis
642 1261 707 1324 tam
734 1255 975 1345 sollempnibus
1001 1271 1062 1342 pro
1089 1259 1282 1343 eontraotu,
1309 1253 1423 1320 ituram

288 1374 362 1425 oum
382 1357 430 1423 eis
448 1354 594 1423 hilariter
611 1371 649 1422 se
668 1355 828 1442 promisit.
865 1352 970 1434 Quam
988 1358 1084 1442 pater
1097 1351 1313 1441 expeditione
1339 1351 1423 1420 mul-

219 1453 222 1464 '
286 1459 356 1523 tum
382 1453 557 1543 sollempni
582 1453 781 1544 preparavit,
808 1451 975 1538 adiugens
1001 1469 1062 1541 pro
1089 1450 1294 1521 eonduetore
1321 1453 1421 1519 virum

286 1552 505 1622 reverendum
528 1553 812 1641 arehiepisoopum
830 1551 871 1620 de
892 1551 1057 1621 Gerunda.
1091 1549 1246 1619 Summus
1273 1549 1420 1638 pontifex

285 1654 471 1721 transeunti
492 1651 747 1740 llarpentratum
773 1650 893 1720 obtulit
912 1650 1074 1719 oaballum
1100 1651 1154 1718 oui
1172 1649 1420 1738 insideretprd-

286 1751 491 1840 oberrimum,
519 1757 551 1818 et
570 1750 729 1820 firmatam
745 1749 980 1819 benedictione
996 1749 1183 1838 apostoliea
1196 1750 1259 1816 iter
1277 1766 1419 1834 aggres-

285 1864 358 1918 sum
383 1849 542 1938 perficere
569 1867 731 1937 prospere
757 1849 946 1937 exoptabat.
979 1849 1021 1917 Et
1039 1847 1259 1937 proboisoens
1278 1846 1323 1915 ad
1342 1846 1418 1915 Reni

283 1956 408 2038 partes,
435 1947 478 2016 ad
505 1949 558 2016 sui
584 1950 702 2036 sponsi
728 1947 917 2037 dominium,
934 1953 1033 2034 atquo
1061 1947 1240 2015 amioorum
1267 1947 1418 2035 preoipuo

286 2065 436 2116 sororum
467 2046 625 2116 Friderioi
655 2047 809 2116 solatium
835 2046 1051 2133 t'amilareque
1079 2045 1333 2114 oontubormum
1358 2061 1418 2112 ve-

285 2145 408 2215 niebat.
440 2143 565 2214 Ibidem
582 2145 625 2213 ad
643 2150 773 2234 tempus
795 2145 961 2214 modioum
987 2145 1201 2234 persistebat,
1230 2145 1417 2232 paululum-

285 2263 350 2333 que
378 2262 450 2312 oum
479 2245 634 2313 comitiva
661 2262 724 2312 sua
748 2252 826 2334 post
850 2244 983 2315 labores
1005 2245 1086 2313 tanti
1104 2245 1234 2312 itineris
1261 2245 1415 2332 quiesse-

285 2345 351 2412 bat.
387 2344 430 2412 Ut
455 2341 536 2410 dioit
561 2340 720 2412 Ovidius:

384 2441 461 2532 „Da
477 2445 633 2530 requiem.
665 2441 847 2530 Requietus
868 2459 950 2530 ager
965 2441 1052 2511 bene
1072 2440 1190 2510 lenora
1208 2440 1328 2532 reddit,

445 2541 614 2630 Terraque
633 2541 777 2611 oelestes
801 2541 893 2610 arida
915 2542 1030 2610 sorbet
1052 2537 1192 2628 aquas.“

284 2724 337 2794 De
365 2723 600 2810 preparatione
623 2723 810 2808 prinoipem
835 2723 884 2790 od
905 2721 1096 2790 electionem
1125 2725 1158 2790 et
1182 2721 1258 2790 olda
1282 2717 1416 2887 {iveram

1313 2835 1364 2903 op.
1385 2833 1416 2882 a.

356 2934 456 3004 Anno
483 2935 607 3004 domini
633 2935 834 3004 moouxiiii.
861 2932 1048 3003 Friderious
1084 2934 1198 3003 habita
1228 2935 1410 3017 firmataque

285 3035 429 3104 amioitia
448 3051 522 3102 oum
540 3033 625 3103 duee
642 3035 793 3102 Bawarie
817 3033 1010 3123 Ludewioo,
1034 3032 1227 3122 provideat
1255 3031 1411 3119 sagaoiter

286 3132 329 3203 ad
353 3151 493 3220 regnum
520 3139 668 3222 estuans,
694 3131 870 3201 Rudollum
887 3132 1071 3200 Palatinum
1091 3130 1264 3200 Ludewioi
1291 3131 1411 3199 fratrem

287 3231 389 3302 eltloit
414 3249 475 3302 sue
500 3235 612 3321 partis.
643 3231 734 3299 Misit
760 3237 794 3299 et
819 3230 862 3300 ad
888 3230 1076 3299 Heinrioum
1104 3233 1298 3319 episeopum
1317 3227 1412 3296 Colo-

189 3346 191 3350 ·
286 3333 448 3420 mensem,
475 3349 549 3399 oum
576 3349 642 3419 quo
668 3331 815 3399 similiter
841 3331 1009 3420 eonvenit,
1036 3329 1324 3398 itautHeinrious
1342 3325 1410 3412 dux,

287 3429 386 3498 irater
413 3432 495 3521 eius,
521 3430 655 3519 Ruperti
683 3431 811 3498 eomitis
830 3429 872 3497 de
892 3428 1145 3497 Wernenburob
1171 3428 1281 3518 liliam,
1307 3424 1407 3494 fratris

287 3531 447 3620 episcopi,
475 3529 610 3598 duceret
634 3532 669 3596 in
685 3547 833 3597 uxorem.
869 3525 942 3607 Quo
968 3533 1103 3616 paotato
1129 3529 1243 3616 presul
1268 3529 1410 3595 virtutem

281 3630 458 3698 eleotionis
484 3629 643 3718 promisit,
671 3627 772 3695 etad
798 3628 908 3696 looum
934 3643 1007 3694 eum
1034 3628 1227 3714 quingentis
1249 3627 1286 3694 in
1305 3621 1410 3694 Fride·

284 3730 344 3797 rioi
369 3727 566 3796 adiutorium
593 3744 631 3795 se
657 3724 804 3796 devovit
841 3727 883 3794 Et
908 3727 958 3794 sio
982 3727 1114 3795 iuvenis
1142 3744 1217 3794 oum
1242 3717 1409 3794 iuvenoula

282 3828 317 3894 in
343 3827 409 3896 illis
434 3828 583 3915 partibus
609 3826 743 3914 nuptias
768 3825 996 3914 sollempniter
1013 3825 1203 3916 celebravit,
1231 3823 1342 3912 ibique
1357 3832 1408 3908 per

284 3925 414 4016 aliquot
439 3921 568 4015 tempus
595 3925 726 3993 mansit.

357 4025 489 4092 Interea
523 4025 590 4092 lilia
619 4024 711 4109 regis
741 4019 930 4108 Arragonie
963 4040 1036 4091 oum
1068 4022 1268 4111 llatherina,
1296 4029 1409 4108 sponsa

285 4122 452 4214 quondam
478 4124 703 4213 imperatoris,
734 4139 850 4190 mense
874 4123 1014 4190 ianuarii
1040 4121 1218 4190 tendentes
1244 4118 1406 4200 Austriam,

284 4219 486 4289 llarintbiam
518 4219 781 4312 apprehendunt.
819 4221 882 4290 Ubi
914 4222 962 4290 eis
994 4219 1181 4292 Friderious
1212 4220 1282 4290 leto
1307 4213 1404 4288 anino
