3044 4882
442 233 583 279 rouxuurs
604 233 814 281 vrcronmnsts.
849 234 874 302 3,
892 233 916 286 9.
1186 208 1256 277 355

120 371 241 440 clemm
263 376 297 440 et
317 376 401 440 terre
417 371 578 462 populum
599 391 702 458 agere
726 377 884 466 permisit,
913 392 1055 444 neceas
1078 375 1259 463 aliquando

120 473 255 561 avertit,
283 479 317 539 et
342 477 476 560 propter
502 471 567 539 hoc
593 472 657 539 sibi
682 473 822 561 plurima
853 474 1073 564 offendicula,
1101 474 1259 544 invidiam

119 575 152 638 et
175 571 363 639 inimicitias
380 573 562 639 suscitavit.
589 571 685 640 Unde
705 574 820 640 mortis
845 575 909 642 sibi
928 574 1049 663 poculo
1068 576 1256 665 propinata,

119 670 294 738 orbatione
312 671 409 738 unius
424 670 511 738 oculi
525 672 581 738 vix
599 673 718 739 evasit.
743 672 871 740 Bellum
895 675 993 742 etiarn
1012 675 1219 761 repentinum
1237 694 1258 744 a

117 769 280 838 terricolis
308 771 342 837 in
364 775 467 859 ponte
492 769 596 837 blulte
625 769 767 838 lluminis
792 771 898 859 Prage
928 775 1115 840 conseritur
1141 779 1257 842 contra

116 885 212 958 sth,
230 887 367 955 quorum
383 868 515 955 quidam
532 870 688 955 captivati
706 877 740 937 et
755 872 929 961 vulnerati,
950 869 1159 940 cicatricibus
1171 890 1256 942 suo-

115 967 368 1036 ramvnlnerum
387 985 447 1036 sue
456 968 631 1057 probitatis
645 970 791 1055 insignia
801 973 1015 1059 imposterum
1025 971 1255 1040 ostenderunt.

114 1066 306 1137 Decetiam
325 1075 505 1158 annuente,
533 1068 596 1135 sibi
615 1070 752 1155 suisque
769 1087 857 1158 pene
872 1071 1052 1164 inermibus
1073 1069 1142 1150 lons
1160 1070 1254 1140 lave·

113 1167 183 1257 bat,
202 1173 240 1234 ut
258 1167 398 1254 quadam
421 1169 494 1235 vice
511 1168 609 1255 pauci
626 1169 739 1255 plures
760 1167 925 1260 fugarent,
944 1175 976 1237 et
993 1172 1097 1257 partis
1112 1168 1254 1239 adverse

113 1266 297 1335 virnobilis
312 1266 353 1336 de
363 1266 616 1356 Wartenbercb,
627 1285 714 1354 equo
727 1267 861 1360 sedens,
871 1269 1024 1336 vexillum
1037 1270 1131 1358 prelii
1139 1270 1253 1338 inma-

113 1367 215 1434 nibus
230 1373 360 1457 tenenS,
376 1366 518 1434 celerius
534 1367 729 1456 exspiraret,
750 1367 824 1435 aliis
844 1370 965 1436 territis
988 1375 1022 1436 et
1038 1369 1119 1454 luga
1137 1369 1253 1461 lapsis,

112 1483 197 1552 rege
223 1471 396 1553 spectante
423 1463 570 1554 desuper
599 1471 632 1532 et
658 1467 785 1552 regina.
824 1467 955 1535 Deinde
983 1469 1253 1537 reconciliatione

111 1565 202 1633 laeta
229 1564 272 1632 ad
298 1572 445 1655 tempus,
474 1582 560 1633 unus
587 1565 730 1653 populus
758 1571 836 1634 sunt
862 1567 981 1635 allecti.
1022 1567 1167 1655 Ipseque
1194 1586 1254 1636 rex

111 1662 297 1734 conciditur
329 1664 467 1733 vulnere
499 1682 602 1752 super
631 1664 769 1752 vulnus3
805 1666 882 1753 quia
908 1666 1108 1734 llarintbiam
1135 1665 1253 1755 perdi-

110 1763 225 1854 derat,
254 1770 287 1832 et
313 1763 403 1852 quod
434 1780 581 1849 regnans
607 1782 784 1852 pravorum
810 1765 1008 1834 insolentias
1035 1783 1251 1854 compescere

109 1882 181 1932 non
207 1863 351 1953 valebat,
378 1861 567 1950 cotidieque
594 1863 804 1932 adversarios
824 1869 856 1932 et
879 1867 1014 1933 servitia
1038 1883 1107 1933 non
1125 1865 1251 1933 volun-

109 1965 195 2032 taria
221 1963 395 2031 sentiebat.
433 1958 528 2030 Alias
555 1961 688 2049 quidem
715 1965 864 2051 corporis
891 1963 1084 2032 tortitudine
1113 1970 1146 2031 et
1170 1965 1250 2053 pul-

110 2061 299 2130 claritudine
307 2115 316 2152 ,
345 2064 470 2152 pietate
496 2079 535 2129 ac
561 2060 758 2130 liberalitate
785 2064 883 2130 animi
910 2063 1105 2154 decoratuS,
1134 2065 1162 2130 si
1189 2082 1250 2132 sc-

107 2164 220 2231 verior
247 2160 289 2230 ad
316 2159 582 2230 emendationem
602 2178 801 2229 excessuum
823 2165 999 2254 extitisset,
1026 2163 1133 2231 malos
1152 2163 1249 2231 evel-

106 2262 178 2330 lere
219 2260 393 2329 destruere
429 2259 593 2348 dissipare
633 2259 848 2351 dispergere,
883 2262 993 2332 bonos
1027 2262 1181 2330 edificare
1217 2270 1250 2329 et

106 2363 261 2450 plantare
287 2361 564 2448 presumpsisset,
593 2361 670 2446 quia
688 2361 779 2428 iuxta
800 2360 963 2451 Bodtium,
992 2361 1048 2449 qui
1067 2363 1249 2448 ingenuum

106 2479 227 2548 agrum
244 2461 388 2530 voluerit
410 2477 534 2548 serere,
562 2458 661 2527 debet
678 2477 758 2526 arva
774 2460 865 2547 prius
889 2459 1081 2528 fructicibus
1097 2460 1248 2551 liberare,

106 2560 195 2628 lalce
222 2560 324 2628 rubos
352 2565 385 2627 ct
411 2559 536 2627 silicem
564 2575 730 2627 resecare.

103 2741 157 2810 De
183 2745 287 2808 morte
311 2741 401 2827 repta
426 2739 558 2807 Aldcrtt.
876 2775 879 2783 ·
1105 2739 1185 2824 Cap.
1212 2759 1246 2806 a.

180 2854 281 2926 Anno
299 2853 422 2926 domini
442 2857 621 2936 mcccviii.
640 2875 699 2926 rex
717 2863 834 2926 contra
850 2857 992 2925 blisnam
1008 2861 1041 2924 et
1055 2854 1246 2922 Bobemiam
1263 2871 1330 2924 taos

103 2973 231 3042 gerens
259 2958 401 3025 animum
428 2957 628 3042 acerbatum,
656 2956 795 3045 qualiter
821 2975 935 3026 eorum
959 2963 1075 3024 contra
1101 2972 1138 3023 se
1164 2971 1246 3022 ver-

103 3058 228 3125 sutiam
255 3062 289 3124 et
320 3055 573 3124 fraudulentiam
607 3054 805 3146 declinaret,
840 3056 986 3142 gladium
1020 3055 1128 3143 acuit,
1156 3073 1247 3122 arma

101 3155 249 3246 instruit,
277 3156 411 3224 militem
438 3156 549 3246 allicit,
576 3159 671 3242 regni
703 3157 853 3224 civitates
880 3157 1011 3243 circuit,
1038 3157 1245 3242 propositum

101 3257 223 3342 aperit.
261 3255 303 3323 lit
329 3257 378 3323 sic
409 3255 581 3324 lustrando
615 3257 650 3323 in
678 3256 841 3323 civitatem
876 3271 941 3341 que
976 3253 1163 3320 Wintertur
1189 3253 1245 3321 di-

101 3356 189 3422 citur
215 3355 384 3445 introivit,
410 3354 626 3423 Ludeu'ioum
654 3353 772 3423 ducem
799 3353 952 3421 Barvarie
980 3354 1105 3420 sororis
1134 3351 1244 3443 lilium,

99 3453 233 3522 Petmm
259 3453 493 3540 moguntinum
520 3446 977 3543 episcopum1‚Leupotdum
1009 3451 1108 3518 tilium
1137 3469 1243 3540 surum,

100 3551 298 3642 Spireusem
323 3553 509 3642 presulem,
545 3554 728 3622 Iohannem
754 3551 870 3619 ducem
897 3543 1028 3626 iratris²
1054 3551 1104 3618 sui
1131 3548 1242 3639 tntum,

100 3669 177 3720 curn
212 3653 362 3741 pluribus
397 3652 565 3721 nobilibus
599 3654 721 3720 curiam
755 3669 849 3718 suam
876 3649 1101 3738 sectantibus,
1130 3664 1243 3714 secum

99 3751 243 3821 babens.
277 3752 357 3820 Erat
382 3759 492 3819 autem
517 3769 654 3821 vernum
681 3758 810 3839 tempus
837 3751 872 3817 in
898 3750 963 3817 lral.
990 3749 1082 3838 maii,
1110 3746 1181 3816 sole
1208 3748 1241 3813 in
1266 3783 1317 3824 nn

97 3857 198 3919 tauro
235 3856 312 3919 ante
340 3853 494 3937 geminos
521 3869 558 3920 se
585 3853 732 3939 girante,
759 3851 793 3916 in
820 3847 873 3917 die
899 3845 1138 3936 Apostolorum
1164 3846 1242 3913 Phi·
1283 3839 1296 3891 ¹

97 3949 185 4039 lippi
202 3957 236 4018 et
252 3949 375 4040 lacobi,
392 3952 521 4018 cunctis
538 3957 626 4018 terre
644 3949 847 4036 germinibus
862 3947 1115 4016 virescentibus
1148 3943 1242 4013 Rex-

96 4067 168 4138 qne
196 4049 272 4117 dum
298 4048 341 4117 ad
371 4067 521 4118 mensam
558 4051 784 4118 consisterent
818 4047 960 4133 singulis
997 4052 1086 4114 serta
1119 4045 1241 4134 posuit,

134 4201 168 4264 l)
190 4199 261 4255 diese
280 4202 337 4256 drei
354 4206 439 4258 morte
457 4199 514 4256 sind
531 4207 625 4255 zusatz.
666 4199 698 4267 2)
717 4199 811 4255 verber
829 4198 905 4253 stand
923 4199 1021 4252 sororis
1039 4212 1095 4252 mas
1114 4197 1161 4253 der
1178 4196 1243 4250 veri.

93 4268 276 4325 verbesserte.

996 4352 1051 4407 23*
