3044 4882
451 203 597 251 ronnvnrs
618 205 830 254 vrcronrrrvsrs.
868 205 892 272 2,
912 206 952 258 to.
1189 177 1259 248 329

124 343 240 432 quibus
279 342 420 431 aullugit
455 345 627 411 revertitur
635 367 644 430 ;
686 347 869 432 penitentia
913 353 1085 437 assumpta
1118 345 1260 415 eundem

123 461 244 536 regem,
272 444 366 512 cuius
392 445 559 511 introitum
587 449 621 512 et
647 445 770 512 exitum
804 453 961 537 noverat,
996 448 1030 515 in
1063 463 1125 515 suo
1153 463 1260 513 carro-

121 561 184 632 peo
212 542 461 632 cumpluribus
488 540 660 629 iugulavit.
705 543 826 632 Sioque
853 564 921 613 non
946 546 1050 632 longe
1075 549 1155 634 post
1173 545 1260 612 civi-

122 647 170 710 tas
196 642 254 711 illa
280 643 474 732 clarissima,
503 641 762 710 Christianorum
790 642 1002 737 domicilium,
1032 642 1181 713 funditus
1209 647 1262 712 est

121 759 250 832 eversa,
279 747 312 810 el
338 741 482 810 totaliter
509 739 680 831 dissipata,
709 759 774 830 que
800 743 843 811 ad
868 749 985 812 nostra
1017 741 1148 812 elimata
1181 761 1259 830 pre-

121 843 224 910 tiosas
251 858 379 909 meroes
406 839 449 908 ad
475 841 698 908 necessitates
724 841 891 911 hominum
917 845 951 911 in
978 841 1156 932 speciebus
1178 858 1259 909 arc-

120 941 248 1009 matiois
276 946 310 1009 et
336 941 409 1008 aliis
437 941 612 1007 consuevit
637 938 716 1008 boni
741 939 806 1010 lori
829 944 938 1031 pretio
958 941 1138 1011 destinare.
1174 939 1260 1008 Cre-

120 1039 180 1109 bro
207 1041 305 1110 etiam
331 1058 350 1107 a
376 1057 464 1128 papa
491 1044 524 1106 et
548 1039 753 1127 principibus
781 1038 978 1112 Christianis
1007 1041 1165 1110 auxilium
1190 1057 1259 1128 pc-

121 1138 298 1229 stulabant,
326 1145 360 1207 et
384 1156 453 1206 non
488 1135 550 1205 luit
581 1139 638 1225 qui
673 1157 804 1207 manum
837 1143 1023 1230 porrigeret
1055 1139 1259 1209 adiutricem.

119 1235 205 1307 lluio
231 1237 391 1328 applicari
416 1242 539 1327 potest,
567 1235 657 1324 quod
684 1236 726 1306 de
761 1240 893 1309 civitate
929 1239 1115 1310 Numuncia
1147 1239 1259 1306 invic-

118 1339 246 1408 tissima
273 1337 400 1427 dicitur,
435 1352 533 1424 quam
561 1335 674 1425 Scipio
700 1337 851 1431 subegit,
885 1345 919 1408 et
950 1338 1027 1408 dum
1060 1342 1214 1427 quereret
1240 1355 1260 1406 a

119 1436 265 1526 quodam
291 1436 422 1524 Tyreso
449 1429 596 1504 Celtioo¹
630 1437 789 1527 principe,
824 1456 915 1530 „qua
941 1437 983 1506 de
1011 1456 1114 1506 eausa
1141 1439 1259 1506 civitas

118 1554 252 1626 semper
275 1537 410 1626 invicta,
438 1553 528 1602 nunc
554 1535 641 1603 victa
667 1533 823 1627 suisset,“
857 1537 1047 1626 respondit:
1079 1535 1259 1628 „Concor-

118 1636 170 1706 dia
200 1637 382 1725 victoriam,
410 1634 578 1703 discordia
603 1634 769 1703 excidium
797 1633 961 1724 prebuit.“

188 1731 289 1803 Anno
308 1734 432 1803 domini
453 1734 680 1802 nuculxxxxi.
705 1733 867 1804 Rudolius
894 1753 954 1804 rex
987 1733 1135 1822 graviter
1160 1731 1257 1800 intir-
1277 1739 1341 1792 ¹291

115 1842 235 1925 matuS,
256 1841 320 1902 tam
337 1833 454 1902 labore
472 1851 570 1920 quam
588 1834 684 1902 senio
710 1841 942 1924 pregravatur,
970 1835 1003 1902 in
1024 1833 1158 1902 civitate
1178 1831 1259 1920 Spi-
1287 1824 1341 1930 ¹,¹¹5”·

116 1936 264 2004 rensium
287 1933 431 2023 moritur,
459 1938 493 2000 et
517 1931 638 2000 ibidem
672 1951 746 2000 cum
781 1933 1035 2023 imperatoribus
1063 1937 1098 2002 et
1120 1931 1258 2017 regibus

116 2035 289 2124 sepelitur.
336 2031 396 2099 Vir
429 2033 485 2119 qui
520 2032 651 2100 ornavit
685 2037 833 2124 tempora
868 2052 929 2103 sua
964 2033 1062 2102 claris
1090 2030 1257 2121 operibus,

114 2133 232 2202 habitu
269 2149 338 2200 ncn
377 2147 578 2221 pomposus,
613 2131 703 2200 victu
740 2151 809 2202 non
849 2131 1048 2220 deliciosus3
1093 2132 1181 2199 sicut
1217 2129 1260 2198 de

114 2249 239 2320 magno
266 2230 388 2300 Karolo
415 2229 577 2320 scribitur,
605 2228 696 2318 quod
711 2233 911 2301 vestimenta
928 2232 1119 2320 peregrina,
1138 2247 1259 2316 quam-

113 2333 163 2401 vis
191 2330 423 2421 pulcherrima,
450 2329 639 2418 respuebat.
685 2330 723 2398 ln
749 2331 984 2400 festivitatibus
1012 2335 1150 2399 ornatus
1176 2345 1260 2416 pre-

113 2433 235 2501 tiosius
260 2429 449 2518 incedebat,
476 2434 509 2497 et
535 2428 607 2498 aliis
634 2427 754 2498 diebus
781 2429 912 2498 habitus
947 2431 978 2498 ei
1003 2428 1156 2518 plebeius
1183 2425 1259 2494 lue-

113 2537 164 2599 rat
198 2535 233 2599 et
266 2529 461 2598 communis.
503 2527 542 2595 ln
578 2527 652 2596 cibo
688 2534 721 2597 et
754 2535 836 2617 potu
872 2535 1060 2618 temperans
1071 2519 1093 2618 ²,
1129 2525 1191 2594 sed
1224 2527 1259 2593 in

112 2637 196 2719 potu
225 2629 445 2718 temperatior,
473 2627 551 2714 quia
579 2628 771 2696 ebrietatem
804 2629 840 2696 in
875 2628 1097 2716 qualicunque
1123 2625 1259 2693 homine

113 2728 324 2799 abhorrebat.
363 2727 456 2795 Siout
482 2727 580 2794 etiam
608 2725 650 2794 de
677 2726 826 2796 Catbone
854 2727 971 2796 scribit
995 2726 1172 2793 Lucanus:

213 2826 323 2919 „Huio
350 2826 449 2915 cpule
474 2827 596 2894 vicisse
622 2823 753 2916 tamem,
781 2828 961 2914 magnique
986 2830 1140 2916 penates.

242 2926 460 2995 Submovisse
487 2925 627 2992 hiemem
656 2933 762 3014 tecto;
789 2928 1004 3015 pretiosaque
1032 2925 1148 3014 vestis,

236 3025 372 3094 Hircam
398 3024 542 3093 membra
570 3041 672 3113 super
696 3024 834 3095 Romani
861 3043 951 3094 more
978 3023 1113 3107 Quiritis

239 3124 417 3194 Induxisse
445 3120 594 3209 togam.“

110 3223 176 3293 llic
202 3225 441 3293 monasterium
476 3222 775 3291 sanctimonialium
803 3221 928 3290 ordinis
962 3220 1069 3288 saneti
1094 3219 1260 3288 Dominici

110 3324 145 3391 in
173 3323 283 3392 'lrdna
309 3322 469 3411 fundavit,
497 3328 531 3390 et
557 3320 670 3389 divino
697 3322 787 3389 cultu
821 3338 860 3388 ac
894 3321 993 3390 bonis
1020 3313 1260 3408 temporalibus

112 3422 325 3492 abundanter
350 3421 533 3490 decoravit
575 3420 754 3506 Privilogia
782 3421 882 3487 multa
907 3418 1078 3488 libertates
1111 3422 1145 3485 et
1177 3434 1260 3501 gra-

111 3523 178 3592 tias
207 3523 363 3591 ecolesiis
391 3519 640 3589 kathedralibus
668 3521 881 3588 monasteriis
916 3524 948 3586 et
980 3515 1259 3585 conventualibus

108 3621 200 3691 locis
230 3621 331 3690 dedit.
371 3621 500 3709 Pacem,
529 3637 627 3706 quam
654 3635 786 3708 semper
812 3619 944 3708 amavit,
977 3633 1083 3702 regno
1116 3614 1259 3700 reliquit.

110 3719 281 3808 Regnavit
314 3722 412 3788 annis
446 3720 545 3808 xviii,
583 3735 717 3786 menses
752 3719 825 3809 viii,
869 3717 941 3786 dies
980 3716 1048 3783 xiiii
1083 3715 1118 3780 in
1152 3713 1259 3780 terris.

110 3820 262 3889 Transiit
295 3821 329 3888 in
364 3819 529 3887 divisione
564 3816 812 3908 apostolorum,
857 3819 956 3885 tertio
995 3831 1083 3882 auno
1118 3816 1260 3900 papatus

109 3917 246 3988 Nicolai
273 3919 392 4008 qrrarti,
420 3919 492 3986 sine
521 3917 586 3985 dne
621 3933 695 3984 cum
730 3918 855 3984 sanetis
889 3920 922 3984 et
958 3915 1023 4002 piis
1059 3910 1195 3998 regibus
1226 3910 1260 3977 in

110 4017 297 4087 celestibus
325 4023 536 4104 regnaturus.
1228 4055 1229 4058 =

143 4145 178 4212 1)
199 4143 282 4200 Celito
299 4143 337 4215 hs.
373 4145 404 4212 2)
423 4147 581 4214 temperatus
596 4142 640 4198 bat
656 4143 702 4197 das
717 4142 769 4198 Cbr
795 4141 874 4196 Lecb.
893 4141 962 4195 wobl
980 4137 1105 4206 ricbtiger
1120 4135 1260 4192 alsdiebs.
