3044 4882
253 242 323 313 346
581 272 728 319 rounnnrs
749 270 960 318 rrcronrmrsrs.
995 270 1020 338 ³,
1039 274 1063 323 5.

251 413 448 502 publicavit:
463 411 587 478 Primus
599 412 657 500 sie,
673 409 764 498 quod
774 411 817 478 sit
834 410 988 499 publicus
1004 412 1216 500 simoniacus,
1229 410 1379 500 quoddi-

252 512 297 579 cit
316 529 353 579 se
379 529 447 578 non
468 527 574 598 posse
596 510 798 578 committere
818 511 1000 579 simoniam.
1028 510 1216 598 Secundus,
1234 511 1323 598 quod
1341 512 1381 578 sit

250 601 469 700 publicanus.
497 608 643 694 Tertius,
662 607 753 696 quod
772 608 982 677 homicidium
999 610 1248 700 perpetraverit.
1274 607 1382 690 Quar-

252 713 316 798 luc,
328 707 418 796 quod
433 709 475 775 sit
485 710 656 776 usurarius
668 706 875 776 manifestus.
903 705 1058 800 Quintus,
1070 708 1160 796 quod
1170 725 1238 776 non
1251 708 1384 776 adhibet
1502 709 1503 712 ’

251 807 349 875 hdem
364 806 475 874 verbis
491 805 746 874 conficientibus
762 806 996 875 eucharistiam
1009 813 1268 877 sacrosanctam.
1296 807 1382 876 Sex-

251 912 316 995 tus,
336 905 426 993 quod
441 905 550 973 anima
565 906 608 974 sit
622 905 780 993 mortalis,
808 911 841 972 et
857 904 948 992 quod
966 905 1055 974 aliud
1072 906 1229 992 gaudium
1248 923 1317 974 non
1343 907 1383 974 sit

250 1006 314 1072 nisi
333 1007 399 1073 vite
408 1004 585 1093 presentis.
603 1003 780 1092 Septimus,
791 1002 883 1090 quod
892 1006 935 1072 sit
947 1005 1115 1074 revelator
1124 1003 1382 1092 confessionum,

251 1105 328 1191 quia
351 1105 464 1189 coegit
489 1101 655 1190 quendam
673 1101 874 1171 cardinalem
897 1109 931 1172 ul
955 1104 987 1172 ei
1003 1103 1252 1173 confessionem
1269 1105 1383 1172 ouius-

250 1201 325 1270 dam
341 1202 493 1290 episcopi
511 1199 725 1290 deHispania
742 1200 806 1270 sibi
824 1200 945 1270 laetam
958 1203 1139 1290 revelaret,
1156 1220 1222 1290 qua
1239 1203 1384 1270 revelata

249 1301 442 1389 episcopum
464 1298 635 1389 deposuit,
658 1306 691 1368 et
710 1305 790 1388 post
808 1307 945 1389 accepta
967 1303 1111 1389 pecunia
1132 1303 1275 1370 restituit
1302 1303 1385 1371 sicut
1503 1301 1504 1304 ’

247 1400 349 1489 prius.
385 1397 552 1489 Octavus,
579 1395 670 1487 quod
701 1399 815 1467 hahuit
840 1399 924 1468 duas
950 1405 1072 1494 neptes
1113 1402 1383 1486 consanguineas
1503 1423 1504 1440 ¹

249 1497 466 1589 concubinas
494 1503 528 1566 et
553 1515 596 1566 ex
620 1504 759 1586 utraque
787 1497 872 1566 lilios
911 1500 1047 1590 genuit,
1074 1517 1212 1586 quorum
1238 1517 1326 1567 unus
1353 1501 1384 1567 iu

248 1597 443 1685 episcopum
470 1603 524 1665 est
547 1603 730 1686 promotus.
764 1596 900 1687 Nonus,
928 1596 1019 1685 quod
1046 1600 1118 1684 regi
1144 1594 1266 1684 Anglie
1293 1597 1385 1666 dedit

248 1712 364 1763 omnes
399 1695 545 1764 decimas
581 1696 829 1764 ecclesiasticas
862 1695 979 1764 decem
1005 1698 1101 1766 annis
1128 1697 1162 1764 in
1188 1715 1295 1783 regno
1323 1715 1384 1766 suo

248 1801 362 1862 contra
389 1813 504 1880 rogem
529 1795 677 1865 Francia.
710 1794 880 1885 Decimus,
907 1794 997 1882 quod
1024 1793 1239 1884 stipen'diavit
1263 1795 1384 1864 Sarra-

248 1909 363 1982 cenos,
390 1899 427 1960 ut
453 1893 598 1962 Siciliam
624 1892 840 1984 invaderent,
867 1893 924 1962 ubi
950 1893 1127 1962 Christiani
1153 1896 1295 1963 nominis
1321 1897 1384 1964 tri-

246 1992 339 2077 ginta
366 1992 455 2059 milia
481 1993 650 2060 hominum
682 1998 762 2061 sunt
787 1993 918 2084 occisa,
944 1992 1178 2062 nichilominus
1206 1992 1384 2062 Christiani

246 2089 461 2158 obtinuerunt
485 2092 657 2158 victoriam
682 2091 874 2177 gloriosam.
916 2089 1063 2172 Quorum
1089 2093 1234 2161 omnium
1259 2094 1384 2162 veritas

245 2188 300 2256 vel
316 2187 443 2256 salsitas
460 2189 646 2257 nullatenus
664 2189 798 2258 relatori
817 2189 1014 2280 ascribatur,
1042 2190 1103 2259 sed
1127 2190 1288 2260 auditoris
1311 2194 1383 2260 sive

244 2285 379 2355 lectoris
397 2288 518 2356 iudicio
539 2289 768 2357 committatur.
786 2288 951 2376 Scriptum
970 2295 1023 2357 cst
1043 2291 1147 2357 enim:
1173 2290 1382 2380 „Principem

244 2386 359 2476 populi
386 2388 432 2453 tui
459 2404 527 2454 non
553 2383 771 2456 maledices“
804 2388 845 2455 Et
867 2388 954 2456 siout
979 2386 1059 2455 dicit
1079 2387 1268 2477 Iuvenalis3

343 2483 473 2576 „Omne
500 2486 599 2553 animi
624 2487 739 2554 vitium
765 2491 858 2554 tanto
885 2488 1099 2574 conspectius
1127 2489 1161 2554 in
1188 2504 1228 2555 se

369 2583 501 2653 Crimen
517 2584 626 2675 habet,
654 2591 778 2672 quanto
804 2585 910 2653 maior
925 2586 980 2673 qui
1002 2592 1121 2674 peccat
1136 2582 1312 2655 habetur.“

244 2762 296 2831 Dc
320 2769 423 2831 morte
443 2782 542 2851 popo,
569 2769 602 2833 et
623 2766 798 2832 occationc
823 2766 915 2850 repeti
938 2764 1099 2833 Bohcmic.
1233 2767 1316 2852 Cap.
1341 2767 1380 2831 oi.

164 2887 230 2943 1303
319 2876 417 2947 Anno
443 2879 567 2948 domini
591 2881 753 2947 m.cco.iii.
781 2879 972 2948 Boniiacius
995 2879 1135 2948 audiens
1154 2886 1219 2948 tam
1238 2897 1380 2948 execra-

243 2976 327 3045 biles
354 2978 512 3047 articulos
540 2984 656 3046 contra
681 2995 719 3046 se
746 2981 882 3066 moveri,
909 2978 1077 3047 transtulit
1101 2997 1139 3048 se
1166 2979 1207 3047 ab
1231 2979 1320 3047 Urbe
1347 2980 1379 3046 in

242 3071 440 3164 Arragniam,
460 3081 494 3143 et
510 3078 704 3144 convocatis
719 3075 944 3144 cardinalibus
962 3078 1256 3164 regembrancica
1274 3095 1379 3163 regno
1398 3111 1400 3113 ·

243 3173 374 3241 deicere
400 3192 459 3262 per
486 3192 706 3262 quoscunque
734 3174 853 3243 modos
880 3181 1008 3264 posset,
1036 3175 1226 3244 cordialiter
1241 3175 1379 3245 labora-

241 3274 298 3340 vit.
332 3272 373 3340 Et
398 3275 501 3360 primo
528 3275 642 3342 statuit
658 3292 732 3341 eum
746 3275 935 3342 severitatis
949 3275 1135 3360 apostolice
1153 3273 1279 3366 gladio,
1307 3277 1378 3342 sci-

242 3369 322 3437 licet
347 3373 700 3440 excommunicationis
719 3372 939 3463 anathemate,
966 3370 1159 3442 leniendum.
1187 3372 1261 3454 Quo
1283 3390 1379 3442 oom-

241 3475 337 3558 perto
363 3487 423 3538 rex
450 3468 715 3559 Columpncnses
742 3469 785 3540 ad
812 3488 851 3539 se
876 3476 1016 3540 vocatos
1044 3474 1235 3558 quingentis
1265 3471 1378 3540 militi-

240 3567 303 3635 bus
331 3575 451 3658 armat,
479 3568 523 3637 ad
555 3570 728 3638 consilium
764 3568 936 3638 cuiusdam
964 3571 1017 3638 sui
1044 3571 1171 3661 militis,
1199 3572 1255 3658 qui
1283 3571 1379 3639 Guil-

239 3666 370 3735 helmus
390 3667 497 3736 dictus
513 3674 566 3736 est
588 3668 629 3737 de
651 3669 832 3760 Nugereto,
852 3675 890 3736 ut
904 3685 991 3756 pape
1007 3669 1206 3758 perditionis
1223 3670 1378 3757 laqueum

239 3766 391 3854 iniciant,
424 3769 547 3835 animat
578 3773 612 3836 et
647 3767 820 3837 confortat.
860 3765 924 3846 Qui
957 3769 1093 3854 navigio
1127 3768 1294 3857 disposito
1320 3785 1379 3856 per

238 3867 340 3933 maria
366 3865 529 3934 sulcando
547 3863 737 3952 Anagniam
761 3867 971 3955 perveniunt,
997 3867 1117 3955 papale
1143 3868 1300 3955 palatium
1326 3867 1377 3934 l-

239 3964 395 4031 uentibus
414 3965 542 4034 civibus
562 3965 778 4054 circumdant,
799 3966 903 4052 ruptis
927 3966 1097 4054 repagulis
1115 3968 1274 4034 ostiorum
1291 3983 1377 4054 papa

240 4061 426 4131 cardinales
441 4070 475 4132 et
491 4082 606 4133 secum
624 4054 824 4132 existentcs²
838 4061 979 4155 lugiunt,
993 4066 1078 4133 intra
1095 4083 1182 4154 pape
1202 4054 1376 4132 eameram³

275 4211 305 4276 l)
324 4211 402 4266 Diese
420 4216 477 4267 vier
495 4220 578 4270 worte
597 4214 684 4269 iehlen
702 4216 729 4269 in
747 4215 794 4269 der
810 4215 857 4283 bs,
876 4213 967 4269 finden
985 4215 1039 4268 sich
1058 4215 1122 4269 aber
1139 4214 1207 4271 heim
1224 4215 1303 4273 Leob.
1343 4215 1373 4282 2)

240 4286 327 4334 zuerst
344 4280 415 4334 batte
434 4282 476 4337 die
494 4282 532 4336 bs.
551 4284 684 4338 exeuntes.
719 4283 750 4348 3)
769 4290 856 4338 zuerst
872 4283 943 4338 hatte
961 4284 1006 4338 die
1023 4283 1061 4338 hs.
1081 4298 1179 4353 capam.
