3044 4882
274 175 347 249 ³30
597 202 745 250 ronnnnus
765 200 980 250 vrcronrunsrs.
1014 199 1039 268 3,
1059 198 1081 252 l.

613 491 748 556 INCIPIT
772 491 881 554 LIBER
901 491 1073 557 TERTIUS.

270 615 323 685 lie
348 615 522 686 notatione
546 611 669 683 Alderti
694 612 787 682 ducis
813 612 942 682 Austrie
968 615 1016 681 ud
1038 611 1400 702 reprendendum

368 715 495 788 comitis
521 711 638 797 Adolfi,
664 716 698 780 et
718 711 799 804 ‚aliis
824 711 1048 782 incidentibus.
1285 712 1362 798 Cup.
1382 709 1400 782 i.

187 848 254 905 1290
343 825 443 900 Anno
458 829 582 900 domini
599 827 828 898 moolxxxxi.
840 826 1399 920 RudollusarebiepisoopusSalon·-

270 931 450 1018 purgensis
477 930 622 1019 moritur,
658 935 691 996 et
726 926 918 1016 Stephanus
950 929 1099 1006 Hainrioi
1132 929 1227 998 dunis
1256 927 1399 1000 Bonane

270 1028 358 1098 blius
385 1029 539 1118 ebgitur,
565 1045 626 1117 pro
652 1026 749 1096 eulus
774 1045 877 1096 eausa
903 1027 1099 1099 Chunrodns
1134 1030 1316 1118 episeopus
1339 1025 1401 1094 La-

269 1129 428 1202 uentinns
455 1126 498 1197 ad
525 1127 649 1196 ouriam
675 1125 869 1194 destinatur.
913 1127 1003 1216 Papa
1033 1128 1175 1198 audiens
1202 1124 1401 1196 insuffioien-

270 1227 348 1296 tiam
386 1227 558 1316 Stephani,
584 1243 654 1294 non
679 1223 828 1294 admisso
852 1243 905 1317 eo,
926 1225 1137 1308 chunradum
1163 1225 1343 1316 prodIotum
1367 1220 1403 1291 ad

271 1327 450 1395 eeclesiam
477 1324 642 1395 transtulit
667 1324 899 1414 luvavensem,
938 1331 971 1394 et
1007 1323 1250 1398 benedietioue,
1271 1329 1403 1414 aposto-

269 1424 335 1494 lioo
361 1424 533 1515 firmatum,
559 1429 677 1494 eontra
702 1422 891 1494 ollenseres
919 1425 1062 1496 ecclesie
1084 1427 1263 1518 animatum
1287 1421 1329 1494 ad
1345 1422 1403 1492 la-

269 1523 418 1595 tbedram
445 1523 640 1593 transmisit

344 1620 626 1712 Arobiepisoopus
643 1620 864 1708 Moguntinus
883 1621 996 1690 solens
1012 1617 1184 1691 Albertum
1204 1620 1325 1690 duoem
1340 1635 1404 1687 eun

270 1739 356 1809 rege.
378 1723 549 1812 Bobenia,
577 1721 717 1790 dntibus
746 1720 894 1790 Saxonio
920 1727 955 1788 ot
979 1721 1133 1790 Bouario
1149 1720 1275 1790 babere
1292 1717 1404 1790 albna-

269 1825 338 1888 tum
364 1827 397 1890 et
416 1821 769 1910 ,oonsanguinitatern
800 1821 890 1888 misit
924 1820 1152 1890 Eberhardum
1185 1821 1338 1890 tomitem
1366 1814 1404 1886 de

268 1918 578 2010 Katzeuelnpogen,
606 1924 643 1988 ut
668 1920 782 1988 veniat
808 1924 842 1988 et
867 1937 1007 2006 regnum
1033 1918 1097 1988 sibi
1122 1919 1323 2009 dispositum
1348 1933 1405 1984 su-

270 2019 399 2107 seipera
426 2037 496 2088 non
531 2018 693 2090 obmittat
753 2016 858 2099 Quem
894 2018 963 2088 dux
994 2024 1188 2088 reverenter
1221 2021 1408 2105 suseeptum

269 2123 304 2186 et
328 2117 505 2204 magnifiee
532 2117 731 2187 honoratum
758 2116 892 2207 dimisit,
920 2135 1079 2186 asserens
1106 2136 1150 2206 se>
1170 2123 1355 2187 venturum.

340 2215 482 2290 Moritur
506 2217 572 2286 hoo
598 2223 746 2305 tempere
773 2213 935 2286 Rudollus
963 2215 1031 2286 dux
1058 2215 1256 2286 Suanorum
1284 2218 1318 2284 in
1339 2215 1406 2283 Bo-

267 2313 388 2408 bemia,
416 2323 450 2385 et
474 2317 581 2403 Prage
608 2314 849 2403 sollempnibus
877 2317 1029 2404 exequiis
1057 2318 1244 2405 tumulatur,
1276 2330 1404 2386 uxorem

267 2414 439 2501 gravidam
465 2415 669 2503 relinquens.
710 2413 782 2495 Que
809 2421 990 2502 angustata
1020 2415 1055 2484 in
1082 2423 1178 2505 partu
1204 2415 1308 2484 filium
1333 2411 1404 2482 edi-

268 2513 326 2606 dit,
353 2516 408 2602 qui
434 2514 603 2584 lohannes
630 2512 737 2582 dietus
769 2517 830 2602 est,
860 2521 903 2605 et,
932 2515 999 2584 heu
1025 2512 1138 2584 dolor!
1165 2519 1297 2606 postea,
1326 2513 1406 2582 siout

268 2612 311 2684 de
338 2610 532 2685 blexorrdro
570 2611 686 2683 Paride
724 2611 861 2704 dieitur,
901 2613 1034 2683 funesta
1076 2615 1171 2684 ruina
1211 2615 1318 2703 patrie
1359 2614 1407 2680 est

269 2712 420 2782 etleotus.

342 2811 415 2880 Hiis
441 2811 644 2900 temporibus
671 2809 782 2880 iloruit
807 2811 921 2880 eomes
948 2809 1116 2886 Nannovie
1141 2807 1298 2904 Adollus,
1318 2811 1406 2882 eele-

268 2910 337 2992 bris
364 2916 397 2979 et
424 2908 585 3001 famosus,
612 2910 668 2996 qui
694 2911 729 2978 in
754 2911 859 2999 prelio
896 2909 1132 3000 Wuringensi,
1168 2912 1262 2981 ouius
1299 2911 1405 2980 habita

272 3016 326 3079 est
350 3010 487 3098 mentio,
516 3011 662 3096 quinque
689 3007 731 3077 de
758 3027 878 3078 novem
906 3010 1156 3078 strenuissimos
1188 3011 1222 3080 in
1249 3016 1406 3100 appamia

270 3110 442 3196 signorum
469 3107 565 3176 duois
591 3108 770 3176 Brabantie
798 3108 1053 3196 resplendentes
1078 3111 1268 3202 prostravit,
1289 3112 1405 3178 novis-

270 3209 352 3276 sime
380 3213 510 3295 euplum
538 3205 605 3276 dux
631 3205 674 3275 ad
700 3225 737 3276 se
765 3209 974 3298 necersitum,
1001 3209 1051 3276 sio
1084 3207 1216 3276 abatur:
1255 3209 1286 3278 0
1319 3208 1407 3276 nilis

269 3304 583 3394 euripie,'pnisnum
612 3324 648 3374 es
674 3310 716 3390 tn,
743 3323 837 3391 quent
861 3305 957 3374 mindi
982 3308 1070 3375 sensi
1103 3305 1199 3376 bodie
1230 3312 1300 3376 tum
1325 3306 1406 3392 inse-

268 3407 377 3476 rtum?
413 3403 615 3495 Respondit:
651 3407 767 3474 Comes
800 3409 872 3474 sunt
905 3406 1087 3490 anaooie,
1119 3424 1229 3476 rernm
1262 3408 1407 3486 dominu

268 3523 335 3574 non
359 3521 563 3592 neptunum.
604 3503 647 3572 lit
669 3520 739 3588 uos,
765 3506 822 3592 ait,
849 3505 922 3590 quis
946 3507 1042 3589 estis,
1075 3506 1167 3574 euius
1199 3507 1328 3574 invene
1360 3519 1406 3572 nrt

268 3605 458 3690 captiuum?
481 3602 571 3686 Due,
597 3603 715 3694 inquit,
744 3621 816 3672 sunu
840 3603 1038 3689 Bruduneie,
1064 3623 1159 3690 quern
1182 3607 1217 3673 in
1241 3605 1406 3675 eondmm

265 3704 373 3790 metio
398 3701 523 3787 tmequt
547 3719 612 3769 non
637 3705 787 3772 cessasti.
834 3703 951 3787 Credo,
978 3705 1033 3793 ait,
1067 3705 1282 3790 nequinont
1308 3705 1406 3772 duem

267 3801 331 3871 boe
356 3819 433 3870 ense
457 3818 529 3869 nien
559 3799 620 3870 end
651 3802 753 3888 siquis
779 3801 918 3888 putidus
951 3803 1121 3886 occidisse,
1153 3807 1187 3870 et
1217 3804 1322 3872 mirer
1351 3817 1407 3869 nos

268 3919 373 3969 meum
396 3900 545 3988 eludium
568 3901 723 3968 nomnen
763 3899 869 3981 Quem
895 3918 957 3990 pro
982 3901 1136 3970 libertate
1155 3902 1252 3971 animi
1269 3902 1406 3970 liberum

269 3999 337 4070 dux
363 4000 496 4090 dimisit,
524 4005 559 4068 et
583 3999 780 4069 honoratum
805 3999 998 4070 muneribus
1029 4001 1064 4070 in
1096 4003 1236 4072 amioum
1261 3999 1406 4072 familia-

269 4117 337 4168 rem
364 4098 406 4167 de
434 4104 546 4168 oetero
574 4091 775 4188 adoptavit¹.

304 4230 333 4294 l)
352 4227 482 4311 adaptavit
500 4226 537 4280 be.
