3002 4880
405 200 549 246 onnonrcn
571 199 608 244 or
630 199 728 247 erens
748 201 914 247 rnrncrrun.
1178 175 1219 243 51

107 339 141 406 In
161 355 224 425 quo
247 339 332 405 sciro
353 354 534 424 possumus
555 337 758 406 horrendum
776 355 854 406 esse
876 338 1023 407 incidere
1049 341 1084 407 in
1108 357 1225 408 manus
1243 355 1310 412 131⁵

108 442 298 525 potestatem
321 436 485 506 habentis.
512 437 582 505 Sed
599 438 751 525 quamvis
770 436 943 505 clementia
962 455 1075 525 regem
1096 438 1226 530 deceat,

108 541 208 604 tamen
235 536 381 603 clemens
400 553 564 604 essenon
585 537 693 625 potuit
713 537 747 603 in
769 552 863 625 suos,
890 538 945 624 qui
968 537 1109 606 salutem
1133 555 1227 606 suam

106 651 167 703 non
188 634 352 724 amabant,
379 633 441 702 sed
460 637 568 721 magis
590 637 659 703 suis
685 634 884 703 adversariis
904 634 1117 704 adherebant.

158 733 256 801 Porro
273 750 341 801 non
358 733 461 802 multo
477 739 556 822 post
569 751 628 801 rex
643 734 742 801 etiam
756 738 852 821 parat
865 735 1227 804 venireinBawariam.

103 831 234 900 Etcum
259 829 446 917 Augustam
473 834 571 900 etiam
597 832 822 922 pertransiret,
848 833 977 902 inuenit
999 851 1059 902 eos
1086 833 1226 903 induas

105 934 208 1017 partes
244 929 488 1017 claudicantem
524 930 656 1019 quidam
684 937 778 998 erant
804 949 877 998 oum
905 949 963 1022 eo,
991 931 1124 1019 quidam
1151 931 1228 1000 duci

103 1025 229 1096 dustria
256 1028 422 1098 favebant.
462 1029 530 1097 Sed
556 1032 660 1098 maior
684 1035 719 1097 et
744 1031 857 1098 sanior
881 1048 959 1118 pars
987 1032 1129 1099 civitatis
1155 1038 1228 1098 erat

103 1144 169 1195 oum
193 1144 245 1196 eo.
297 1127 392 1196 Unde
424 1128 599 1216 prehabito
635 1128 776 1197 considio
804 1127 937 1196 tandem
964 1135 1104 1216 quatuor
1129 1130 1227 1196 annis

102 1242 168 1292 oum
194 1244 234 1294 eo
261 1225 402 1295 federati
428 1231 515 1296 sunt.
542 1225 639 1308 Quod
666 1234 870 1302 tamennon
897 1230 1001 1296 cessit
1021 1229 1124 1296 eisin
1145 1245 1226 1318 pro·

102 1341 243 1415 sperum,
272 1327 350 1412 quia
374 1331 496 1414 postea
520 1343 556 1393 re
583 1330 617 1393 et
643 1343 783 1414 corpore
809 1326 918 1394 multis
945 1344 984 1396 se
1009 1345 1070 1416 pro
1097 1345 1138 1394 eo
1165 1345 1225 1394 ex·

103 1429 260 1509 ponentes
295 1423 471 1515 periculis,
508 1441 581 1492 cum
614 1443 737 1511 magno
771 1424 915 1514 dampno
949 1430 983 1493 ct
1012 1425 1226 1496 incommodo

101 1520 157 1590 sibi
180 1523 284 1590 multa
309 1524 444 1590 servitia
467 1523 709 1612 persolverunt.

167 1621 271 1708 Igitur
294 1638 354 1689 rex
375 1624 503 1690 intrans
527 1622 712 1690 Bawariam
730 1623 822 1690 venit
844 1621 1041 1712 Monacum,
1075 1621 1132 1689 ubi
1155 1620 1225 1689 ira·
1242 1647 1302 1686 rra.

100 1721 174 1787 trem
207 1720 328 1790 ducem
362 1718 539 1789 Rudolium
572 1739 646 1788 cum
679 1727 749 1789 tota
776 1723 908 1789 civitate
935 1726 1165 1788 extramuros
1191 1723 1226 1789 in

100 1822 217 1907 campis
245 1819 380 1889 obvium
406 1818 531 1888 babuit.
557 1817 619 1900 Qui
646 1836 720 1887 oum
746 1819 922 1888 fraternam
946 1817 1156 1888 dilectionem
1173 1821 1225 1887 si-

99 1917 238 2009 mularet,
267 1936 336 1987 non
362 1924 473 1986 tamen
499 1920 650 1986 sincerus
677 1937 769 1986 amor
795 1924 864 1987 erat
889 1920 975 1985 inter
1000 1935 1060 1986 eos
1086 1918 1128 1986 ab
1154 1918 1225 1986 heri

100 2021 129 2082 et
152 2016 408 2107 nudiustertius,
436 2016 524 2086 undo
557 2034 673 2086 crasso
701 2023 863 2085 causante
886 2033 1027 2085 rancore
1053 2034 1122 2085 non
1148 2020 1226 2104 qui·

96 2113 169 2184 bant
197 2115 341 2205 pacifice
375 2118 497 2204 paritor
528 2115 688 2184 babitare.
726 2117 777 2184 Ex
809 2134 875 2203 quo
908 2133 967 2183 rex
1002 2117 1113 2184 omnia
1138 2117 1225 2185 mala

98 2231 277 2283 memorans
311 2217 495 2284 novissima
529 2221 562 2282 et
597 2217 734 2302 antiqua
766 2215 828 2283 sibi
855 2234 875 2282 a
902 2214 999 2283 fratre
1033 2232 1095 2282 suo
1120 2214 1223 2306 illata,

97 2313 122 2380 si
147 2331 212 2382 non
238 2315 459 2403 interceptum
485 2313 605 2382 fuisset
623 2313 744 2384 ibidem
767 2333 787 2382 a
809 2313 947 2405 civibus,
975 2318 1100 2381 armata
1125 2332 1226 2382 manu

98 2429 284 2496 germanum
310 2415 476 2502 proprium
501 2414 693 2482 invasisset.
729 2411 792 2494 Qui
817 2411 990 2480 declinans
1017 2411 1059 2478 ab
1086 2428 1147 2503 eo,
1176 2414 1224 2480 oi-

97 2511 222 2580 uitntem
258 2514 376 2581 exiens
414 2531 487 2580 cum
513 2529 618 2580 uxore
643 2510 840 2579 Maebtbildi
866 2514 900 2578 et
925 2516 995 2579 tota
1019 2508 1143 2579 familia
1168 2528 1224 2579 re-

98 2612 177 2699 cepit
202 2629 240 2680 se
266 2614 303 2679 in
330 2617 441 2680 castro
468 2610 557 2678 dioto
584 2609 898 2678 Wolirecbbausen.

164 2709 299 2779 Interim
318 2708 386 2777 dux
408 2706 542 2777 Austrie
567 2727 690 2795 magno
714 2713 921 2794 congregato
946 2708 1102 2798 exercitu,
1129 2706 1224 2775 Lud-

99 2808 210 2876 wicum
246 2825 362 2895 regem
397 2811 536 2897 cupiens
567 2807 726 2876 invadere
760 2813 795 2875 et
819 2813 943 2894 quanta
973 2809 1081 2897 potuit
1105 2809 1225 2875 virtute

98 2906 263 2977 civitatem
279 2904 468 2993 Augustam
489 2925 549 2995 pro
570 2924 611 2975 eo
636 2906 727 2994 quod
750 2906 815 2974 sibi
834 2910 1013 2998 juraverat,
1036 2906 1225 2975 molestare.

98 3001 211 3074 Vemm
237 3006 299 3076 illo
324 3008 360 3074 in
383 3012 532 3094 tempore
554 3005 708 3074 dominus
731 2999 809 3074 Cb.1
834 3005 1060 3091 Frisingensis
1080 3005 1224 3073 ecclesio

97 3109 242 3192 antystes
269 3123 311 3173 ex
330 3104 544 3174 dissensione
566 3106 751 3193 principum
764 3106 927 3194 Bawarie,
952 3104 1109 3174 videlieet
1132 3105 1224 3190 regis

98 3200 243 3273 Ludwioi
270 3210 304 3272 et
321 3203 430 3272 iratris
450 3205 503 3271 sui
528 3201 670 3294 Rudolir,
697 3221 837 3272 cernens
860 3208 1015 3271 terramm
1038 3202 1225 3271 discrimina

98 3303 269 3394 cumulari,
301 3304 357 3391 pia
390 3302 679 3394 consideratione,
714 3303 896 3390 assumptis
931 3302 993 3370 sibi
1025 3301 1225 3389 quibusdam

99 3400 282 3491 nobilibus,
309 3405 448 3491 temptat
481 3420 541 3471 eos
572 3401 615 3470 ad
640 3403 734 3490 pacis
758 3400 916 3468 reducere
941 3403 1111 3470 unitatem.
1156 3399 1225 3469 Sed

97 3505 130 3566 ut
148 3502 251 3592 aiunt,
279 3502 390 3588 ipsum
407 3503 601 3589 episcopum
628 3501 736 3586 magis
764 3500 840 3568 duci
862 3497 1004 3568 Rudolio
1030 3507 1063 3568 et
1078 3498 1225 3568 Australi

99 3595 218 3668 sevisse
246 3618 346 3687 quam
371 3603 453 3690 rogi,
482 3605 515 3668 et
540 3599 617 3667 idoo
644 3598 762 3667 dolose
784 3601 818 3666 in
842 3599 980 3684 longum
999 3599 1123 3689 piacita
1140 3615 1224 3687 pro-

98 3696 237 3789 telasse,
273 3704 311 3766 ut
335 3698 378 3765 ad
403 3698 627 3766 resistendum
662 3700 732 3766 suis
767 3697 921 3766 hostibus
946 3700 1133 3766 inveniatur
1157 3693 1224 3762 im-

98 3799 234 3866 munitus
261 3799 385 3886 pariter
412 3803 446 3865 et
470 3798 657 3884 neglectus.

167 3895 238 3964 Sed
257 3913 339 3963 eooo
357 3902 496 3985 repente
511 3898 688 3965 nunciatur
704 3895 795 3982 regi:
813 3893 923 3962 bootes
937 3911 1015 3961 coos
1024 3893 1147 3980 procul
1159 3911 1225 3962 non

99 4009 173 4079 croc,
199 3999 242 4079 et,
262 3995 326 4063 atri
349 3997 444 4062 mttere
467 3996 680 4082 mterceperit,
705 3993 897 4060 cacanum
921 3993 1059 4060 celemus
1083 3994 1224 4060 introtu-

98 4107 159 4160 roc.
184 4093 251 4174 Qui
272 4111 349 4163 mox
365 4096 453 4164 siout
469 4094 638 4164 dormiens
654 4091 913 4181 expergefactus
926 4091 968 4160 de
986 4107 1127 4181 sompno
1142 4111 1225 4180 per-

128 4215 156 4281 1)
174 4217 286 4272 n'dmlicb
305 4216 446 4272 Conradus.
989 4295 1028 4349 μ
