3002 4880
267 209 289 278 8
582 233 726 281 canonica
747 233 784 280 ua
805 233 904 280 amris
925 233 1093 281 rarncrrurr.

172 357 174 363 ¹
265 393 381 444 norum
409 373 482 459 regi
515 373 700 462 triumphus
727 375 761 440 et
785 372 928 442 victoria
954 371 1178 459 acclamatur,
1206 378 1238 441 et
1263 372 1312 440 sio
1334 385 1387 438 reu

264 473 424 543 Bohemic
451 471 597 540 dianam
623 471 732 540 sensit
755 489 898 561 manum,
926 474 960 538 et
987 471 1045 558 qui
1075 477 1191 540 contra
1214 471 1276 539 Dei
1301 468 1387 538 ordi·
1482 467 1483 528 ἲ

266 574 436 641 nationem
459 571 565 640 voluit
589 571 660 639 lreri
675 587 834 662 summas,
861 570 970 638 tactus
998 575 1051 638 est
1075 570 1221 658 iniimus,
1248 576 1281 638 et
1302 570 1387 653 justo

267 672 331 740 Dei
352 671 482 756 judicic
508 669 551 738 ad
576 670 734 738 nichilum
761 675 814 738 est
840 667 1008 738 redactus.

342 771 444 840 Porro
469 787 529 838 rex
551 769 715 838 Rudolius
740 767 781 836 da
801 774 867 836 tam
884 768 953 836 leto
976 770 1011 836 et
1041 763 1212 857 percaro1
1234 762 1388 852 trirunplro
1482 819 1483 822 ,

266 869 340 940 Deo
371 869 498 957 gratias
530 885 636 954 agens
675 865 783 935 induit
816 866 991 956 gaudium,
1020 865 1081 934 sed
1105 867 1301 956 permixtum
1328 879 1391 930 non

266 968 400 1038 modico
436 986 510 1035 cum
536 985 676 1036 merore.
726 965 842 1034 Doluit
870 967 957 1033 enim
991 982 1093 1054 super
1119 965 1267 1033 inlausta
1293 965 1390 1030 morte

265 1069 358 1154 regis
384 1066 554 1156 Bohcmia,
583 1081 724 1134 cernens
758 1083 833 1133 eum
858 1063 983 1132 nudum
1009 1069 1043 1132 et
1069 1070 1204 1133 exutum
1229 1060 1391 1149 regalibus
1482 1113 1483 1122 ι

266 1167 366 1235 armis
392 1171 426 1233 ct
448 1163 597 1252 undique
626 1167 845 1233 cruentatum.
898 1163 1059 1231 Misenus
1093 1164 1166 1232 eius
1194 1163 1291 1247 jubet
1324 1175 1393 1227 eum
1482 1239 1483 1242 Ἴ

264 1266 346 1354 poni
380 1265 415 1331 in
449 1262 540 1332 edito
577 1262 654 1331 loco
682 1267 715 1330 et
741 1262 943 1349 diligencius
971 1262 1150 1353 custodiri,
1186 1267 1224 1330 ut
1249 1259 1394 1329 videatur
1482 1261 1483 1332 ζ

266 1363 307 1432 ab
341 1362 495 1431 omnibus
531 1380 606 1431 eum
641 1361 712 1431 iore
746 1366 910 1430 mortuum
944 1365 978 1428 et
1011 1363 1181 1453 occisum,
1216 1365 1251 1428 et
1275 1377 1317 1427 ne
1342 1357 1395 1426 liat

265 1479 393 1552 anceps
413 1463 526 1550 opinio
553 1460 596 1530 de
624 1477 665 1530 co
691 1460 905 1549 presentibus
932 1464 966 1528 et
984 1460 1114 1552 lutaris,
1142 1466 1176 1528 et
1192 1458 1307 1528 dicant
1324 1473 1394 1524 eum

266 1579 345 1630 esse
378 1561 562 1650 sublatum,
606 1564 641 1627 et
672 1559 854 1647 aliquando
888 1563 1083 1650 venturum,
1119 1563 1154 1628 et
1188 1577 1231 1628 ex
1270 1575 1310 1626 eo
1342 1555 1395 1622 irat
1482 1553 1483 1602 l

265 1662 471 1729 novissimus
511 1677 603 1727 error
643 1660 739 1748 peior
772 1661 902 1749 priore,
938 1659 1091 1747 exemplo
1125 1658 1324 1726 ammonitus
1355 1651 1394 1721 do

266 1758 401 1828 domino
427 1756 597 1827 briderico
627 1756 795 1844 quondam
821 1759 1031 1848 imperatore,
1059 1756 1101 1825 de
1128 1775 1195 1845 quo
1229 1753 1396 1843 usquein

265 1857 463 1927 hodiernum
497 1855 585 1924 diem
620 1855 789 1924 dubitatur
823 1874 844 1923 a
877 1855 988 1923 multis
1027 1862 1136 1925 utrum
1170 1861 1321 1924 mortuus
1354 1851 1395 1920 sit

264 1957 320 2026 uel
345 1961 453 2046 vivat,
482 1960 514 2023 et
540 1959 593 2023 est
618 1953 748 2023 infinita
774 1955 963 2023 contencio

339 2056 542 2124 Planxerunt
573 2055 676 2140 igitur
720 2072 834 2140 regem
872 2053 1033 2122 Bohemic
1079 2070 1197 2121 omnes
1232 2054 1303 2142 sui,
1339 2013 1397 2118 sed

266 2154 408 2242 amplius
438 2154 558 2222 civitas
584 2154 784 2243 Pragensis,
813 2170 878 2240 que
907 2153 984 2240 ipso
1014 2157 1178 2237 regnante
1211 2151 1246 2218 in
1274 2148 1395 2220 divitiis

267 2257 300 2320 et
333 2253 408 2320 aliis
442 2252 650 2340 profectibus
682 2253 810 2340 recepit
845 2269 914 2319 non
948 2250 1116 2320 modicum
1148 2252 1396 2319 incrementum.

265 2349 340 2419 Non
379 2351 458 2420 licet
492 2352 591 2418 ctiam
627 2350 761 2419 silentio
796 2351 958 2438 preterire
991 2349 1083 2438 quod
1109 2350 1272 2436 sequitur.
1322 2349 1398 2418 Erat

266 2451 354 2517 enim
384 2451 419 2518 in
449 2449 565 2518 eadem
595 2451 729 2517 civitate
760 2449 1024 2517 sanctimonialis
1054 2449 1197 2562 quedam
1229 2447 1395 2516 claustra-

264 2548 318 2640 lis,
347 2554 380 2618 et
399 2555 518 2618 sancta
535 2548 657 2617 semina
672 2553 706 2616 et
723 2566 884 2634 germana
900 2550 991 2634 regis
1012 2549 1129 2638 occisi,
1151 2563 1217 2633 que
1237 2541 1483 2635 cognovit
1482 2607 1483 2634 ,

265 2649 300 2715 in
327 2650 460 2739 spiritu,
496 2646 610 2716 divina
637 2647 701 2716 sibi
727 2649 836 2733 gratia
862 2647 1050 2738 revelante,
1085 2646 1169 2715 hora
1203 2663 1269 2731 qua
1303 2663 1397 2715 oom—
1482 2651 1483 2714 ἕ

265 2749 403 2815 missum
419 2753 480 2815 est
502 2747 644 2833 prelium
669 2745 745 2834 plus
770 2765 868 2832 quam
884 2765 942 2813 xrn
934 2746 1141 2813 miliaribus
1156 2743 1300 2835 distans,
1327 2744 1398 2811 lra-
1482 2737 1483 2800 ἶ

265 2851 347 2913 trem
375 2863 471 2913 suum
508 2862 623 2931 regem
657 2843 861 2912 occubuisse
891 2849 925 2911 et
948 2850 1053 2912 morte
1088 2845 1258 2912 multatum
1267 2895 1278 2933 ,
1322 2843 1399 2910 licet
1482 2873 1483 2904 ;

266 2948 434 3010 certamen
459 2944 562 3029 longe
589 2947 666 3010 ante
691 2962 789 3030 quam
811 2944 876 3011 hoc
901 2943 1008 3011 nuntii
1038 2943 1271 3032 propalarent,
1310 2937 1399 3030 quod
1482 2985 1483 2988 =

265 3041 444 3110 confestim
482 3059 556 3109 cum
590 3060 713 3127 magno
748 3039 874 3110 eiulatu
906 3047 939 3109 et
969 3040 1049 3109 lletu
1074 3041 1290 3130 presentibus
1317 3040 1399 3108 inti·
1482 3101 1483 3104 ,

264 3143 374 3210 mavit.
426 3140 567 3209 Notatur
593 3139 667 3208 dies
696 3145 729 3208 et
753 3141 844 3208 hora.
891 3139 959 3209 Sed
982 3159 1050 3208 non
1084 3141 1193 3210 mrdto.
1213 3146 1293 3229 post
1318 3157 1399 3229 per·
1482 3137 1483 3140 ’

265 3243 378 3308 sonuit
397 3245 484 3308 terra
506 3244 540 3307 et
557 3241 686 3329 civitaS,
714 3238 801 3307 sama
824 3240 926 3330 volat,
943 3246 1081 3308 mortem
1098 3241 1190 3327 regis
1206 3241 1399 3327 annunciat,

265 3344 298 3406 et
322 3356 437 3406 verum
464 3338 588 3428 luisse,
616 3336 708 3425 quod
735 3339 998 3406 sanctimonialis
1025 3339 1082 3407 illa
1115 3338 1324 3428 predixerat,
1359 3336 1400 3404 ab

264 3438 418 3506 omnibus
454 3437 678 3506 confirmatur.
727 3437 881 3504 Pulsatur
923 3437 995 3523 regi
1028 3439 1063 3504 in
1096 3437 1213 3505 eadem
1251 3439 1399 3525 civitate,
1482 3475 1483 3480 =

263 3534 333 3605 scre
360 3535 403 3606 ad
431 3542 562 3604 centum
589 3535 754 3604 ecclesias
783 3536 953 3622 campanis
975 3536 1173 3604 sonantibus
1191 3537 1225 3603 in
1245 3536 1399 3622 sublime,

264 3639 298 3704 et
331 3636 503 3705 orantibus
535 3635 665 3704 cunctis
697 3639 731 3702 et
765 3632 973 3702 dicentibus:
1023 3633 1141 3703 Ammo
1173 3636 1262 3720 repta
1295 3632 1401 3701 nostrl

262 3740 439 3805 mereatur·
455 3737 585 3802 intrare
618 3731 680 3800 celi
711 3733 836 3818 paedia
861 3738 893 3800 et
917 3734 951 3800 in
975 3733 1049 3800 mnu
1073 3731 1203 3800 Abrabc
1228 3731 1400 3799 collocant.

261 3833 417 3920 Lugebat
442 3834 593 3900 nimirum
620 3833 718 3899 otiam
752 3832 870 3917 regina
901 3849 975 3899 cum
1002 3831 1133 3899 duobus
1164 3831 1278 3898 liberis
1313 3831 1400 3919 suis,

263 3934 394 4002 scilieet
411 3951 483 4000 cum
503 3932 570 3999 lilio
598 3937 632 3998 et
657 3931 740 4018 lilia,
769 3929 831 3999 sed
858 3935 965 3998 utrum
985 3932 1114 3999 seriose
1139 3929 1276 4020 lleverit,
1302 3929 1401 3997 Deus

261 4049 360 4117 quem
376 4031 501 4100 nullum
515 4032 596 4100 latet
606 4036 782 4119 secretum,
801 4030 875 4118 ipse
892 4031 995 4099 novit.
1023 4027 1165 4122 Causam
1177 4046 1258 4096 uero
1274 4029 1401 4096 erroris

259 4129 346 4198 inter
360 4148 475 4216 regom
489 4130 649 4198 Bohemie
672 4134 706 4197 et
718 4146 857 4197 uxorem
875 4146 970 4198 suam
991 4129 1130 4218 promisi
1148 4128 1303 4218 superius
1329 4145 1398 4198 suo

294 4257 325 4322 1)
345 4254 450 4312 Oeiclo:
470 4256 595 4326 preclaro.
