3052 4878
479 201 594 249 nrconnr
615 204 658 248 rr.
681 201 821 249 nornonr.
843 204 976 250 arnano,
1225 174 1294 244 125

157 337 218 408 fuit
251 339 392 430 dictum,
421 342 450 408 si
477 336 636 410 lecissct¹
663 348 739 411 ante
774 343 895 411 dictum
922 347 1065 412 castrum
1090 338 1235 433 Ancise,
1261 344 1295 411 in
1311 353 1378 408 1312

156 457 224 527 quo
251 445 332 507 tuno
359 444 431 508 erat
455 439 518 508 ilos
545 443 660 510 militie
686 443 852 511 Florentio
884 449 917 510 et
943 443 1065 510 Fusoie
1091 444 1125 510 iu
1151 443 1294 512 maximo

154 556 294 607 numero
312 539 491 630 hominurn,
517 541 590 628 ipsc
612 543 738 609 vicerat
753 542 962 631 Florentiam,
984 543 1062 629 quia
1080 559 1196 611 omnes
1214 540 1296 610 boni

156 643 251 706 erant
277 637 334 728 ibi,
362 645 396 707 ct
421 639 582 707 maximus
608 657 767 708 numerus
788 640 966 729 hominum,
995 640 1138 709 etlocus
1158 642 1294 708 strictus

157 742 193 804 et
217 736 304 804 male
332 735 374 805 de
399 738 602 805 victualibus
629 741 784 807 munitus.
823 739 1003 807 Florentini
1023 741 1203 808 exteriores
1231 738 1293 807 de-

157 835 278 903 derunt
305 836 368 904 sibi
395 835 485 905 aliud
511 837 696 927 consilium,
725 836 815 925 quod
846 838 971 906 directe
996 838 1194 906 Florentiam
1219 839 1292 928 iret,

156 940 193 1002 et
218 937 327 1002 statim
355 953 427 1003 eam
455 941 600 1025 caperet,
628 938 706 1023 quia
732 955 859 1027 omnes,
887 939 943 1024 qui
962 941 1118 1025 poterant
1134 955 1206 1004 cam
1227 935 1293 1004 de-

155 1032 303 1124 fendere,
332 1040 426 1102 erant
438 1035 472 1101 in
492 1034 549 1102 illo
566 1041 676 1104 castro
693 1033 828 1126 Ancise,
847 1038 935 1104 sieut
955 1053 1069 1103 vemm
1086 1042 1165 1105 erat.
1191 1035 1292 1103 Mane

154 1149 276 1201 versus
302 1133 501 1201 Florentiam
527 1135 597 1202 ivit.
641 1133 708 1202 Sed
730 1153 791 1223 per
818 1135 914 1204 aliam
934 1136 1020 1203 viam
1036 1134 1216 1204 Florentini
1234 1152 1293 1202 re·-

154 1238 333 1300 ocsserunt
376 1235 523 1300 scientes
556 1233 640 1300 ultra
673 1252 809 1323 aquam,
844 1235 922 1321 quia
952 1239 1087 1322 pontem
1114 1233 1292 1322 habebant,

154 1329 200 1398 de
217 1337 326 1420 nocte,
355 1337 389 1399 et
403 1338 481 1399 ante
496 1333 729 1421 imperatorem
745 1339 980 1422 pervenerunt.
1021 1333 1062 1399 Et
1083 1339 1193 1400 tamen
1215 1338 1294 1420 post

155 1447 219 1498 eos
245 1431 290 1497 ita
310 1431 375 1499 cito
394 1433 486 1498 venit
503 1433 690 1521 imperator,
718 1432 808 1519 quod
827 1431 960 1519 quando
977 1431 1195 1520 applicuimus
1215 1436 1292 1498 ante

153 1528 373 1619 Florentiam,
401 1531 473 1598 scio
507 1529 597 1617 quod
624 1548 742 1598 carnes
768 1530 1025 1599 inveniebantur
1050 1528 1093 1596 ad
1119 1531 1231 1615 ignem
1257 1529 1293 1596 in

156 1627 250 1718 ollis,
278 1633 313 1695 et
337 1628 414 1696 lecti
439 1628 536 1719 iacti,
565 1635 599 1696 ct
623 1629 704 1697 nibil
731 1630 839 1699 adbuc
865 1637 936 1698 crat
961 1633 1141 1716 remotum,
1169 1634 1203 1696 et
1228 1626 1293 1696 hoc

152 1726 297 1815 probavi
322 1727 357 1794 in
383 1726 527 1817 hospitio
554 1730 589 1795 in
616 1746 683 1815 quo
711 1727 765 1796 fui.
880 1781 882 1787 .

231 1826 411 1912 Postquam
434 1829 587 1895 venimus
611 1833 689 1894 ante
713 1827 932 1916 Florentiam,
968 1826 1079 1895 omnia
1105 1824 1194 1893 mola
1226 1841 1291 1911 que

153 1941 218 2013 per
243 1930 378 2010 gentem
408 1927 616 2013 imperatoris
643 1931 822 2015 potuerunt
847 1925 917 1993 lieri
942 1926 977 1992 in
1003 1942 1117 1994 eorum
1139 1922 1292 1992 districtu

156 2028 195 2091 et
220 2025 385 2091 territorio
411 2024 516 2115 facta,
544 2030 578 2093 et
603 2043 663 2114 per
688 2027 800 2111 ignem
827 2030 860 2093 et
885 2042 945 2112 per
970 2023 1232 2092 destructionem
1259 2027 1294 2090 et

152 2138 217 2211 per
249 2121 403 2190 arborum
430 2140 565 2192 suorum
591 2124 846 2192 abscissionem.
890 2122 971 2191 Post
994 2140 1122 2212 paucos
1149 2121 1222 2190 dies
1249 2121 1291 2189 ab

154 2220 304 2289 adventu
330 2238 393 2289 suo
420 2220 573 2292 dominus
593 2223 778 2311 imperator
803 2222 864 2290 fuit
887 2221 1035 2290 intirmus
1057 2222 1215 2291 continua
1238 2222 1293 2289 vel

154 2319 280 2408 duplici
314 2322 473 2411 tertiana,
501 2328 535 2389 el
561 2321 603 2390 de
629 2322 694 2390 hoo
727 2328 798 2390 crat
829 2319 991 2389 dubitatio
1016 2322 1103 2388 inicr
1130 2319 1292 2387 medicos.

152 2419 207 2487 lbi
230 2421 334 2507 primo
359 2422 483 2509 incepit
503 2438 656 2489 crescere
673 2422 707 2488 in
731 2419 918 2488 hominibus
936 2419 978 2487 de
998 2419 1147 2507 partibus
1168 2419 1292 2486 Fusoie

154 2523 191 2586 et
217 2517 258 2586 de
284 2519 442 2586 Marohia.
480 2519 556 2589 Non
582 2527 694 2588 tamen
719 2537 864 2606 unquam
891 2517 1024 2585 luerunt
1048 2523 1098 2587 tot
1123 2519 1157 2584 in
1183 2519 1291 2606 armis,

154 2618 237 2704 quin
261 2617 442 2685 Florentini
468 2623 501 2686 et
520 2637 634 2687 corum
658 2619 737 2709 liga,
766 2635 830 2705 que
856 2616 902 2684 ibi
928 2622 1132 2685 convenerat
1156 2621 1223 2684 tam
1250 2614 1292 2683 de

153 2716 289 2806 Tuscia,
318 2735 416 2803 quam
443 2717 596 2798 Bononia
623 2725 656 2786 et
680 2716 898 2785 Romandiola
925 2721 959 2783 et
977 2714 1137 2804 Marohia,
1165 2713 1207 2782 dc
1222 2715 1291 2782 Pc-

153 2816 259 2903 rusio,
287 2820 322 2882 ct
347 2814 545 2901 quibusdam
571 2817 644 2885 aliis
669 2817 764 2884 terris
787 2816 941 2905 ecclesie,
968 2832 1029 2902 pro
1055 2805 1152 2904 uno²,
1178 2820 1214 2881 ut
1235 2812 1291 2880 di-

154 2912 312 3003 cebatur,
349 2913 493 2982 luissent
520 2920 584 2984 tres
613 2917 647 2982 in
674 2915 772 2983 bonis
800 2915 912 3003 equis,
940 2920 974 2981 ct
998 2931 1059 3001 pro
1084 2931 1152 2981 uno
1178 2911 1291 3000 pedite

154 3017 281 3080 armato
300 3011 416 3080 decem
434 3015 549 3082 armati
568 3014 764 3103 vel-plures.
806 3013 879 3099 Ego
906 3011 1064 3081 recordor
1090 3011 1291 3101 Frequenter,

154 3110 291 3198 quando
318 3111 437 3179 medici
463 3112 686 3201 desperabant
710 3112 752 3180 de
767 3112 976 3201 imperatore,
1003 3112 1127 3200 plures,
1155 3112 1211 3197 qui
1228 3111 1292 3178 iam

154 3209 221 3276 sibi
254 3212 462 3278 serviverant
494 3212 552 3279 diu
585 3230 658 3280 cum
685 3229 799 3280 corum
834 3211 1013 3301 expensis,
1047 3210 1201 3279 volentes
1229 3208 1292 3276 sibi

152 3308 331 3396 providere
357 3310 393 3376 in
418 3309 548 3401 hyeme,
575 3315 772 3400 receperunt
796 3310 963 3378 licentiam
987 3308 1030 3377 ad
1056 3314 1187 3398 tempus
1214 3326 1292 3376 cer-

154 3412 235 3496 tum,
261 3413 294 3475 ct
315 3414 523 3496 postcomm
541 3426 722 3500 recessum,
751 3410 829 3496 quia
853 3410 918 3476 iam
945 3406 988 3475 ad
1013 3407 1129 3476 deocm
1155 3408 1293 3476 miliaria

153 3522 225 3572 non
242 3507 497 3576 inveniebantur
514 3509 679 3599 victualia,
707 3507 884 3596 oportebat
906 3525 979 3575 cum
997 3525 1120 3592 magna
1137 3507 1293 3574 comitiva

152 3605 202 3672 ire
228 3622 288 3692 pro
315 3606 514 3674 victualibus
540 3613 674 3696 propter
698 3607 880 3695 periculum
892 3628 901 3693 3
930 3604 1019 3692 quod
1040 3603 1229 3692 aliquando,
1258 3608 1294 3670 ut

153 3702 314 3770 dicebant
339 3706 396 3791 qui
419 3705 497 3774 talia
515 3709 599 3774 seire
619 3705 796 3797 debebant,
823 3721 892 3772 non
908 3704 1124 3772 remanebant
1140 3703 1291 3772 homines

152 3803 296 3870 trecenti
322 3802 409 3870 benc
435 3805 470 3871 in
498 3806 592 3892 cquis
619 3806 661 3873 ab
682 3811 802 3873 aurora
826 3822 935 3891 usque
962 3802 1005 3870 ad
1031 3819 1191 3890 vesperas
1218 3818 1291 3867 curn

153 3903 356 3989 imperatore
383 3903 571 3990 periculose
598 3907 647 3971 sic
671 3903 811 3972 inirrmo.
858 3903 900 3971 Et
925 3903 1011 3970 bene
1038 3906 1110 3968 erat
1134 3899 1291 3989 mirabile,

152 4000 223 4068 nisi
248 3999 411 4069 Dominus
444 4002 682 4072 custodivisset
714 4003 947 4091 imperatorem
973 4018 1046 4068 curn
1071 3999 1142 4068 suis
1155 4051 1165 4090 ,
1202 4015 1292 4086 quo-

190 4140 224 4206 1]
242 4140 402 4195 obsidionem
424 4141 489 4198 oder
511 4145 555 4197 ein
578 4143 713 4200 ibnliches
736 4145 803 4198 wort
828 4144 929 4198 sebeint
952 4155 983 4195 zu
1004 4139 1099 4196 ielrlen.
1149 4141 1181 4208 2)
1206 4143 1293 4210 equite

147 4210 257 4265 sebeint
274 4225 306 4262 zn
322 4209 417 4267 lemen.
