3096 4882
254 222 324 290 262
427 241 429 246 ’
543 237 565 266 ¹*
618 250 686 294 utra
709 248 817 296 urnonr
839 249 947 304 cornu
969 249 1029 294 rur.

165 398 232 452 reto
250 387 383 476 quidam
418 387 517 479 baro,
544 389 704 475 magister
737 390 827 457 curie
860 387 1011 477 predicte
1038 386 1152 455 uxoris
1178 385 1289 455 iratris
1317 387 1393 476 mei,

247 493 476 556 tractaverunt
510 486 551 556 de
587 505 757 557 consensu
783 487 889 576 ipsius
917 494 950 556 et
976 487 1114 554 aliorum
1140 487 1302 555 baronum
1329 504 1392 574 pa-

249 587 327 676 trie,
353 592 390 654 ut
422 586 612 675 repudiaret
645 586 777 656 fratrem
805 605 934 677 meum,
963 590 996 656 et
1023 584 1159 653 duceret
1183 584 1393 653 Ludovicum

249 685 350 752 filium
382 686 504 753 Bavari
531 688 587 773 qui
624 702 661 754 se
708 687 847 772 gerebat
882 703 941 775 pro
983 686 1201 774 imperatore,
1236 692 1271 752 et
1303 682 1395 771 quod

250 803 365 853 omnes
384 784 529 853 barones
551 784 678 852 vellent
698 785 744 852 iiii
764 785 901 854 obedire
928 790 1095 870 tamquam
1121 781 1266 873 domino,
1298 784 1397 871 ipsa·

251 901 316 970 que
344 884 407 951 sibi
425 890 518 951 esset
538 885 571 950 in
598 902 745 952 uxorem,
781 884 852 952 Heo
873 884 993 953 volens
1020 883 1146 950 rescire
1171 881 1394 950 certitudine-

248 981 333 1072 iiter,
360 984 460 1071 posui
495 990 625 1050 secrete
659 982 800 1051 insidias
834 983 943 1052 eidem
968 980 1107 1050 biberto
1135 999 1208 1049 oum
1234 981 1395 1050 Buscone

250 1082 382 1149 iuniori.
408 1082 450 1150 Et
477 1083 642 1170 eaptivovi
669 1100 755 1172 eum,
783 1081 929 1170 durique
956 1099 1030 1150 eum
1059 1098 1118 1169 per
1144 1081 1260 1149 silvam
1286 1097 1396 1167 usque

251 1179 294 1249 ad
321 1186 467 1248 castrum
493 1180 583 1267 quod
614 1179 733 1250 dicitur
759 1174 935 1270 Sonpurg1
960 1198 1064 1269 prope
1092 1179 1301 1267 inspurgam.
1345 1179 1396 1247 lbi

251 1281 382 1368 positus
409 1278 453 1346 ad
480 1286 652 1367 tormenta,
679 1283 877 1367 recognovit
903 1281 965 1348 hee
991 1280 1103 1348 omnia
1129 1281 1180 1346 sie
1206 1295 1243 1346 se
1270 1278 1397 1346 babere

251 1379 339 1446 sieut
373 1378 477 1445 relata
503 1379 600 1446 micbi
630 1378 770 1448 inerant.
812 1381 907 1448 Tune
932 1379 1062 1447 nitebar
1090 1380 1256 1465 captivare
1284 1377 1396 1463 magi-

250 1483 356 1544 strum
392 1479 499 1566 curie,
533 1479 588 1566 qui
631 1484 741 1546 temen
774 1497 835 1567 pro
871 1484 1020 1566 tempore
1056 1477 1112 1545 iilo
1147 1494 1266 1544 manus
1301 1494 1396 1544 meas

252 1578 375 1665 evasit,
414 1583 524 1645 castro
560 1585 669 1645 tamen
702 1596 764 1646 suo
802 1596 911 1665 usque
945 1577 987 1645 ad
1022 1583 1142 1644 terram
1174 1575 1307 1644 deiecto
1333 1593 1396 1663 per

251 1693 315 1744 me.
350 1675 427 1763 lpse
456 1695 590 1764 quoque
617 1682 738 1765 postea
763 1695 823 1765 per
849 1678 975 1745 amicos
1002 1692 1085 1743 suos
1113 1676 1146 1741 in
1164 1691 1282 1742 manus
1301 1691 1397 1742 meas

251 1774 311 1843 fuit
336 1773 493 1866 tradituS‚
520 1777 569 1844 sic
595 1776 723 1843 scilicet
749 1782 796 1866 ut,
824 1778 943 1844 comite
971 1775 1034 1842 sibi
1061 1775 1142 1863 rita,
1174 1776 1208 1841 in
1235 1773 1309 1841 aliis
1336 1791 1399 1862 pro

251 1874 425 1943 voluntate
460 1892 533 1941 mea
567 1876 601 1941 in
634 1874 786 1942 manibus
821 1877 903 1944 meis
938 1878 1135 1942 remaneret.
1178 1873 1250 1941 Hec
1284 1872 1398 1940 omnia

256 1971 346 2041 fratri
377 1989 451 2040 meo
491 1973 688 2063 significavi,
716 1975 772 2061 qui
806 1975 905 2042 micbi
939 1980 1052 2062 grates
1086 1989 1195 2059 agens
1229 1972 1400 2058 acquievit

257 2089 332 2139 mee
367 2072 524 2163 oonsilio,
558 2077 592 2140 et
623 2075 797 2161 posuimus
830 2073 1014 2142 custodiam
1049 2078 1160 2140 castro
1197 2070 1329 2160 Tyrolis
1361 2077 1398 2139 et

255 2187 447 2238 uxorisne.

326 2267 457 2336 Deinde
490 2270 643 2356 processi
674 2268 716 2337 ad
744 2286 893 2337 sororem
919 2288 1026 2338 meam
1052 2272 1087 2338 in
1111 2270 1296 2360 bavariam,
1325 2285 1397 2355 que

253 2367 427 2454 indigebat
453 2371 525 2436 mei.
561 2369 602 2437 Et
628 2366 748 2436 abinde
775 2387 932 2438 reversus
961 2387 1033 2437 sum
1060 2387 1119 2458 per
1140 2368 1397 2454 Salczburgen-

256 2485 326 2536 sem
343 2467 665 2556 archiepiscopatum
687 2469 806 2535 iterato
825 2486 958 2558 gressu,
986 2475 1019 2536 et
1040 2469 1178 2557 perveni
1198 2469 1233 2536 in
1253 2468 1397 2556 episco-

252 2573 365 2655 patum
393 2567 598 2636 Brixiensem
634 2566 677 2634 ad
706 2573 856 2634 castrum
877 2561 1060 2636 Taubers².
1103 2566 1234 2635 Deinde
1260 2567 1303 2634 ivi
1330 2583 1397 2654 per

253 2666 374 2734 vallem
406 2663 560 2734 Cadubrii
595 2665 637 2733 ad
672 2667 836 2733 civitatem
865 2667 1024 2757 Beiiunii,
1052 2672 1086 2734 et
1109 2672 1275 2734 nocturno
1303 2671 1398 2732 tem-

253 2783 335 2853 pore
369 2766 490 2832 intravi
515 2767 549 2832 in
576 2765 769 2833 suburbium
788 2768 888 2832 castri
909 2764 1079 2834 tortissimi
1104 2755 1333 2834 Iumeiiorum³
1357 2765 1398 2832 in

164 2898 237 2936 sam.
256 2865 368 2950 vigilia
402 2863 492 2931 beati
528 2864 723 2931 Wenoesiai
748 2866 911 2952 martyris
954 2866 995 2933 Et
1028 2866 1076 2932 sic
1102 2863 1279 2933 obsidione
1305 2861 1400 2933 iacta

187 2952 219 3004 2⁷
254 2965 362 3050 ipsum
391 2962 529 3030 obtinui.
563 2960 661 3042 Quod
688 2967 831 3030 castrum
850 2963 1049 3050 possidebat
1076 2981 1188 3032 comes
1208 2962 1398 3030 Crenensis

255 3061 408 3130 dominus
435 3059 477 3127 de
506 3059 642 3128 Camino
669 3079 709 3128 ao
735 3063 851 3129 civitas
880 3063 1094 3152 Venetorum,
1122 3065 1177 3149 qui
1198 3068 1276 3129 tunc
1298 3069 1400 3130 erant

254 3162 318 3228 mei
341 3160 473 3248 inimici,
502 3159 593 3246 quod
617 3165 726 3228 tamen
746 3167 824 3250 post
842 3162 1051 3230 concordiam
1075 3165 1109 3229 in
1132 3180 1206 3229 mea
1222 3166 1396 3249 potestate

254 3260 422 3327 remansit.
455 3256 586 3327 Abinde
612 3261 657 3328 ivi
683 3261 717 3327 in
745 3261 1164 3329 civitatemmrdentmam.
1187 3261 1227 3329 Et
1252 3261 1398 3329 veniens

173 3330 235 3438 ¹⁴ng
254 3360 289 3426 in
316 3359 505 3426 comitatum
532 3359 663 3446 Tyrolis
690 3358 736 3427 fui
761 3360 806 3427 ibi
833 3379 940 3447 usquc
968 3361 1010 3429 ad
1034 3360 1181 3447 vigiliam
1208 3360 1304 3427 beate
1322 3358 1398 3428 tta-

253 3594 377 3660 schweig
394 3593 491 3661 herzog
509 3593 647 3649 Heinriohs
670 3597 778 3650 zweiter
799 3595 937 3665 gemabiin,
954 3611 996 3649 um
1013 3595 1080 3650 1318
1096 3595 1213 3662 geborne
1230 3593 1399 3662 Margaretba
1448 3587 1454 3598 ’

254 3663 352 3717 damais
376 3665 453 3717 einen
483 3664 671 3718 erwaehsenen
699 3664 764 3718 sobn
788 3665 856 3718 nocb
882 3680 927 3732 gar
947 3665 1019 3718 niebt
1037 3663 1121 3718 baben
1141 3664 1254 3731 iconie,
1280 3665 1398 3717 andrer-

253 3734 315 3785 scits
334 3733 394 3785 dass
415 3732 504 3785 Atbert
522 3733 560 3785 als
578 3733 739 3787 natiirticber
756 3733 821 3786 sobn
839 3733 910 3787 ibres
927 3740 1013 3788 vaters
1032 3747 1078 3786 nus
1095 3733 1295 3801 gleichzeitigen
1313 3734 1400 3786 reeb-

253 3800 456 3869 nungsbiicbern
480 3816 526 3866 gar
549 3801 618 3854 110111
643 3800 760 3856 bekannt
780 3803 821 3856 ist.
856 3802 892 3855 So
910 3803 992 3856 beisst
1010 3816 1039 3855 es
1056 3803 1083 3854 in
1102 3804 1177 3856 einer
1195 3801 1326 3868 reebnung
1343 3815 1399 3867 ge-

254 3871 324 3922 steitt
343 3867 549 3924 imiabr1336:
577 3869 647 3922 dedit
671 3871 775 3922 domino
801 3869 908 3924 biberto
934 3869 987 3924 silio
1013 3871 1108 3924 domini
1126 3870 1190 3936 (dcs
1207 3869 1398 3936 landesberrn)

253 3937 363 3990 naturali
381 3953 428 4006 pre
446 3940 542 3990 vestitu
559 3937 603 3990 bb.
622 3938 653 4000 1.,
672 3939 697 3989 in
718 3940 792 3991 einer
815 3939 913 3993 andern
938 3940 1045 4006 gestelit
1069 3939 1151 3993 toti:
1170 3939 1241 3992 dedit
1264 3951 1299 3991 ex
1317 3953 1400 3993 man·

255 4006 312 4060 dato
337 4005 457 4070 donnae,
486 4007 591 4059 domine
621 4007 760 4073 Margarite
790 4007 907 4072 ducisse,
926 4008 1034 4065 biberto
1053 4008 1124 4062 tratri
1146 4009 1267 4077 predicte
1289 4007 1402 4064 domine
1540 4047 1541 4064 r

254 4073 358 4127 ducisse
376 4075 519 4142 spadonem
537 4090 615 4128 unum
633 4089 680 4142 pro
698 4089 776 4128 marc.
794 4090 853 4129 xxv.
891 4077 922 4142 i]
940 4077 975 4130 So
1001 4077 1044 4130 die
1068 4076 1116 4143 bs,
1143 4077 1198 4130 also
1217 4075 1402 4146 Sonnenburg
1540 4067 1541 4140 1

253 4142 352 4196 siddiicb
377 4157 429 4196 von
455 4141 586 4196 lnsbrueb.
623 4142 761 4210 Steinburg
788 4146 841 4197 wie
871 4145 1013 4199 liciebat
1041 4147 1075 4199 ist
1097 4145 1231 4210 unriebtig.
1281 4145 1312 4210 2)
1330 4146 1400 4200 Atso
1540 4143 1541 4200 1

253 4211 359 4265 Tauters
387 4213 422 4264 im
448 4211 592 4266 Postertbal
620 4211 686 4263 ureb
712 4213 759 4264 der
781 4211 861 4266 iesart
884 4227 937 4266 von
962 4213 1071 4268 Beness.
1106 4214 1180 4267 bein.
1204 4213 1248 4267 bat
1274 4212 1399 4278 Tambus.
1540 4212 1541 4266 i

253 4279 297 4333 die
314 4279 352 4332 bs.
371 4278 479 4333 Taubus.
514 4280 546 4346 3)
565 4279 689 4334 Zumelte.
708 4280 795 4350 Vergl.
816 4280 916 4338 Certus.
933 4283 1002 4350 apud
1016 4282 1140 4338 Muratori
1159 4283 1200 4350 12,
1218 4280 1276 4336 904.
