3052 4878
274 177 343 248 126
585 205 766 252 arconium.
789 203 930 252 nornour.
953 203 1087 251 renarro.

189 361 255 417 rara
274 343 373 414 modo
400 343 456 412 alii
481 349 532 413 tot
555 346 591 413 in
616 360 755 412 numero
782 349 816 411 11
839 341 926 411 infra
946 359 1041 411 snam
1061 343 1228 411 civitatem
1251 343 1402 428 potentes

274 461 342 512 non
369 445 495 513 maiora
521 444 664 532 dampna
691 441 858 510 iaciebant
883 442 969 531 aliis,
997 459 1071 510 oum
1095 447 1206 509 tamen
1225 439 1294 508 lere
1322 441 1404 508 omni
1508 518 1509 542 ,

274 542 330 611 die
365 559 433 610 non
459 543 661 630 generaliter
686 540 796 611 aloubi
826 542 973 631 exirent,
1000 540 1062 609 sed
1088 541 1213 630 statim,
1241 537 1331 625 quod
1355 541 1404 606 in·
1508 563 1509 632 3

274 640 456 710 veniebant
480 644 691 729 resistentes,
718 639 759 708 ad
787 642 952 708 civitatem
979 639 1239 708 revertebantur.
1333 697 1336 704 .

348 739 397 808 lbi
411 739 454 808 de
472 743 632 810 nomitatu
648 758 761 809 eorum
782 747 816 806 et
831 739 980 808 distriotu
996 738 1038 806 ad
1058 738 1282 828 obedientiam
1300 752 1405 804 vene-

275 844 350 907 runt
375 844 441 906 tam
466 839 509 908 de
535 840 621 908 valle
648 839 690 907 de
717 837 817 927 Sava,
845 856 943 924 quam
969 836 1012 906 de
1037 836 1124 906 valle
1151 837 1193 906 de
1221 835 1348 924 Greva,
1375 839 1406 902 11

273 938 423 1028 pluribus
457 938 531 1006 aliis
566 938 726 1008 contratis
758 954 879 1006 versus
903 933 1030 1004 Arnum
1055 936 1233 1026 plusquam
1260 932 1406 1022 quadra·
1509 979 1510 1016 ,

274 1039 368 1124 ginta
384 1041 503 1127 eastra,
531 1044 564 1105 et
581 1055 657 1106 meo
680 1035 803 1105 iudicio
822 1036 898 1123 plus
924 1037 1040 1104 timore
1067 1053 1166 1122 quam
1192 1051 1313 1103 amoro.
1349 1033 1407 1100 Ti-

273 1136 408 1203 mebant
434 1143 543 1204 autem
569 1154 611 1204 ne
639 1136 858 1224 spoliarentur
883 1151 943 1223 per
968 1134 1206 1203 Theotoniaos
1245 1133 1286 1201 Et
1309 1135 1406 1220 post·

275 1252 374 1321 quam
405 1233 625 1303 obediverunt
661 1240 756 1302 erant
787 1235 914 1323 seonri,
941 1237 975 1300 et
999 1233 1182 1301 veniebant
1207 1231 1250 1300 ad
1276 1231 1408 1298 exerei-

275 1341 353 1423 tum,
375 1332 633 1420 vendebantque
660 1333 750 1401 bona
776 1349 838 1400 sua
862 1333 897 1399 in
924 1330 1025 1420 duplo
1051 1351 1150 1420 qnam
1174 1331 1336 1399 valerent.

348 1431 491 1501 Domino
510 1433 709 1521 imperatore
730 1433 779 1500 sie
802 1429 905 1500 debili
929 1432 1045 1499 iterum
1060 1430 1229 1520 prediatus
1246 1425 1409 1500 Rieardus
1511 1474 1512 1542 ,

275 1529 422 1616 Hugueti
447 1533 540 1599 venit
565 1530 608 1600 ad
634 1533 825 1620 exereitum,
853 1531 977 1598 missus
1000 1547 1062 1619 per
1086 1531 1171 1598 istos
1196 1529 1339 1597 maiores
1368 1525 1409 1594 de
1511 1543 1512 1574 i

274 1629 458 1721 Florentia,
486 1629 529 1698 ad
564 1629 771 1698 tractandum
797 1628 840 1697 de
864 1645 948 1717 paee
980 1635 1014 1697 et
1039 1627 1221 1698 ooneordia
1245 1634 1282 1695 ut
1305 1626 1410 1716 prius,

276 1745 444 1796 excusans
460 1746 521 1798 eos
539 1735 697 1816 quantum
713 1730 821 1817 potuit
834 1727 913 1795 lieet
926 1745 995 1796 non
1009 1726 1096 1795 bene
1111 1727 1292 1817 prediatus,
1307 1741 1411 1812 qnare

274 1843 343 1894 non
366 1833 529 1895 venerant
551 1827 606 1896 vel
628 1829 787 1895 miserant
807 1828 844 1894 in
864 1825 985 1894 Urbem
1010 1826 1177 1916 Veterem,
1203 1829 1302 1914 prout
1323 1842 1411 1912 pro-

274 1927 445 1993 miserant.
489 1926 531 1994 Et
562 1926 732 2015 reincepto
760 1930 901 1995 traetatn
932 1923 975 1993 de
1007 1943 1098 1994 novo
1127 1930 1264 2038 propter
1295 1923 1411 2011 plures
1512 1945 1513 1972 ³

275 2025 513 2092 mutationes
503 2043 538 2091 rn
563 2024 731 2115 predictis,
757 2030 837 2114 post
861 2024 974 2113 plures
1001 2024 1074 2093 dies
1101 2026 1198 2112 quasi
1223 2022 1412 2092 eoncordes

276 2139 393 2190 omnes
419 2122 466 2190 illi
491 2126 689 2192 secretiores
715 2123 758 2192 de
784 2124 925 2193 oonsilio
953 2141 1026 2191 eum
1051 2121 1202 2212 prediolo
1227 2120 1412 2192 consesso—

277 2235 346 2288 rem
382 2237 476 2288 suum
510 2228 732 2311 vocaverunt,
758 2228 796 2290 ut
820 2224 930 2311 ipsum
955 2222 1129 2291 induceret
1154 2222 1197 2291 ad
1222 2219 1414 2289 laciendum
1513 2227 1514 2258 ³

275 2335 336 2408 pro
363 2337 446 2408 pano
471 2319 563 2410 illud,
591 2321 681 2408 quod
708 2321 840 2411 talibus,
867 2321 910 2390 de
937 2321 1057 2409 quibus
1082 2323 1190 2408 magis
1210 2317 1412 2412 nonidebat,

275 2435 336 2505 pro
363 2418 491 2486 meliori
515 2419 697 2488 videbatur.
739 2420 910 2490 Predietus
937 2419 1113 2490 oonlessor
1134 2421 1215 2488 satis
1236 2419 1413 2511 laboravit,

277 2514 340 2586 sed
365 2537 480 2606 parum
504 2517 654 2608 proleoit
702 2515 824 2589 Omnia
854 2537 918 2607 que
945 2519 1081 2588 volebat
1106 2524 1208 2587 totum
1234 2518 1414 2587 consilium
1514 2573 1515 2610 ,

246 2699 248 2706 Ι
276 2615 418 2707 habere,
446 2636 512 2704 que
537 2617 711 2707 possibilia
737 2624 831 2688 erant
856 2624 889 2686 et
914 2618 1058 2686 honesta
1083 2635 1197 2686 eorum
1221 2616 1416 2708 iudioio,a

277 2715 397 2783 Tusois
421 2716 598 2786 rebellibus
617 2716 898 2806 oonoedebantur,
924 2717 990 2785 hoo
1014 2722 1156 2805 exeeptn
1183 2714 1303 2804 quod
1293 2735 1328 2784 m
1344 2723 1416 2784 ter-

276 2831 332 2882 ras
359 2831 428 2883 non
454 2817 591 2884 intraret
615 2817 650 2883 in
676 2817 740 2884 1511
763 2818 922 2905 novitate,
950 2815 1011 2884 sed
1037 2816 1124 2884 bene
1148 2817 1309 2885 vinarium
1335 2818 1415 2882 mit-

276 2918 363 2980 teret
395 2930 496 2980 unum
535 2913 738 3000 singularem
779 2933 877 3002 quem
909 2915 1085 3003 petebant,
1113 2914 1155 2982 de
1181 2931 1248 3000 quo
1275 2913 1415 2982 domino

275 3013 465 3099 imperatori
489 3011 565 3100 plus
591 3013 745 3101 plaoebat
771 3032 869 3100 quum
896 3012 937 3080 de
963 3014 1028 3081 alio
1051 3014 1184 3082 vinario.
1226 3011 1295 3080 Sed
1320 3013 1415 3081 nullo

275 3108 376 3177 modo
402 3110 508 3178 voluit
535 3113 736 3201 consentire,
764 3113 831 3180 nisi
848 3114 985 3180 intraret
1002 3114 1031 3181 si
1047 3112 1159 3201 vellet,
1186 3110 1304 3179 dioens
1322 3111 1416 3199 quod

275 3210 415 3294 gratiam
442 3215 475 3276 et
496 3210 757 3279 misericordiam
777 3210 976 3280 haberemus
995 3211 1037 3279 ab
1059 3228 1101 3279 eo
1121 3227 1181 3300 pro
1196 3211 1281 3298 ipsis
1300 3228 1417 3297 quan-

276 3311 344 3372 tum
370 3307 551 3398 vellemus,
587 3310 681 3377 salvo
710 3316 819 3377 tamen
845 3309 971 3378 honore
998 3327 1081 3399 suo,
1110 3311 1165 3396 qui
1191 3308 1284 3377 nullo
1310 3308 1416 3378 modo

277 3409 371 3472 esset
390 3405 425 3472 in
445 3405 500 3474 tali
520 3413 630 3498 paeto,
658 3408 748 3495 quod
773 3411 998 3478 nenessitatus
1025 3414 1119 3478 esset
1141 3425 1209 3476 non
1225 3425 1332 3496 posse
1354 3408 1418 3475 in·-

275 3509 373 3594 trare,
392 3505 422 3570 si
442 3504 554 3595 vellet,
572 3509 606 3574 in
625 3508 696 3575 suis
718 3507 922 3593 civitatibus,
944 3525 1008 3576 nee
1027 3509 1102 3597 ipse
1122 3506 1301 3597 iudicabat,
1321 3505 1418 3594 quod

276 3605 328 3672 sui
353 3602 497 3671 rebelles
523 3610 702 3691 quererent
730 3605 820 3673 alind
846 3608 912 3674 nisi
940 3625 1035 3676 suum
1055 3605 1295 3674 recessum-ad
1322 3612 1418 3674 tem-

275 3719 350 3792 puS,
376 3708 497 3791 postea
522 3703 565 3772 de
587 3703 675 3772 iaeili
695 3705 892 3793 impedirent
915 3723 989 3774 eum
1014 3723 1058 3773 ne
1083 3706 1231 3794 intraret,
1257 3706 1338 3791 quia
1355 3707 1417 3773 in-

275 3803 396 3871 troitus
413 3820 472 3891 per
484 3803 569 3871 istas
587 3810 699 3893 partes
715 3805 787 3872 sine
804 3806 884 3872 mari
901 3807 934 3872 in
949 3806 1072 3873 Tuseia
1086 3806 1169 3872 satis
1185 3809 1263 3872 sunt
1275 3821 1417 3894 graveS,

277 3907 312 3969 ot
324 3918 385 3989 per
401 3919 492 3970 mare
507 3919 576 3970 non
592 3919 723 3990 semper
738 3903 838 3972 bomo
856 3902 948 3971 vadit
966 3902 1100 3991 quando
1116 3902 1197 3993 vult,
1211 3908 1246 3970 11
1256 3920 1418 3990 magnam

277 3999 517 4070 multitudinem
527 4001 624 4070 simul
635 4019 793 4090 permane
806 4003 945 4070 transire
959 4008 1190 4090 sumptuosum
1201 4006 1254 4069 est
1266 4002 1420 4072 multum.

352 4095 493 4178 Quando
519 4101 615 4192 plura
636 4100 780 4188 dampna
801 4102 834 4167 in
859 4101 916 4169 illa
945 4107 1040 4190 parte
1070 4119 1138 4169 non
1162 4105 1317 4190 poterant
1340 4099 1420 4168 lieri

276 4195 498 4288 Florentinis,
525 4217 590 4267 neo
621 4200 778 4268 victualia
806 4200 946 4289 amplius
977 4200 1247 4292 inveniebantur,
1274 4199 1353 4288 quia
1381 4201 1420 4268 in
