3096 4882
311 171 382 242 170
725 200 818 248 noune
838 199 1022 248 ursaonrcmr.

227 351 294 408 rear
308 339 432 408 Domini
457 343 725 424 contingentem
743 336 875 430 Legati,
902 340 958 425 qui
976 336 1102 407 lecerat
1116 337 1297 408 lortiliciam
1312 340 1431 408 nomine

234 435 287 541 ἧς
310 439 456 508 Bestiam
489 443 605 506 contra
638 436 830 506 Glhellincs.
878 437 941 506 Dic
966 437 1045 505 lune
1074 439 1154 507 xviii
1184 440 1261 508 maii
1292 437 1433 506 dominus

311 537 505 606 Guillelmus
527 537 750 604 marescalcus
777 536 868 622 regis
894 533 1115 604 Romanorum
1149 539 1302 607 transivit
1322 536 1433 606 Padum
1512 533 1513 614 Q

310 637 428 706 subtus
446 635 680 722 Burgolortum
698 653 772 703 cum
790 634 925 704 domino
945 636 1122 706 Passarino
1141 654 1215 706 cum
1234 638 1354 726 optimo
1376 654 1433 724 ap-

310 743 436 826 paratu,
465 742 499 802 ct
525 740 668 804 castrum
692 733 875 820 Burgilorti
901 735 1256 822 impugnaverunt...
1276 741 1432 806 ..stratos
1512 751 1513 792 1

310 841 344 906 ct
368 836 441 904 vias
473 833 728 925 praeludentes,
761 851 804 902 ne
831 835 986 902 victualia
1019 833 1180 904 haherent
1206 840 1356 904 tenentes
1380 852 1434 902 ca-

309 939 412 1004 strum
438 951 498 1022 pro
523 932 654 1019 Legato
681 939 714 1001 at
740 933 875 1023 duellis,
902 935 936 1000 in
960 951 1027 1020 quo
1052 933 1213 1002 cedentes
1236 929 1320 1025 [sic]
1347 951 1433 1001 com·
1512 941 1513 984 ³

308 1032 492 1100 husserunt
515 1034 624 1100 omnia
649 1050 757 1119 usque
781 1031 946 1121 Parmam,
974 1038 1008 1100 et
1030 1033 1116 1100 inter
1141 1033 1205 1102 alia
1234 1033 1434 1121 Guastallam
1512 1117 1513 1120 Ἴ

310 1136 456 1201 castrum
482 1131 682 1200 Gualterium
697 1179 810 1200 .....
833 1137 866 1198 ct
888 1130 1073 1199 Bersellum
1101 1136 1133 1198 et
1156 1133 1259 1202 multa
1282 1133 1345 1200 alia
1369 1132 1436 1198 loca

311 1233 431 1300 occisis
448 1230 690 1298 habitatoribus
712 1235 745 1296 et
762 1229 913 1298 omnihus
933 1228 1035 1296 rebus
1055 1227 1195 1316 diruptis
1217 1236 1253 1298 et
1273 1230 1434 1317 dissipatis
1512 1233 1513 1286 i

242 1340 272 1394 21
312 1336 468 1417 eiusque
488 1329 635 1415 Burgum
661 1330 778 1398 mistis.
812 1327 875 1396 Dic
895 1321 1329 1398 lunexuimaii¹dominus
1347 1327 1434 1396 Canis
1512 1385 1513 1396 ,

309 1429 369 1498 ivit
384 1447 456 1496 cum
473 1445 596 1514 magno
615 1433 776 1516 apparatu
799 1426 1026 1496 Mediolanum
1049 1427 1093 1495 ad
1118 1430 1367 1497 coronationem
1386 1445 1436 1494 re-

310 1529 362 1614 gis
378 1527 601 1596 Romanorum
621 1526 786 1615 Lodoyci.
823 1526 951 1596 Eodem
974 1526 1028 1596 die
1052 1528 1263 1598 marchiones
1279 1529 1433 1598 Estenses

308 1626 537 1698 Mediolanum
561 1628 693 1696 iverunt
702 1619 724 1697 ².

508 1861 604 1874 m-

395 2107 627 2180 ALBERTINI
652 2107 847 2180 MUSSATI
870 2106 1120 2178 LUDOVICUS
1145 2105 1362 2178 BAVARUS.

730 2233 824 2302 1327
845 2271 890 2281 -
913 2233 1020 2302 1329.

790 2415 981 2425 ι----..-.

381 2548 437 2642 Et
452 2587 559 2640 rcmm
577 2567 816 2638 mundanarum
832 2567 987 2658 variatio‚'
1002 2566 1057 2656 hh,
1077 2572 1109 2633 et
1127 2565 1217 2633 urhis
1234 2571 1352 2634 nostre
1374 2568 1440 2633 sta-

306 2676 361 2737 tus
378 2667 535 2756 frequens
552 2669 745 2760 immutatio,
771 2683 922 2735 necnon
947 2673 980 2734 ct
1004 2683 1130 2733 morum
1149 2671 1278 2732 tuorum
1304 2667 1359 2733 vix
1379 2681 1439 2730 un-

307 2787 405 2857 quam
419 2769 497 2836 mihi
519 2767 645 2837 credita
662 2766 869 2856 depravatio,
896 2783 960 2834 nos
982 2783 1002 2832 a
1021 2757 1301 2833 rudimentorum¹
1322 2771 1440 2832 tuorum

307 2869 395 2935 serie
416 2873 449 2934 et
469 2868 644 2956 proposito
661 2867 769 2933 inanis
786 2864 936 2932 utilitatis
965 2863 1110 2932 abduxit.
1159 2860 1252 2949 Agrc
1281 2861 1440 2951 siquidem

308 2967 413 3033 sterili
442 2967 569 3034 semina
597 2964 734 3033 credere
762 2969 907 3031 extreme
935 2960 1101 3030 dementia
1130 2968 1191 3052 est,
1218 2961 1275 3029 uhi
1298 2970 1333 3030 et
1353 2961 1441 3029 lahor

307 3065 403 3132 simul
422 3070 455 3131 et
473 3067 625 3153 impensa
640 3063 834 3152 depereunt.
879 3062 926 3130 At
942 3079 1006 3130 nec
1033 3062 1290 3129 crassantiarum
1319 3065 1440 3128 tuarum

307 3168 341 3230 et
366 3171 499 3230 actuum
532 3162 762 3252 pudendorum
794 3158 974 3248 indagines
1010 3160 1140 3229 tradere
1166 3161 1313 3249 posteris
1341 3161 1443 3227 visum

307 3266 374 3352 est,
403 3280 542 3348 quorum
575 3262 823 3330 reminiscentia
857 3265 994 3328 nostros
1031 3258 1199 3328 scribendi
1227 3257 1364 3326 dolores
1389 3275 1443 3323 re-

306 3366 455 3451 novaret,
484 3367 517 3429 et
541 3379 610 3430 non
632 3359 720 3430 aliud
750 3377 846 3446 quam
870 3358 1064 3447 parentibus
1091 3365 1124 3426 et
1144 3357 1321 3425 benevolis
1345 3359 1444 3444 ignc-

305 3459 438 3527 miniam
471 3460 645 3546 irrogaret.
695 3459 846 3528 Sufficiat
879 3464 912 3526 et
944 3464 980 3526 tu
1014 3458 1190 3526 nobiscum
1222 3457 1351 3545 patiare
1384 3469 1442 3542 quc
1512 3539 1513 3550 ἵ

341 3615 372 3682 1)
390 3615 452 3668 Hier
472 3615 505 3668 ist
529 3614 640 3676 wieder⁴
652 3616 747 3684 geirrt,
771 3615 817 3672 der
842 3619 873 3671 21
897 3619 947 3672 rusi
964 3633 1022 3672 war
1040 3619 1083 3672 eiu
1103 3617 1267 3682 donnerstag.
1314 3615 1345 3680 2]
1365 3611 1443 3688 Vesci,
1512 3599 1513 3658 l

306 3683 351 3737 der
370 3683 442 3736 diese
459 3682 631 3736 historischen
651 3689 733 3738 notan
750 3686 778 3738 in
797 3688 885 3740 seiner
904 3685 1048 3741 trefflicher
1066 3686 1150 3739 Stcria
1169 3683 1237 3738 della
1260 3682 1347 3736 Manca
1365 3681 1443 3734 Trivi-

305 3755 380 3818 giana
399 3765 414 3804 e
432 3751 568 3806 Veronese
585 3752 674 3805 tcm9
693 3751 835 3818 [Venezia.
856 3755 930 3808 1788.
945 3755 986 3820 s.)
1005 3769 1063 3824 pag.
1077 3755 1112 3806 88
1129 3756 1215 3807 zuerst
1232 3751 1362 3817 hernusgc
1381 3748 1443 3803 eheu
1512 3755 1513 3774 ³

304 3819 357 3888 hat,
375 3819 491 3874 hemerht
509 3819 599 3874 daher:
627 3819 709 3875 Notisi
734 3821 782 3874 che
806 3822 832 3874 lc
850 3825 1003 3878 antescritte
1021 3823 1145 3876 memorie
1163 3821 1231 3876 oltra
1250 3833 1341 3874 essere
1360 3766 1385 3870 di
1403 3831 1444 3868 ca-

305 3893 402 3943 rattere
420 3889 445 3942 dl
463 3891 523 3956 quel
541 3895 626 3959 tempo
644 3891 667 3943 si
686 3903 805 3956 veggcno
825 3903 875 3941 con
895 3889 1028 3946 dillerente
1047 3890 1199 3954 inchioslm,
1219 3892 1283 3942 etsi
1301 3896 1444 3942 conosccnc

304 3969 352 4024 per
369 3955 394 4010 la
411 3957 511 4012 variata
530 3957 599 4011 dello
625 3959 740 4012 scrivere
762 3957 899 4024 registrate
922 3960 949 4012 in
974 3961 1038 4014 varii
1063 3960 1138 4026 anni,
1164 3956 1296 4011 conlcmre
1323 3957 1341 4009 il
1362 3961 1445 4020 tempu

305 4023 372 4078 delle
390 4027 484 4080 notizia
502 4025 550 4080 che
569 4027 592 4080 ci
610 4027 733 4083 rochunc.

341 4092 370 4156 l)
389 4093 418 4146 ln
439 4094 489 4147 den
508 4094 702 4150 handschrihen
720 4097 755 4148 ist
774 4093 819 4149 das
832 4094 1003 4162 vorliegende
1017 4095 1091 4148 stiich
1107 4092 1321 4147 iiberschriehen:
1340 4088 1444 4144 Addan-

304 4163 345 4212 tur
365 4159 413 4214 hec
432 4161 538 4217 historia
562 4163 627 4218 lihrc
652 4177 711 4218 meo
735 4163 767 4218 de
785 4163 936 4218 rudimentis
955 4163 987 4218 ad
1005 4162 1099 4232 hlium,
1123 4160 1226 4217 urcraul
1239 4161 1294 4220 also
1313 4157 1377 4216 auch
1396 4157 1445 4210 hier

305 4227 387 4295 hezug
405 4243 561 4296 gencmmon
580 4232 654 4287 vvird.
