3052 4878
265 192 335 262 116
582 222 696 269 nrconrr
719 223 763 268 nr.
785 221 923 268 aornonr.
947 221 1080 268 annino.

183 371 249 426 rara
264 359 411 428 tionibus
438 361 522 427 inter
549 375 628 450 eoa,
657 359 699 428 de
726 361 847 449 quibus
873 360 1038 429 modicum
1067 357 1225 427 recordor
1250 357 1293 426 ad
1319 376 1403 447 pre-

265 475 357 527 sens,
403 459 529 526 Tamen
565 458 684 548 eredo,
713 459 804 547 quod
837 467 959 548 postea
989 461 1074 525 inter
1106 475 1168 527 eos
1200 475 1261 546 pro
1286 459 1400 545 pueris

265 575 380 625 eorum
406 575 466 646 per
491 564 725 645 procuratores
752 560 786 625 in
811 557 915 627 Roma
940 558 1113 647 parentela
1140 561 1192 624 est
1217 558 1341 648 iurata,
1369 562 1403 624 et

265 661 423 744 quantum
449 655 492 724 ad
518 655 629 724 dotem
657 662 691 723 et
716 656 757 725 ad
785 660 895 726 omnia
922 656 1134 725 concordata.
1174 655 1256 723 ltem
1282 671 1402 723 recor-

264 755 334 844 dor,
364 754 455 842 quod
476 754 628 822 dominus
652 757 831 843 imperator
852 755 965 824 babuit
982 755 1024 822 de
1045 756 1190 844 pecunia
1205 754 1296 840 regis
1317 754 1402 822 Fre-

264 854 368 922 derioi
395 873 493 921 unam
520 871 678 921 summam
704 873 858 941 magnam
885 855 1095 943 florenorum,
1124 852 1225 920 etde
1252 852 1308 920 illa
1335 851 1402 921 do-

264 955 373 1020 minus
399 953 509 1020 Lucas
545 960 578 1020 et
604 952 756 1022 dominus
785 951 951 1022 Ostiensis
986 952 1110 1038 aliquid
1137 952 1171 1018 in
1199 951 1310 1019 Sicilia
1336 951 1402 1019 ba-

264 1051 408 1121 buerunt
439 1058 575 1140 propter
609 1070 688 1120 suas
724 1070 891 1141 expensas
901 1075 910 1139 ;
948 1057 1106 1139 quantum
1140 1068 1209 1117 non
1235 1049 1403 1118 recordor.

266 1149 375 1218 Credo
401 1153 500 1217 etiam
527 1152 605 1236 quia
630 1155 728 1239 pacta
754 1156 849 1220 erant
873 1154 968 1222 inter,
986 1167 1057 1240 eos,
1085 1147 1176 1236 quod
1196 1167 1284 1216 unus
1301 1154 1403 1217 tene·-

265 1250 362 1318 batur
388 1250 486 1316 alium
512 1250 624 1316 iuvare
651 1252 685 1317 in
711 1251 777 1318 ista
803 1268 936 1340 guerra,
964 1267 1061 1336 quam
1083 1247 1228 1315 habebat
1246 1246 1403 1316 dominus

267 1354 384 1416 contra
401 1349 531 1415 Tuscos
554 1353 588 1415 et
614 1354 727 1417 eontra
752 1368 866 1435 regem
890 1348 1078 1417 Robertnm.
1120 1347 1163 1414 Et
1187 1345 1287 1414 credo
1314 1345 1407 1434 quod
1522 1397 1523 1436 ,

264 1453 343 1536 post
367 1449 591 1535 inceptionem
617 1465 738 1534 guerre
760 1456 875 1516 eontra
897 1465 1010 1534 regem
1028 1445 1206 1513 Robertnm
1224 1463 1311 1512 unus
1332 1463 1403 1512 non

265 1551 396 1634 poterat
421 1564 537 1634 pacem
563 1546 671 1614 lacere
698 1549 771 1615 sine
798 1547 883 1638 alio,
911 1553 944 1614 et
975 1544 1066 1632 quod
1095 1544 1253 1632 quamdiu
1280 1561 1403 1630 guerra

265 1644 406 1713 durabat
430 1647 516 1712 inter
543 1663 602 1713 eos
630 1647 719 1713 omni
747 1664 834 1714 anno
861 1663 920 1714 rex
949 1643 1145 1714 Fredericus
1173 1642 1348 1711 tenebatur
1372 1644 1405 1710 ei

265 1743 344 1813 dare
368 1746 609 1830 quinquaginta
625 1744 713 1812 milia
731 1744 943 1835 florenorum,
968 1743 1059 1811 etde
1083 1743 1149 1810 hoe
1173 1741 1264 1829 quod
1286 1748 1405 1810 eontra

265 1860 380 1928 regem
413 1841 591 1910 Robertum
624 1846 711 1911 iuste
748 1845 960 1931 acquirerent
992 1842 1079 1909 lilius
1115 1859 1195 1908 suus
1229 1859 1302 1907 eum
1334 1841 1405 1908 lilia
1522 1833 1523 1916 ξ

264 1943 473 2029 imperatoris
501 1940 647 2008 debebat
678 1942 802 2010 habere
828 1961 927 2010 unam
952 1947 1098 2031 partem,
1126 1946 1159 2007 et
1184 1941 1287 2007 multa
1312 1939 1405 2008 talia.

263 2039 335 2108 Ista
357 2045 525 2127 procerte
545 2042 674 2132 neseio,
703 2043 791 2127 quia¹
805 2041 968 2109 modicum
985 2040 1028 2108 ad
1047 2039 1127 2107 talia
1144 2039 1307 2107 habebam
1325 2055 1404 2123 eor;
1522 2089 1523 2106 ,

266 2137 328 2206 sed
350 2156 411 2226 per
434 2138 602 2206 intellecta
625 2140 807 2228 apluribus
827 2142 891 2208 ista
912 2146 992 2229 puto
1016 2157 1094 2207 vera
1112 2155 1201 2206 esse.

338 2236 400 2304 His
419 2235 537 2304 diebus
555 2237 645 2306 linito
663 2239 801 2306 termino
819 2241 995 2329 senatoria,
1024 2242 1058 2305 et
1076 2237 1211 2305 domino
1226 2239 1404 2325 coronato,
1522 2283 1523 2320 ,

267 2353 342 2404 oum
360 2353 423 2403 nec
438 2335 527 2404 bella
548 2355 612 2404 nee
635 2335 879 2406 destructiones
905 2338 998 2404 urbis
1026 2340 1229 2425 cessassent,
1255 2334 1406 2422 populus

266 2453 368 2502 unum
386 2434 429 2502 de
447 2436 604 2503 militibus
623 2435 757 2528 domini,
785 2435 1000 2522 Burgundum
1014 2437 1161 2524 natione,
1181 2434 1313 2502 nomine
1332 2432 1406 2500 do-

266 2535 375 2602 minus
401 2533 569 2603 lohannes
597 2533 638 2602 de
666 2534 855 2626 Savigney,
890 2537 1098 2623 capitaneum
1126 2533 1316 2622 elegerunt,
1343 2534 1407 2618 qui

268 2631 465 2722 Capitolium
492 2639 622 2701 teneret
652 2633 762 2704 donec
787 2640 899 2703 vestra
919 2634 1081 2702 sanctitas
1098 2631 1140 2699 de
1162 2631 1226 2699 alio
1245 2635 1407 2698 senatore

267 2732 442 2801 ordinaret.
489 2733 531 2800 Et
556 2739 733 2820 antequam
759 2735 867 2821 ipsum
895 2732 1089 2818 elegissent,
1118 2732 1188 2798 soie
1216 2727 1306 2817 quod
1332 2747 1407 2816 po-

266 2832 366 2920 pulus
388 2830 555 2898 dominum
581 2838 769 2923 rogaverat,
796 2831 887 2919 quod
906 2832 1008 2900 uellet
1025 2830 1222 2919 Capitolium
1247 2829 1408 2896 commit-

267 2937 337 2998 tere
365 2930 471 3018 alioui,
500 2929 608 2998 donec
634 2929 676 2997 de
704 2931 769 2999 alio
797 2937 953 2999 senatore
981 2929 1188 2998 ordinaretis.
1237 2924 1408 3006 Quicum

266 3046 335 3096 non
353 3027 526 3096 debuisset
544 3046 607 3096 neo
623 3031 789 3116 potuisset
805 3029 847 3097 de
861 3031 943 3120 iure,
961 3029 1070 3096 iacere
1089 3027 1265 3094 recusauit.
1292 3023 1407 3094 Credo
1522 3075 1523 3120 ,

268 3129 367 3196 etiam
393 3145 452 3215 per
480 3146 519 3194 ea
546 3145 610 3214 que
641 3127 777 3212 audivi,
806 3128 896 3215 quod
922 3128 1066 3216 populus
1092 3124 1261 3194 Romanus
1288 3123 1408 3191 domi—

267 3244 344 3292 num
362 3225 509 3311 legatum
526 3227 668 3316 rogavit,
696 3225 785 3314 quod
804 3228 850 3294 eis
872 3226 1062 3315 provideret
1087 3225 1128 3293 de
1156 3224 1267 3310 aliquo
1293 3239 1407 3290 sena·
1522 3259 1523 3294 r

267 3328 349 3413 tore,
378 3341 450 3390 cum
478 3326 551 3391 sine
578 3327 686 3413 eapite
713 3343 781 3394 non
798 3325 884 3392 bene
909 3327 1070 3415 viverent,
1098 3319 1406 3411 etspeciuliterhis

268 3420 396 3490 diebus.
432 3419 506 3512 Qui,
533 3428 570 3489 ut
589 3424 748 3514 intellexi,
776 3423 950 3511 respondit
980 3423 1071 3510 quod
1090 3423 1155 3491 hoc
1173 3439 1241 3491 non
1257 3423 1407 3514 poterat,
1522 3445 1523 3488 t

269 3539 342 3590 oum
369 3540 389 3589 a
415 3522 592 3588 sanctitate
617 3529 731 3590 vestra
757 3522 822 3590 sibi
847 3523 929 3589 nihil
955 3528 1025 3590 erat
1052 3522 1275 3590 commissum.
1522 3531 1523 3556 ¹

340 3620 382 3688 Et
404 3622 482 3707 quia
505 3619 658 3687 dominus
676 3621 852 3708 imperator
868 3626 902 3687 et
919 3638 1035 3689 omues
1060 3622 1112 3689 sui
1137 3620 1220 3689 lessi
1243 3622 1337 3686 erant
1356 3617 1407 3688 de

267 3736 359 3792 mora
380 3721 415 3787 in
432 3719 510 3786 urbe
531 3723 633 3808 tanta,
661 3724 695 3786 et
713 3719 826 3807 plures
847 3736 961 3788 eorum
987 3719 1186 3788 deliniebant
1210 3719 1245 3785 in
1271 3735 1408 3805 erpen-
1522 3715 1523 3762 l

268 3820 324 3908 sis,
352 3824 386 3886 et
411 3819 519 3886 nullus
545 3824 680 3905 propter
706 3819 836 3886 calores
864 3837 1003 3886 securus
1032 3824 1102 3887 erat
1128 3817 1170 3886 de
1188 3819 1266 3906 vita,
1294 3815 1407 3903 uuili·-

267 3917 325 3984 bet
351 3917 508 3985 tendebat
534 3915 577 3984 ad
603 3934 785 3985 recessum.
829 3915 968 3986 Romani
993 3918 1146 3986 videntes
1174 3914 1265 4002 quod
1287 3914 1407 3984 domi-
1522 3903 1523 3964 l

267 4033 332 4082 nus
358 4016 496 4105 parabat
521 4033 558 4084 se
585 4016 628 4084 ad
654 4033 836 4107 recessum,
863 4016 975 4084 habita
991 4019 1076 4086 inter
1099 4034 1137 4084 se
1155 4014 1407 4084 deliberatione
1522 4031 1523 4104 t

268 4114 541 4202 supplicaverunt
566 4117 615 4205 ei,
643 4115 735 4202 quod
761 4115 863 4182 vellet
888 4116 997 4185 adbuc
1021 4133 1156 4184 manere
1181 4131 1241 4202 per
1267 4113 1406 4201 aliquos
1522 4109 1523 4142 ³

268 4210 351 4304 dies,
379 4212 489 4281 donec
515 4212 668 4286 dominus
693 4214 863 4284 Iohannes
887 4234 961 4284 oum
988 4215 1057 4284 suis
1084 4213 1295 4284 recessisset.
1334 4211 1407 4280 Di·
