3096 4882
503 189 570 234 vura
592 188 701 235 annoni
722 189 831 244 uurnrr
852 191 911 236 rna.
1204 163 1274 232 257

144 328 292 413 gavinus
314 343 379 394 nos
405 333 519 395 eontra
543 345 673 396 omnem
693 327 869 396 hominem.
903 327 982 397 Post
999 329 1063 398 boo
1080 348 1173 421 vero,
1201 348 1273 400 oum
1295 343 1363 398 iasa
1392 413 1398 423 x
1507 383 1513 396 .

144 427 288 494 sororius
315 420 449 494 noster¹
475 427 507 494 in
536 427 716 495 erastinum
741 444 805 496 nos
829 425 872 494 ad
892 427 1066 515 prandium
1087 430 1272 521 invitasset,
1300 428 1353 466 aa.

142 526 172 592 in
198 531 272 594 ortu
297 524 379 594 solis
406 542 493 594 unus
520 526 655 594 miiitum
688 527 863 594 suscitavit
887 543 951 596 nos
978 526 1020 595 de
1047 546 1189 617 sompno
1216 529 1273 598 di·-

143 642 235 692 oens:
267 624 407 692 Domine
431 626 593 711 mergatis,
620 626 689 692 dies
721 626 916 692 amasenus
946 626 1044 694 adest
1073 629 1155 712 patio
1186 631 1272 696 totus

141 723 275 791 modus
305 722 422 808 plenus
455 728 506 790 eat
535 723 679 792 toeostis.
731 725 824 792 Tune
850 729 1028 810 surgentes
1056 726 1271 796 ascendimus

141 840 268 911 equum,
291 827 324 889 et
341 822 500 890 veiooiter
517 824 720 891 oueurrimus
736 824 890 892 volentes
910 823 1007 891 inem
1026 824 1139 893 videre
1159 843 1270 894 earum

141 939 244 1008 usque
278 922 312 988 in
346 921 555 1010 Pausaniam,
589 921 645 989 ubi
685 921 760 990 finis
796 940 908 990 earum
945 928 1015 990 erat
1048 941 1109 1011 per
1143 931 1272 1014 septem

140 1021 276 1089 miliaria
309 1021 344 1088 in
375 1019 606 1110 longitudine,
641 1019 848 1089 latitudinem
882 1039 963 1090 vero
1000 1040 1112 1090 earum
1139 1025 1271 1092 minime

139 1121 303 1207 potuimus
330 1119 542 1188 oonsiderare
596 1117 741 1199 Quamm
765 1138 834 1188 vox
860 1125 932 1188 erat
958 1121 1074 1190 similis
1101 1139 1188 1191 sono
1215 1129 1271 1192 tu-

139 1219 319 1287 multuanti.
370 1215 433 1286 Ale
467 1237 580 1286 earum
607 1225 701 1286 erant
727 1221 850 1307 seripte
878 1222 975 1306 quasi
1002 1219 1186 1306 denigratis
1212 1222 1273 1290 lit-

140 1319 229 1388 teris.
279 1318 321 1386 Et
346 1323 441 1386 erant
464 1319 499 1386 in
527 1317 745 1405 spissitudine
774 1319 870 1405 quasi
897 1319 954 1386 nix
981 1319 1201 1411 condensato,
1227 1323 1275 1390 ita

141 1416 230 1505 quod
264 1417 317 1485 soi
341 1423 477 1506 propter
503 1434 562 1485 eas
588 1415 693 1486 videri
718 1433 787 1486 non
812 1422 954 1505 poterat.
1005 1419 1104 1488 Fetor
1130 1437 1273 1506 magnus

137 1515 341 1604 procedebat
366 1516 408 1584 ab
436 1518 496 1585 eis.
528 1516 569 1583 Et
595 1515 703 1584 divise
730 1521 825 1584 sunt:
853 1517 915 1583 alie
942 1534 1061 1592 versus
1087 1518 1272 1608 Bovarium,

138 1615 575 1703 aiieversusFranooniam‚
598 1613 662 1682 alie
688 1631 808 1682 versus
834 1614 1077 1704 Lombardiam,
1105 1617 1169 1684 alie
1195 1618 1273 1686 irino

135 1714 281 1803 indeper
293 1716 481 1784 universam
497 1719 625 1782 terram.
651 1713 693 1782 Et
711 1719 805 1781 erant
819 1716 1025 1804 generativa,
1041 1717 1118 1802 quia
1132 1715 1198 1784 due
1211 1735 1272 1804 per

138 1820 269 1884 noetem
302 1814 421 1900 viginti
455 1812 662 1899 generabant
696 1818 729 1880 et
753 1813 848 1882 ultra.
898 1813 1000 1882 Erant
1024 1814 1181 1904 pervade,
1209 1815 1271 1884 sed

136 1914 198 2002 ejto
216 1912 426 1982 oresoobant.
452 1913 492 1982 Et
511 1911 768 1981 inveniebantur
786 1913 820 1980 in
836 1913 966 1980 tertium
984 1931 1117 1981 annum.
1143 1913 1268 1982 Eodem

136 2016 283 2101 tempore
317 2011 402 2080 inira
435 2011 521 2080 duos
556 2027 691 2079 menses
724 2012 843 2080 mortui
869 2018 947 2080 sunt
973 2029 1068 2082 soror
1094 2020 1211 2081 nostra
1237 2021 1272 2082 et

135 2113 281 2180 sororius
308 2109 376 2180 dux
402 2108 557 2200 nostrie,
593 2126 679 2196 quos
706 2109 747 2178 ab
774 2128 816 2179 oo
843 2116 992 2200 tempore
1018 2130 1189 2199 uunquam
1214 2115 1270 2182 vi-

135 2209 242 2280 dimus
257 2202 280 2278 ².

207 2308 291 2378 Cum
317 2316 426 2379 autem
452 2311 664 2379 venissemus
690 2309 724 2376 in
740 2308 920 2398 Boemiam,
948 2310 1088 2395 eontigit
1115 2327 1177 2378 nos
1203 2327 1269 2378 ve-

134 2409 203 2477 nire
232 2408 274 2477 de
299 2409 491 2479 Boleslavia
521 2411 555 2476 in
582 2410 736 2496 iussym
765 2412 799 2474 ot
826 2424 898 2474 eum
926 2425 1087 2495 sompnus
1114 2426 1178 2477 nos
1207 2426 1269 2476 oe·-

133 2509 242 2594 pisset
267 2507 437 2599 invadere,
464 2509 657 2596 supervenit
682 2506 778 2575 nobis
807 2503 891 2573 iorte
917 2508 1131 2593 ymaginarie
1150 2507 1192 2576 de
1211 2507 1269 2575 iilo

133 2607 342 2693 ewangelio:
369 2606 479 2676 Simile
497 2611 548 2676 eet
563 2623 700 2693 regnum
725 2605 869 2672 columem
895 2602 1050 2672 thesauro
1076 2604 1270 2673 abscondito

132 2705 277 2794 magro
302 2710 362 2774 eto.
390 2705 481 2794 quod
512 2707 634 2792 iegitur
659 2707 694 2772 in
722 2703 776 2772 die
802 2702 988 2771 Ludimille.
1039 2705 1081 2772 Et
1106 2705 1154 2772 sio
1179 2705 1269 2772 inei·
1337 2753 1341 2758 -

131 2805 230 2892 piens
249 2806 434 2893 imaginari,
455 2807 489 2874 in
506 2806 668 2893 sompniis
686 2805 796 2891 inoepi
817 2805 1068 2890 expositionem.
1095 2803 1269 2890 Evigilans

131 2922 209 2974 vero
247 2905 366 2973 retinui
409 2911 606 2992 oonceptum
640 2905 742 2991 prime
778 2907 881 2990 partis
917 2903 1120 2993 euangelii,
1153 2909 1186 2970 et
1221 2906 1270 2970 sio

131 3001 245 3072 divina
279 3005 387 3089 gratia
418 3003 597 3074 adiuvante
629 3003 780 3090 pereepi3
818 3019 883 3088 que
918 3003 968 3070 sio
994 3003 1124 3090 ineipit:
1155 3001 1269 3070 Simile

130 3107 181 3170 est
198 3121 340 3188 regnum
351 3103 496 3173 oeiorum
514 3108 576 3170 eto.
602 3102 744 3191 Fratres,
756 3102 922 3187 eloquium
941 3107 1131 3170 sanatorum
1146 3119 1269 3170 ewan-

130 3203 295 3287 geliorum
321 3220 419 3272 nemo
445 3207 562 3297 potest
587 3237 633 3252 -
662 3201 759 3288 quasi
786 3201 882 3268 stelle
909 3202 941 3267 in
969 3205 1149 3288 perpetuas
1176 3208 1268 3270 eier-

128 3291 292 3370 nimbosi

202 3401 321 3470 Estote
366 3399 482 3469 eadem
526 3400 667 3468 veniens
706 3416 810 3487 prope
844 3398 970 3466 biotam
1004 3396 1089 3484 trogi
1122 3403 1266 3466 oestrum

131 3496 293 3588 Cboozyn
320 3500 444 3567 etalio
470 3499 688 3587 quamplura
715 3504 835 3571 eastra
852 3497 974 3565 donrini
1002 3496 1043 3565 de
1070 3496 1266 3586 Potnsteyn‚

130 3601 210 3684 goia
237 3598 339 3668 habui
366 3597 484 3668 eodem
511 3605 660 3686 tempore
695 3615 848 3684 guerram
874 3615 947 3664 cum
975 3595 1093 3664 eodem
1120 3593 1267 3664 domino.

162 3733 194 3798 1)
215 3731 278 3787 Otto
295 3731 392 3800 herzog
408 3745 460 3786 ron
480 3731 616 3788 Oestreich
634 3734 686 3786 wie
704 3731 752 3786 das
770 3730 891 3797 fulgenda
910 3732 984 3799 zeigt.
1005 3729 1054 3784 Die
1072 3729 1266 3785 beusrbreelran

128 3801 287 3856 erscbienen
311 3806 397 3856 zuerst
419 3802 454 3854 im
476 3803 521 3856 iuli
546 3802 642 3856 Cbron.
668 3799 746 3855 Leob.
783 3800 814 3861 2)
832 3800 866 3852 ist
889 3800 960 3854 nieht
980 3813 1046 3866 ganz
1066 3799 1164 3864 riobtig.
1193 3800 1268 3854 liaris

129 3870 278 3924 scbwester
300 3871 378 3926 Aaou
400 3869 468 3923 starb
492 3885 532 3924 arn
556 3871 571 3924 3
595 3876 661 3940 sept.
686 3867 753 3922 1338
770 3868 822 3920 und
846 3867 886 3920 ihr
903 3881 961 3935 gem
970 3867 1003 3919 rbi
1021 3867 1116 3934 herzog
1134 3865 1194 3921 Otto
1212 3882 1265 3920 von

127 3937 266 3992 Oestreieb
284 3953 325 3993 am
344 3937 376 3992 16
394 3938 458 3992 oder
477 3939 508 3993 ii
527 3938 576 3992 seb.
596 3937 669 3991 1339.
705 3937 736 4003 3]
758 3937 794 3989 iia
813 3935 893 3989 sebon
916 3939 949 3988 im
974 3937 1088 4002 eiogang
1106 3937 1167 3989 eine
1185 3936 1267 4005 probe

127 4021 180 4060 von
198 4007 276 4062 ituris
292 4007 424 4074 theologie
441 4006 559 4074 gegeben
577 4009 620 4074 ist,
638 4021 667 4060 so
686 4007 755 4059 lasse
772 4005 814 4057 iob
833 4004 906 4058 diese
921 4011 993 4058 soust
1011 4003 1267 4062 bemerkenswertbe

127 4075 201 4144 predi
251 4075 310 4129 bier
333 4089 401 4142 weg.
436 4073 631 4142 Unvoilstiindig
655 4073 736 4129 findet
759 4088 818 4126 man
843 4075 882 4126 sie
909 4077 935 4126 in
961 4075 1010 4125 deo
1031 4071 1127 4126 beiden
1144 4073 1280 4128 biberen.

127 4159 208 4212 ausga
230 4157 262 4197 en
281 4145 369 4198 dieser
386 4143 444 4198 Vita
466 4144 554 4198 tiarati
580 4142 772 4209 uotistiindtger
789 4140 852 4194 aber
871 4156 896 4194 rrr
914 4141 1061 4209 sumptores
1080 4155 1164 4196 rerum
1180 4143 1267 4196 Bobe-

127 4214 256 4268 mioarum
273 4213 332 4268 edd.
350 4213 435 4266 Pelzot
454 4218 480 4266 et
498 4211 670 4278 booron-stry,
688 4209 754 4264 bd.2
768 4209 890 4277 (Pingue,
909 4209 982 4262 1181.
996 4209 1032 4276 ,8)
1045 4212 1111 4264 saite
1122 4210 1266 4266 315-325.

159 4310 295 4353 aonunnn
313 4312 415 4353 sununs
436 4308 459 4352 1.
1033 4297 1064 4348 17
