3028 4878
208 151 282 218 454
591 178 716 222 urrunnu
740 175 970 222 unanrronnusrs,

209 321 390 403 naverunt;
426 316 489 402 ipsi
520 332 601 382 vero
639 313 736 383 ambo
763 312 916 381 monachi
943 310 1021 380 laeti
1047 312 1192 380 trderunt
1217 329 1347 380 crucem

211 435 304 486 suam
331 421 364 482 et
389 415 494 484 secuti
521 419 599 480 sunt
624 413 792 482 dominum
818 413 943 502 premia
969 403 1195 497 largientem.

211 600 262 666 Dc
286 595 431 682 nequiori
457 593 666 660 obseruantia
691 591 948 660 Korturicnrirrm
972 590 1152 658 beaterum.

285 711 372 779 Nota
391 711 432 778 de
455 709 571 778 ordine
594 706 868 780 Certusiensium.
902 706 1072 775 Tredecim
1089 707 1199 776 solent
1221 723 1300 776 esse
1317 708 1351 774 in

212 829 280 881 uno
314 811 477 898 claustro,
505 808 631 876 seilicet
664 807 839 878 duodecim
875 805 1027 875 monachi
1062 812 1096 873 et
1130 823 1217 873 unus
1251 806 1349 892 prior.

214 908 339 978 Omnes
359 907 555 977 sacerdotes
569 906 759 977 habitantes
777 909 811 972 in
833 905 975 990 singulis
998 903 1125 974 cellulis
1145 904 1186 972 ab
1208 905 1353 972 invicem

143 1009 144 1012 ’
213 1009 388 1097 distinctis,
416 1013 457 1074 de
486 1006 604 1093 quibus
631 1025 699 1075 non
726 1005 912 1093 egrediunt,
935 1005 999 1072 nisi
1027 1002 1069 1072 ad
1096 1002 1242 1071 divinum
1269 1001 1350 1071 olfi-

214 1111 299 1176 eium
319 1105 566 1193 celebrandum,
594 1111 627 1172 et
646 1105 711 1174 hee
728 1123 800 1172 eum
820 1103 952 1170 silentio
971 1101 1104 1189 quando
1126 1101 1352 1188 egrediuntur.

213 1208 304 1277 item
329 1207 474 1276 divinum
507 1203 651 1276 cilicium
686 1205 812 1272 tractim
840 1207 973 1270 etcum
1006 1199 1096 1272 bona
1120 1218 1228 1289 pansa
1256 1200 1352 1268 cele-

214 1307 317 1375 brant.
361 1304 474 1372 Solum
509 1305 685 1371 matutinas
721 1305 842 1370 missas
875 1306 908 1368 et
940 1317 1102 1387 vesperas
1132 1301 1165 1368 in
1201 1300 1350 1368 ccclesia

213 1404 424 1492 persolvunt,
452 1402 535 1469 alias
561 1401 660 1470 horas
692 1401 829 1490 quilibet
856 1398 935 1467 dicit
959 1399 995 1465 in
1022 1399 1107 1468 colla
1133 1417 1195 1467 sna
1221 1397 1351 1466 feriali-

213 1501 277 1570 bus
304 1501 435 1570 diebus
476 1499 543 1568 Sed
569 1502 603 1568 in
629 1500 683 1568 die
710 1500 876 1568 dominico
904 1503 937 1566 et
962 1496 1092 1566 festivis
1119 1496 1237 1566 diebus
1264 1515 1351 1564 ean-

213 1607 285 1672 tant
311 1617 426 1674 omues
452 1600 552 1668 horas
578 1602 612 1667 in
639 1601 799 1686 ecclesia,
827 1602 970 1685 excepto
997 1596 1232 1685 completorio,
1260 1595 1352 1683 quod

215 1719 383 1787 nunquam
418 1701 571 1786 cautant,
599 1698 661 1766 sed
687 1699 824 1786 quilibet
857 1713 980 1784 perse
1007 1694 1086 1764 dicit
1108 1697 1141 1764 in
1168 1696 1253 1764 cella
1280 1713 1352 1764 sua.

214 1799 296 1866 ltem
330 1798 419 1876 omni
453 1796 506 1865 die
539 1797 716 1865 comedunt
746 1799 781 1866 in
816 1795 909 1863 cellis
936 1796 1025 1884 suis,
1055 1797 1205 1883 exceptis
1232 1793 1350 1862 diebus

215 1897 391 1966 dominicis
409 1900 442 1962 et
458 1895 604 1982 lestinis3
632 1902 711 1964 tuno
730 1893 909 1964 comedunt
934 1896 967 1961 in
994 1893 1181 1984 lebetone,
1210 1899 1243 1961 et
1264 1911 1352 1960 unus

215 1996 298 2081 legit
324 1995 367 2063 ad
392 2012 552 2063 mensam.
581 1994 663 2063 ltem
689 1998 845 2063 continue
873 1999 989 2060 tenent
1015 1993 1192 2082 silentium,
1219 1993 1284 2060 nisi
1310 1993 1354 2058 sit

215 2093 258 2162 de
282 2095 416 2161 lieentia
442 2095 579 2180 prioris3
614 2093 676 2161 scd
710 2095 799 2181 prior
832 2097 866 2160 et
890 2098 1084 2180 procurator
1109 2098 1188 2179 post
1213 2093 1352 2179 primam

215 2199 359 2280 possunt
388 2192 481 2277 loqui
515 2209 587 2258 cum
613 2192 800 2280 hospitibus
828 2197 861 2259 et
887 2189 1011 2258 familia
1036 2189 1165 2261 domus,
1200 2190 1283 2258 Item
1309 2189 1352 2256 ab

218 2292 420 2360 exaltatione
447 2295 562 2358 sancte
579 2293 698 2358 ‘crucis
723 2292 873 2360 ieiunant
899 2288 1034 2358 cottidie
1057 2290 1207 2377 exceptis
1234 2287 1355 2356 diebus

218 2389 391 2459 dominicis
419 2394 453 2456 et
478 2389 607 2458 lestivis
633 2407 742 2477 usqne
775 2389 818 2458 ad
844 2388 963 2458 lestum
989 2388 1135 2478 pasche,
1162 2393 1196 2456 et
1222 2405 1242 2454 a
1268 2385 1357 2454 festo

217 2490 343 2576 pasche
377 2506 484 2575 usque
520 2487 562 2555 ad
595 2487 716 2556 festum
750 2489 967 2557 exaltacionIs
1001 2489 1107 2556 crucis
1133 2492 1279 2573 possunt
1304 2485 1357 2552 bis

162 2605 163 2609 ¹
219 2588 322 2678 refici,
350 2594 491 2675 excepta
517 2591 635 2674 quarta
654 2587 734 2655 lenia
757 2593 914 2656 etsexta.
946 2586 1028 2654 ltem
1044 2587 1132 2654 omni
1152 2591 1250 2654 sente
1275 2585 1360 2653 ieria

220 2687 370 2754 ieiunant
389 2687 423 2752 in
440 2705 526 2774 pane
545 2690 578 2752 et
595 2704 691 2774 aqua,
720 2688 869 2774 exceptis
895 2683 1061 2752 debilibus
1082 2684 1219 2752 senibus
1238 2689 1272 2752 et
1290 2685 1357 2750 mi-

221 2787 308 2853 nutis
328 2791 361 2853 et
379 2802 482 2852 causa
507 2803 572 2871 que
589 2786 689 2872 priori
707 2783 873 2853 videbitur
894 2783 1076 2852 rationalis.
1108 2783 1190 2852 ltem
1208 2785 1242 2854 in
1262 2800 1357 2872 cena,

223 2883 356 2971 quando
383 2883 433 2952 bis
462 2882 651 2972 comedunt,
678 2883 776 2950 nichil
804 2884 898 2952 datur
914 2884 963 2952 eiS
982 2883 1047 2950 nisi
1070 2883 1166 2970 panis
1190 2887 1224 2949 et
1246 2883 1359 2948 vinum

223 2989 257 3050 et
281 2981 408 3050 fruetus
435 2982 587 3049 arborum
614 2983 643 3048 si
669 2988 793 3050 assunt.
825 2983 906 3050 Item
925 2980 1074 3050 secunda
1089 2979 1169 3049 lenia
1187 2987 1220 3048 ct
1240 2986 1359 3067 quarla

223 3079 319 3148 detur
344 3097 444 3147 unum
471 3079 673 3168 pulmentum
699 3081 805 3148 solum
823 3087 856 3150 et
873 3082 970 3169 panis
990 3085 1023 3147 et
1040 3081 1152 3148 vinnm
1173 3087 1207 3148 et
1230 3077 1360 3148 fructus

224 3178 387 3247 arborum.
422 3177 489 3245 Sed
516 3178 569 3246 die
588 3178 765 3269 dominico,
792 3183 893 3249 tercia
913 3179 1003 3269 seria,
1031 3181 1147 3265 quinta
1164 3184 1199 3248 et
1215 3178 1360 3246 sabbato

224 3277 319 3348 datur
352 3278 498 3365 pitancia
532 3277 576 3346 ad
609 3278 828 3368 pulmentum,
862 3279 895 3346 id
922 3285 974 3346 est
1000 3296 1064 3346 ova
1090 3278 1144 3345 vel
1169 3279 1300 3368 pisces,
1328 3283 1363 3344 et

225 3394 344 3444 caseus
370 3377 405 3442 in
431 3375 572 3462 prandio
599 3383 633 3444 et
657 3395 726 3444 non
752 3379 785 3445 in
812 3396 905 3447 cena.
941 3377 1022 3444 Item
1038 3395 1217 3464 numquam
1244 3394 1364 3444 come-

226 3473 309 3542 dunt
336 3491 453 3542 carnes
486 3493 549 3542 nec
576 3477 650 3543 sani
676 3493 739 3543 nee
765 3476 893 3568 infirmi,
920 3493 982 3544 neo
1008 3474 1133 3563 aliquid
1160 3477 1363 3564 saginatum,

195 3592 290 3645 'nec
323 3592 478 3660 umquam
511 3574 726 3665 balneantur,
761 3593 824 3643 nec
858 3573 1053 3644 dormiendo
1079 3580 1214 3644 utuntur
1239 3574 1364 3663 plumis

227 3675 298 3744 sive
324 3674 359 3740 in
385 3673 438 3740 via
463 3674 535 3740 sive
563 3672 651 3742 dorni
677 3673 749 3740 sive
775 3675 902 3765 inlnmi,
930 3675 995 3742 nisi
1014 3675 1150 3743 cussino
1174 3671 1217 3740 ad
1243 3671 1364 3762 capud.

225 3772 306 3839 Item
333 3777 466 3860 portant
491 3770 545 3840 die
572 3777 741 3859 noctuque
764 3773 870 3842 cilicia
896 3772 981 3840 lacta
1007 3771 1049 3840 de
1076 3771 1222 3839 crinibus
1250 3789 1365 3858 equo-

226 3889 306 3940 rum.
340 3871 421 3940 Item
448 3869 490 3938 ad
517 3872 660 3958 negocia
686 3870 804 3940 domus
832 3869 1028 3960 exequenda
1054 3871 1165 3940 nullus
1192 3869 1367 3957 egreditur

260 4053 290 4116 l]
309 4053 355 4106 biit
380 4052 471 4106 diesen
499 4054 664 4109 naebricbten
692 4055 757 4108 iiber
783 4056 824 4110 dic
854 4055 1010 4122 entstebung
1034 4055 1081 4110 des
1105 4055 1217 4108 blusters
1235 4053 1368 4121 (lamberg

226 4119 476 4254 isriaedndffiandm
501 4137 531 4176 zu
550 4123 739 4190 vergleiolren:
756 4125 885 4181 Mencken
905 4123 997 4192 Script.
1017 4125 1040 4190 l,
1059 4123 1116 4178 379.
1135 4122 1268 4178 schannat
1286 4122 1368 4178 Vind.
