3052 4878
435 247 552 294 nrcounr
573 249 619 296 rr.
643 247 784 296 aornour.
805 250 938 296 ausano.
1179 224 1248 295 133

114 384 352 475 temporalibus
379 389 493 453 contra
514 385 622 454 Deum
648 391 682 454 et
706 387 873 456 iustitiam.
912 389 953 457 Et
969 388 1035 458 boc
1051 390 1251 476 generaliter
1268 409 1335 464 rats
1522 369 1523 428 l

117 484 218 552 tiebat
251 501 312 572 per
347 482 514 574 ribaldos,
550 484 628 553 licat
660 485 811 554 dominus
842 488 1020 576 imperator
1053 507 1113 576 per
1138 509 1190 558 mc
1218 497 1252 560 et
1379 479 1386 488 ’
1522 513 1523 524 ’

115 585 200 652 alios
235 583 433 674 religiosos
468 584 525 670 qui
558 584 637 652 talia
669 584 883 676 videbamus,
916 585 1106 674 frequenter
1131 587 1252 658 suisset

113 688 320 772 provocatus
347 687 464 750 contra
488 684 726 752 marescalcum
752 701 859 775 suurn,
886 685 977 772 quod
998 685 1040 754 de
1062 685 1251 757 huiusmodi

114 779 384 848 malefactoribus
419 799 488 849 non
521 779 647 850 iaceret
677 784 833 850 iustitiam
860 789 1114 873 competentem.
1154 786 1250 855 Unde

114 878 306 966 frequenter
330 878 390 946 luit
408 880 471 948 sibi
496 879 618 948 dictum
634 899 694 970 per
717 899 769 950 me
793 887 827 950 et
850 882 1014 968 quosdam
1036 883 1131 974 alios,
1160 885 1251 973 quod

114 977 159 1046 dc
186 977 295 1047 olircio
322 976 446 1070 divino,
473 978 516 1047 dc
536 998 603 1066 quo
628 985 699 1048 erat
725 981 875 1049 solicitus
901 1000 1002 1072 super
1023 999 1140 1051 omncs
1165 1002 1251 1071 quos

112 1078 151 1144 in
177 1079 245 1144 vita
269 1095 344 1144 mea
367 1077 446 1168 vidi,
474 1077 636 1146 Dominus
655 1097 769 1168 parum
787 1087 927 1170 curaret,
955 1079 1090 1168 quando
1109 1085 1250 1169 permit-

113 1176 209 1244 tebat
225 1176 386 1244 ccclesias
405 1178 551 1265 spoliari.
594 1179 687 1246 Tunc
709 1179 845 1268 plorans
863 1197 972 1247 amare
992 1178 1169 1248 mandabat
1190 1199 1250 1269 pro

112 1274 345 1364 marescalco,
372 1283 405 1344 et
427 1275 551 1343 [iebant
576 1277 855 1365 proclamationes
881 1285 915 1345 et
944 1279 1033 1346 tallia
1058 1285 1090 1346 et
1116 1280 1251 1349 mutila-

112 1376 226 1441 tiones
253 1373 438 1444 multorum.
478 1375 520 1443 llt
545 1381 656 1443 tamen
685 1394 753 1444 non
779 1376 990 1444 obstantibus
1013 1378 1085 1445 istis
1108 1378 1251 1466 aliquem

110 1472 225 1540 locum
246 1472 511 1542 ecclesiasticum
533 1491 602 1543 non
620 1473 687 1542 vidi
705 1475 824 1542 alicubi
839 1477 873 1542 in
890 1476 1014 1543 Tuscia
1030 1477 1065 1543 in
1082 1479 1175 1544 terris
1193 1496 1252 1545 re-

109 1571 248 1639 bellium
267 1572 467 1641 custcditum
485 1591 505 1640 a
522 1571 681 1660 predictis
701 1580 737 1640 ut
759 1572 904 1642 deceret.
930 1574 1006 1661 lpse
1031 1573 1250 1665 affligebatur,

110 1675 150 1738 et
176 1669 338 1739 clamabat
363 1677 478 1740 contra
503 1689 585 1739 suos
613 1671 785 1740 officiales.
829 1671 895 1740 Sed
920 1672 1001 1741 nihil
1034 1678 1114 1742 erat.
1156 1674 1250 1742 Tunc

109 1773 210 1838 erant
230 1769 340 1838 miseri
364 1770 529 1838 Guibelini
546 1789 711 1858 pauperes
729 1770 807 1839 lacti
825 1770 868 1839 de
888 1789 978 1840 novo
993 1789 1053 1861 per
1067 1770 1250 1863 decipias,

109 1874 148 1936 et
172 1867 285 1956 plures
313 1868 454 1958 Guelpbi
479 1870 575 1955 igniti
603 1876 636 1936 et
661 1869 821 1938 destructi
846 1888 907 1958 per
932 1878 1067 1957 gentem
1094 1889 1197 1940 suam.

189 1965 249 2034 His
272 1965 391 2035 diebus
410 1985 525 2036 omnes
550 1970 730 2037 exercitum
748 1976 942 2060 sequanica,
968 1971 1161 2038 nescientes
1184 1988 1250 2057 quc

109 2067 174 2153 ire,
202 2071 234 2132 et
255 2065 378 2135 devita
394 2066 599 2136 dubitantes.
635 2068 728 2135 'lunc
746 2069 844 2136 etiam
865 2072 958 2136 crant
974 2087 1140 2158 pauperes
1159 2070 1252 2136 multi

107 2163 231 2232 ribaldi
256 2163 492 2234 Citramontani
519 2173 552 2233 et
576 2168 725 2255 pessimi,
754 2167 810 2253 qui
836 2167 918 2234 nulli
946 2169 1088 2236 ecclesie
1115 2166 1253 2236 delere-

107 2263 205 2354 bant,
232 2263 262 2329 si
280 2269 436 2352 poterant
452 2265 598 2352 spoliari.
640 2266 682 2334 llt
695 2263 784 2333 istud
804 2265 984 2353 aliquando
1006 2267 1163 2335 movebat
1178 2285 1251 2354 eoa,

109 2363 192 2450 quia
218 2360 295 2430 daun
310 2362 488 2451 aliquando
510 2365 596 2432 inter
614 2381 652 2432 se
672 2370 706 2431 et
725 2364 810 2432 alios
837 2363 980 2432 rebelles
1008 2370 1100 2433 esset
1125 2383 1250 2455 pugna,

107 2461 228 2549 plures
253 2461 499 2531 interficiebant
531 2462 728 2532 sacerdotes
755 2468 789 2530 et
815 2462 963 2532 clericos.
1008 2464 1050 2532 Et
1075 2463 1140 2530 boc
1165 2482 1251 2552 pro-

107 2559 262 2651 babatur,
290 2560 424 2648 quando
452 2559 716 2630 denudabantur.
762 2561 804 2629 llt
829 2561 942 2648 plures
969 2561 1146 2650 capiebant
1171 2561 1250 2628 vul-

105 2664 247 2726 neratos
267 2659 485 2728 adducentes
528 2661 617 2729 lnter
635 2678 721 2748 quos
738 2659 905 2748 recordor,
929 2659 1021 2747 quod
1038 2677 1105 2745 ego
1121 2659 1162 2728 de
1181 2678 1250 2729 uuo

108 2758 242 2850 sciens,
272 2757 362 2846 quod
389 2766 459 2827 erat
485 2766 602 2847 captus
632 2761 668 2827 in
693 2757 836 2846 quodam
862 2759 989 2825 insultu
1012 2760 1111 2826 uarius
1137 2761 1247 2850 castri,

104 2861 267 2945 potenter
300 2856 422 2926 dictum
457 2865 599 2927 castrum
627 2856 813 2926 deterrdens
846 2857 936 2925 unde
971 2863 1041 2924 crat
1071 2857 1247 2949 plebanuS,

104 2956 223 3023 statim
249 2956 404 3025 dominus
431 2957 608 3048 mandavit,
636 2954 726 3044 quod
752 2958 935 3024 mitteretur
962 2955 1004 3023 ad
1030 2973 1125 3024 suum
1153 2959 1249 3045 epis-

103 3072 248 3144 copum,
277 3061 310 3122 et
323 3057 356 3123 in
374 3073 481 3144 mane,
509 3059 586 3142 quia
602 3055 744 3123 letaliter
764 3059 835 3123 erat
851 3055 1054 3144 vulneratus
1077 3055 1138 3125 luit
1154 3075 1249 3124 mor-

104 3160 200 3222 tuus
242 3154 280 3222 ln
306 3154 456 3242 partibus
483 3155 548 3225 illis
569 3172 644 3222 meo
667 3151 790 3222 iudicio
816 3154 991 3223 seculares
1013 3159 1092 3222 sunt
1108 3154 1194 3244 mali,
1216 3160 1249 3222 et

102 3253 224 3321 clerici
248 3270 317 3321 non
345 3258 423 3322 sunt
447 3252 538 3324 boni.

187 3351 225 3418 ln
242 3351 328 3420 Pisis
348 3352 502 3421 dominus
521 3356 698 3441 imperator
714 3351 808 3419 venit
826 3352 912 3420 circa
932 3351 1076 3420 medium
1102 3351 1340 3438 quadra-ana.

101 3451 251 3537 gesimo.
290 3451 332 3519 Et
355 3453 443 3519 inter
462 3455 582 3543 omnia,
602 3469 666 3538 quc
691 3449 874 3518 factasunt
892 3450 936 3518 ibi
958 3452 1119 3520 relatione
1134 3450 1247 3540 digna,

101 3554 273 3636 quantum
291 3549 447 3618 recordor
465 3549 506 3618 ad
525 3568 678 3640 presens,
697 3551 762 3618 ista
783 3547 922 3617 luerunt.
957 3550 1113 3641 Pluribus
1129 3548 1247 3617 diebus

101 3649 150 3718 de
181 3653 280 3736 portu
305 3648 427 3718 Pisano
444 3667 551 3736 usque
570 3651 604 3717 in
623 3649 758 3717 lanuam
780 3647 892 3715 nullus
913 3648 1058 3716 audebat
1083 3650 1144 3733 ire,
1172 3649 1249 3734 quia

98 3747 210 3836 galee
236 3749 329 3835 regis
354 3746 498 3838 Roberti,
527 3767 592 3836 que
617 3749 682 3816 iam
709 3749 836 3834 aliquas
864 3752 968 3815 terras
996 3750 1030 3815 in
1053 3745 1188 3814 Corsica
1216 3750 1250 3812 et

98 3849 137 3914 in
171 3844 327 3915 Sardinia
352 3846 547 3915 Pisanorum
573 3845 816 3937 destruxerant,
843 3865 933 3914 mare
959 3847 1066 3913 taliter
1089 3843 1249 3912 tenebant

98 3946 273 4036 clausum,
301 3945 393 4034 quod
418 3947 528 4014 nullus
555 3947 630 4014 sine
656 3945 804 4034 periculo
833 3950 964 4033 poterat
988 3947 1047 4034 iro,
1076 3949 1109 4012 et
1134 3942 1248 4033 plures

100 4045 150 4112 de
183 4049 285 4129 gente
306 4046 514 4134 imperatoris
529 4044 660 4112 luerunt
677 4063 737 4132 pcr
752 4041 918 4132 predictas
939 4044 1056 4129 galeas
1078 4049 1112 4110 ct
1130 4042 1248 4110 mortui

99 4151 140 4213 et
172 4145 270 4232 eapti,
297 4150 420 4232 postea
444 4143 615 4231 redempti.
658 4145 700 4212 Et
713 4145 788 4234 ista,
815 4147 913 4230 prout
928 4141 1040 4230 credo,
1066 4141 1127 4210 suit
1146 4143 1250 4231 prima

98 4259 219 4312 causa
254 4247 286 4309 et
318 4244 458 4333 primum
490 4245 664 4333 motivum,
699 4260 801 4330 quare
828 4240 979 4309 Venetos
1005 4248 1039 4309 et
1062 4241 1249 4318 lanuenscs
