3044 4882
274 167 344 240 282
599 199 740 248 rounnnss
761 199 966 260 vroroprensrs.
1004 197 1026 264 l,
1044 197 1068 250 2.

270 338 365 423 regni
396 328 637 422 negotiosius
672 337 847 409 obstaculo
881 337 1101 429 disponebat,
1136 351 1294 408 eoronam
1328 335 1401 407 totis
1511 355 1512 390 l

269 437 393 506 viribus
421 434 641 526 defendebat,
675 438 767 508 iuxta
802 455 919 510 versus
947 435 1131 510 Ouidianos
1158 453 1244 524 quos
1272 433 1400 505 adiudi-

270 544 405 606 eaverat
431 535 493 606 sibi
519 534 647 605 diotos:

368 634 504 726 „Induit
529 653 620 704 arma
645 635 703 703 tibi
730 635 871 724 genitor,
901 636 1075 724 patrieque
1101 641 1246 721 tuusque
1511 631 1512 662 ¹

416 734 532 803 Hostis
558 735 601 803 ah
625 736 730 804 mrito
756 753 861 821 regna
886 740 1022 824 petente
1049 737 1141 822 rapit.

373 835 429 902 Tu
452 835 508 922 pia
535 833 733 923 tolosanos,
762 835 945 904 seeleratus
972 835 1027 904 ille
1054 835 1211 920 sagittas,

421 933 528 1002 Stabit
553 950 614 1020 pro
641 935 750 1020 signis
774 935 897 1020 iusque
923 935 1080 1022 piumque
1108 928 1209 1002 tuia“

190 1051 255 1105 rano
344 1028 443 1102 Anno
462 1031 586 1101 domini
604 1031 877 1102 modulandum
896 1050 998 1121 super
1014 1033 1137 1102 llumen
1155 1029 1274 1100 Litaoh
1293 1036 1407 1098 eontra
1511 1057 1512 1072 ι

193 1137 247 1243 ¹1¹3*
272 1131 426 1218 Ungaros
466 1132 600 1203 militem
634 1149 695 1220 pro
736 1130 935 1200 defensione
980 1149 1041 1200 sue
1083 1130 1187 1220 patrie
1221 1127 1405 1198 Friderious
1511 1117 1512 1150 i

253 1227 404 1310 ‚Austrie
431 1230 499 1299 dux
523 1233 695 1324 instaurat,
724 1233 866 1300 maxima
891 1231 1034 1301 hostium
1061 1238 1173 1316 strage
1199 1227 1297 1317 laeta,
1326 1227 1406 1296 olam

268 1347 290 1396 a
317 1331 386 1398 suis
412 1329 613 1419 periodum,
641 1337 674 1398 et
699 1329 934 1400 nichilominus
962 1332 1135 1399 victoriam
1162 1328 1212 1396 eis
1239 1345 1260 1396 a
1285 1325 1406 1414 ouibus

268 1427 432 1498 oooiditnr
459 1427 646 1515 dereliquit.
683 1429 784 1499 Cuius
811 1447 933 1520 eorpus
960 1429 1003 1501 ad
1027 1427 1265 1503 monasterium
1290 1431 1405 1506 saneta

270 1525 385 1598 Crucis
421 1527 665 1616 Cysteroiensis
708 1527 833 1598 ordinis
868 1534 1120 1616 transportatur.
1167 1526 1282 1596 Fertur
1316 1523 1406 1614 quod

268 1627 404 1712 quidam
436 1627 478 1698 de
505 1630 574 1699 suis
600 1627 768 1717 militibus,
797 1646 931 1696 suorum
956 1629 1073 1696 virium
1100 1627 1253 1701 curiosus
1281 1623 1405 1712 euplo·
1511 1679 1512 1706 r

265 1734 372 1816 rator,
401 1726 466 1798 hoo
491 1728 620 1816 nephas
646 1729 901 1816 perpetraverit,
928 1744 970 1796 eo
998 1727 1090 1814 quod
1116 1741 1176 1796 sue
1205 1723 1404 1802 fortitudinis
1511 1721 1512 1774 t

264 1823 372 1894 eidem
398 1831 563 1914 tamquam
589 1827 705 1896 intimo
730 1828 909 1897 secretario
939 1827 1199 1897 consistenoiatn
1225 1822 1402 1911 aperuerit

263 1923 362 1992 Nulla
388 1926 508 1994 etenim
534 1928 638 2014 pestis
666 1931 718 1994 est
743 1925 910 1995 elioneior
934 1923 977 1994 ad
1002 1924 1191 1994 uouendum
1217 1941 1318 2009 quarn
1346 1921 1401 1990 i·
1511 1973 1512 1980 ε

263 2021 397 2092 milleris
423 2024 588 2094 inimieus.
629 2025 692 2098 llio
716 2027 789 2097 sine
816 2023 941 2096 herede
967 2023 1133 2114 deoessri,
1161 2021 1252 2111 quod
1280 2027 1403 2093 tenum

261 2120 336 2209 plus
363 2137 462 2208 quem
489 2121 562 2193 eius
589 2126 741 2194 interitus
759 2123 983 2212 perturbavit.

336 2219 410 2289 lloo
435 2239 523 2290 enno
559 2224 687 2296 transiit
720 2225 817 2293 etiam
843 2222 1044 2296 uerrerahilis
1071 2221 1213 2294 antistes
1238 2217 1403 2307 Solzpur-

263 2321 380 2405 gensis
399 2320 621 2415 Eberhardus,
649 2322 744 2390 ouius
767 2339 886 2411 eorpus
912 2321 1000 2411 apud
1018 2322 1127 2390 vioum
1153 2336 1214 2386 sue
1242 2316 1402 2406 dyooesis

264 2421 319 2506 qui
343 2418 461 2489 nastet
485 2419 601 2492 dicitur
627 2421 813 2495 tumulatur.
849 2421 908 2490 Cui
936 2421 1102 2492 suooessit
1121 2416 1338 2493 Burolrardus
1362 2415 1403 2486 ab
1511 2479 1512 2506 p

263 2519 448 2605 apostolioo
485 2519 692 2610 destinatus,
720 2523 777 2609 qui
811 2521 956 2590 moriens
991 2520 1027 2589 in
1059 2521 1112 2588 vin
1139 2517 1182 2589 ad
1209 2515 1404 2586 outhedram
1511 2509 1512 2522 '

262 2634 331 2684 non
357 2621 517 2706 pervenit.
551 2620 736 2710 Capitulum
761 2636 842 2692 vero
868 2620 943 2688 sine
968 2637 1061 2688 mora
1082 2617 1265 2706 Philippum
1289 2616 1404 2684 Bern-

262 2715 357 2784 hardi
383 2717 477 2790 duois
496 2719 667 2791 Karinihie
686 2719 787 2788 hlium
809 2718 921 2805 elegit.
958 2717 1059 2788 Cuius
1078 2717 1274 2789 eleo-nonen
1291 2733 1403 2803 prop·
1511 2725 1512 2764 ³

262 2819 314 2881 ter
339 2819 475 2900 generis
503 2819 707 2887 nobilitatem
724 2837 811 2907 papa
833 2816 965 2905 quidem
983 2819 1109 2906 annuit,
1137 2813 1200 2884 sed
1217 2813 1295 2885 dum
1311 2819 1404 2886 tem·

262 2914 392 3000 poralia
425 2918 678 2986 amministraret
711 2923 745 2984 et
776 2917 819 2988 ad
853 2933 948 2985 saera
975 2934 1044 2985 non
1069 2915 1284 3004 procederet,
1311 2930 1403 3001 papa
1511 2943 1512 3002 p

263 3010 398 3081 odibilis
435 3020 487 3083 est
519 3015 678 3106 effeetus,
709 3022 742 3084 et
769 3015 916 3086 eoolosia
943 3015 1214 3103 Saliepurgeusis
1239 3030 1298 3101 par
1326 3030 1404 3084 euna
1511 3009 1512 3030 ¹

190 3133 192 3136 ·
263 3110 383 3180 multas
410 3112 581 3184 molestias
609 3121 660 3182 est
685 3132 859 3203 perpessa.
1011 3183 1013 3188 .
1511 3159 1512 3200 r

336 3209 438 3280 Porro
464 3213 594 3283 nobiles
620 3211 755 3287 Austrie
775 3213 818 3282 ad
835 3219 1068 3302 rmperatorem
1085 3211 1290 3300 sollempnes
1308 3231 1404 3282 uun·
1511 3209 1512 3238 ³

262 3308 332 3380 oios
368 3308 575 3403 direxerunt,
603 3315 714 3384 uteie
750 3313 792 3382 de
823 3315 973 3401 prineipe
999 3311 1200 3402 provideret.
1236 3309 1299 3390 Qui
1327 3311 1402 3380 Ve-

260 3421 375 3478 ronam
407 3411 582 3480 venientes
614 3411 797 3501 presedere
829 3430 898 3483 non
924 3411 1099 3500 valebant,
1127 3409 1188 3480 sed
1214 3411 1246 3476 ei
1270 3427 1404 3497 propo-

260 3507 358 3580 situm
381 3523 476 3579 suurn
494 3510 742 3601 mandaverunt,
770 3520 803 3580 et
830 3513 878 3581 sio
900 3510 942 3581 ad
965 3511 1101 3599 propria
1127 3509 1307 3580 redierunt.
1335 3506 1403 3588 Qui

258 3623 336 3676 mox
370 3609 522 3680 eomitenr
558 3608 599 3677 de
625 3607 698 3678 Aolr
724 3612 880 3680 Suevioe
906 3611 1051 3680 nationis
1077 3610 1185 3698 misit,
1215 3613 1248 3676 nt
1276 3624 1403 3676 saera·-

257 3710 369 3776 neate
395 3725 458 3778 suo
484 3710 650 3778 nomines
669 3712 832 3780 terrioolis
859 3710 1026 3798 aoeiperot
1053 3715 1086 3776 et
1110 3708 1246 3796 proprio
1270 3705 1403 3778 iudiolo
1511 3781 1512 3788 χ

259 3808 294 3872 et
316 3808 503 3892 patrocinio
531 3807 725 3896 presideret.
764 3809 904 3896 Expleto
939 3814 1048 3881 autom
1082 3805 1279 3877 nonnullo
1306 3812 1404 3877 lem·

256 3919 338 3991 pore
357 3903 399 3971 ad
416 3907 648 3994 imperatorem
674 3907 780 3997 rediit,
808 3925 874 3994 que
900 3911 1056 3993 gesserat
1082 3907 1259 3986 rinnoiavit
1286 3904 1402 3992 Super

258 4001 378 4088 quihus
411 4005 587 4092 imperator
620 4007 779 4076 exultavit
804 4005 894 4096 quod
922 4013 986 4078 tam
1013 4005 1176 4075 leprosum
1203 4011 1237 4073 et
1261 4004 1404 4090 glorio-

258 4117 330 4169 sum
356 4103 574 4192 principatum
600 4105 832 4194 apprehendit.
872 4102 1115 4192 lleyuhardum
1141 4105 1291 4174 comitem
1321 4103 1401 4191 Ty-

257 4199 456 4294 rolisvirum
478 4205 694 4292 spectabilem
715 4205 902 4294 destinavit,
921 4205 979 4292 qui
993 4205 1028 4271 in
1045 4202 1162 4273 eadem
1178 4201 1401 4271 administra-
