3044 4882
428 154 571 207 tentonus
591 155 797 204 vroronmnsrs.
836 155 861 224 ³,
880 156 906 210 3.
1189 128 1259 200 337

119 289 293 376 aulrrgium
319 294 565 382 assumpsisse,
592 296 626 360 in
647 295 809 366 Brisacho
826 296 921 366 Reno
947 299 1097 388 transito,
1123 296 1261 368 Rubaob

118 388 276 477 oppidum
302 397 335 458 et
356 391 421 458 alia
447 410 513 478 que
535 391 578 459 ad
599 389 881 478 Argentinenscm
898 397 1064 485 pertinent
1079 397 1259 488 presulem,

8 559 9 562 ,
119 489 303 557 lacessivit.
336 486 492 558 Albcrtus
522 490 737 577 Magunciam
758 496 918 584 ventem,
947 501 981 563 ct
1006 492 1147 564 Adollus
1170 515 1261 565 nunc

121 586 246 655 directe
278 605 367 656 nuno
399 590 570 657 exlatere
597 593 864 677 preitinerantcm
890 593 1010 662 ducem
1038 596 1168 662 concite
1198 613 1259 662 se-

121 686 294 772 quebatur.
326 688 442 756 Presul
468 688 687 774 Maguntinus
713 693 817 778 primo
837 693 870 760 in
892 692 1036 780 quodam
1062 693 1139 761 loco
1161 695 1260 762 rurali

118 786 152 852 in
187 785 308 853 vicinia
335 787 478 855 civitatis
504 787 881 882 Moguntine,Albcrto
915 795 1092 881 presente,
1126 792 1259 880 publice

117 881 275 952 Adollum
308 890 465 972 tanquam
499 888 665 974 periurum
700 892 733 955 et
767 891 1086 957 excommunicatum
1111 891 1259 960 violato-

118 1001 188 1050 rem
215 981 303 1073 lidei,
331 990 364 1052 et
390 983 481 1072 quod
506 985 665 1052 infinitam
691 990 866 1075 pecuniam
894 1007 912 1055 a
939 1006 1020 1074 rege
1046 985 1168 1074 Anglie
1195 1008 1259 1058 ao-

118 1083 256 1172 ccperit,
282 1099 347 1150 nec
374 1084 404 1151 ci
431 1085 517 1152 siout
542 1086 694 1172 promisit
718 1086 752 1152 in
778 1087 977 1154 adiutorium
1002 1093 1118 1155 contra
1144 1105 1258 1176 regem

117 1181 256 1248 orauere
272 1183 410 1272 venerit,
439 1189 472 1250 et
493 1182 666 1269 indignum
694 1202 813 1272 regno,
840 1187 939 1254 immo
956 1204 1025 1254 non
1047 1203 1125 1254 csse
1146 1205 1260 1274 regem

118 1278 340 1348 Romanorum
368 1282 578 1368 pronunciat.
611 1283 653 1349 Et
672 1290 891 1352 concurrente
916 1303 1061 1354 assensn
1077 1287 1169 1372 regis
1186 1287 1261 1356 Bo-

117 1379 238 1468 bemic,
265 1378 468 1448 marchionis
496 1379 537 1448 dc
562 1380 833 1470 Brandenburcb,
860 1389 960 1470 atque
985 1382 1079 1451 ducis
1101 1384 1260 1475 Saxonie,

116 1475 289 1546 Albertum
308 1477 457 1568 dignum,
485 1485 518 1547 et
534 1478 749 1548 defensorem
768 1482 911 1550 ecclesie
934 1483 1108 1569 perutilem
1131 1484 1261 1573 attollit,

117 1581 153 1644 ct
179 1579 436 1645 concionatione
471 1576 613 1647 loimata
646 1597 761 1664 regem
795 1578 1015 1648 Romanorum
1048 1582 1082 1648 in
1116 1583 1260 1649 omnium

118 1674 292 1744 audientia
325 1676 556 1765 promulgavit.
596 1675 660 1757 Qui
687 1677 902 1748 retrocedens
930 1679 1018 1747 circa
1043 1679 1261 1748 Wormatiam

119 1780 233 1844 castra
257 1773 357 1843 locat.
1206 1771 1211 1778 '

193 1869 335 1942 Adultus
351 1873 459 1941 electa
474 1872 681 1944 multitudine
699 1882 896 1945 armatomm
918 1875 961 1945 dc
980 1877 1134 1946 orientali
1152 1877 1261 1945 Fran-

115 1975 189 2061 cia,
216 1970 259 2040 de
276 1971 358 2042 chi
375 1971 525 2059 partibus
552 1991 625 2042 cum
644 1972 767 2043 Ottone
783 1974 867 2044 dunc
887 1976 1041 2045 Bawarie
1067 1981 1100 2043 et
1114 1975 1260 2044 liudolfo

115 2071 268 2140 Palatino
286 2089 328 2140 ex
342 2070 485 2139 adverso
502 2068 629 2140 Albecti
646 2075 789 2142 tentoria
804 2092 867 2143 sna
882 2073 961 2143 fixit.
974 2072 1132 2143 Albcrtus
1146 2077 1259 2142 sciens

115 2168 275 2238 Adollum
302 2170 454 2258 ancipitis
481 2172 579 2238 animi
607 2179 640 2239 et
658 2174 863 2263 precipitem,
891 2175 965 2242 eius
993 2175 1109 2263 copias
1138 2174 1261 2264 explo-

80 2271 214 2357 ·ravit,
240 2277 277 2338 ut
305 2287 364 2336 eas
385 2275 505 2356 posset
529 2271 678 2339 minuere
699 2273 867 2357 cogitavit.
892 2269 1036 2340 Adollus
1063 2278 1174 2340 autem
1201 2274 1260 2340 in-

116 2385 245 2437 census
262 2369 371 2437 animo
389 2364 559 2436 Albcrtum
576 2371 692 2457 paucis
709 2387 747 2438 se
765 2371 997 2440 comitantibus
1019 2372 1173 2458 queritat.
1199 2369 1263 2452 Qui

114 2466 233 2554 lugam
246 2472 316 2535 arte
334 2466 504 2557 simulans,
523 2464 679 2536 Adollam
698 2487 718 2537 a
735 2469 807 2536 suis
821 2469 924 2555 longe
939 2471 1045 2538 traxit.
1071 2467 1169 2549 Quod
1184 2486 1261 2538 ncr-

113 2583 204 2634 nens
221 2563 389 2657 Albertus,
408 2565 526 2634 ducem
544 2566 714 2635 Karintbie
734 2565 935 2656 Heinricum,
954 2569 1009 2654 qui
1026 2568 1262 2656 insigniorpra

115 2667 248 2733 cunetis
263 2665 308 2733 ibi
320 2665 446 2755 claruit,
474 2671 507 2732 et
522 2664 606 2734 alios
624 2666 813 2757 alloquitur,
841 2672 876 2733 et
890 2664 933 2734 ad
955 2668 1175 2734 constantiam
1196 2664 1263 2733 ad-

114 2764 277 2833 hortatur.
309 2760 372 2832 Ale
397 2780 478 2832 vero
499 2781 538 2832 ac
555 2765 647 2833 acies
673 2768 813 2853 partium
830 2767 955 2854 impetu
972 2764 1116 2852 quodam
1137 2782 1262 2833 occur-

115 2865 232 2952 sitam,
259 2863 407 2931 ordinem
431 2878 492 2950 per
513 2869 636 2932 turmas
655 2869 688 2930 et
710 2865 845 2950 agmina
862 2881 996 2932 scrvarc
1015 2881 1083 2933 non
1097 2864 1260 2954 valentes,

113 2962 225 3051 prelio
250 2979 288 3030 se
321 2962 495 3050 intricant,
523 2968 556 3029 et
580 2962 709 3030 bucinis
734 2963 1015 3051 concrepantibus
1044 2965 1078 3030 in
1101 2963 1178 3032 loco
1205 2963 1346 3049 qui1293

117 3061 226 3130 Collis
241 3060 407 3148 chorum
422 3058 540 3128 dicitur
555 3061 590 3128 lit
610 3079 828 3147 congressus,
855 3062 1007 3130 Turmale
1025 3063 1181 3131 vexillum
1197 3058 1262 3129 Al·
1285 3073 1338 3112 mr..

114 3161 200 3228 berti
213 3177 327 3229 comcs
341 3158 383 3227 de
397 3158 575 3249 Liuingen,
591 3156 701 3228 Adolli
718 3179 799 3228 vcro
817 3160 972 3229 virbone
990 3159 1052 3228 sed
1071 3179 1139 3229 non
1159 3160 1262 3229 libere
1305 3126 1322 3179 ²
1341 3209 1343 3212 -

114 3259 274 3328 nacionis
301 3258 343 3350 dc
367 3257 564 3348 llcobpcrg,
593 3258 804 3347 rapidissimo
829 3260 953 3346 impetu
976 3258 1085 3327 cordis
1102 3266 1262 3347 prestan-

113 3359 240 3426 tissimi
265 3375 306 3425 ae
328 3357 483 3444 intrepidi
510 3359 725 3446 protulerunt.
751 3358 813 3426 Ubi
839 3356 1018 3447 tortissimi,
1046 3376 1180 3428 suarum
1205 3359 1263 3426 vi-

113 3461 201 3525 rium
227 3461 425 3524 exercentes
442 3459 603 3545 virtutem,
625 3474 726 3524 enses
746 3457 882 3524 lanceas
901 3455 1101 3546 evibrantcS‚
1123 3457 1262 3545 prelium

112 3557 305 3625 inchoatur.
340 3551 481 3624 Adollus
502 3558 608 3642 magis
627 3554 817 3622 inconsulte
835 3573 933 3642 quam
956 3557 1078 3640 ignave
1092 3574 1261 3645 pugnans,

115 3655 223 3742 galea
257 3654 299 3723 de
335 3656 442 3743 capite
478 3657 549 3723 eius
582 3655 808 3742 distringitur,
837 3662 870 3721 et
897 3656 985 3722 sicut
1010 3672 1087 3722 ursa
1112 3656 1147 3722 in
1174 3656 1261 3723 saltu

117 3755 227 3844 raptis
255 3754 373 3821 catulis
400 3755 535 3821 seviens
563 3753 738 3822 dimicavit.
771 3753 812 3822 Et
837 3771 910 3822 oum
927 3750 1065 3822 Alberto
1093 3770 1130 3822 sc
1158 3771 1259 3822 cursu

114 3852 239 3942 rapido
253 3854 424 3942 vicinarct,
441 3849 611 3920 Albcrtum
628 3853 827 3920 inclamavit
853 3850 916 3932 Qut
938 3850 1057 3920 videns
1081 3870 1154 3920 eum
1175 3852 1262 3921 lucie

116 3951 290 4021 detectum
317 3950 415 4037 galea
434 3950 576 4042 deiecta,
603 3952 709 4039 primo
730 3953 797 4020 ictu
816 3949 921 4037 gladii
946 3969 1047 4039 super
1072 3951 1262 4040 palpebram

115 4050 213 4120 oculi
239 4050 437 4137 vulneravit,
467 4055 500 4118 et
527 4049 735 4119 diffundente
761 4067 799 4118 se
828 4050 1003 4137 sanguine,
1030 4050 1123 4118 vultu
1150 4051 1263 4120 obnu-

118 4150 241 4240 bilato,
269 4149 312 4218 de
339 4148 505 4218 dextrario
531 4148 673 4239 procidit
697 4167 798 4238 super
824 4155 955 4216 terram.
991 4149 1124 4216 luterim
1150 4156 1263 4237 partes

158 4274 293 4315 uourruurr
312 4273 414 4314 coneus
436 4272 457 4314 1.
1033 4258 1065 4311 22
