3052 4878
238 207 308 278 102
556 233 672 283 nreouxr
693 236 739 282 ur.
762 233 903 282 sornonr.
924 233 1058 282 nmxrro.
1507 4 1514 321 ι

153 376 337 446 seremiles
356 373 536 466 Palatinos,
564 381 598 442 et
621 389 762 460 magnos
779 371 928 442 redditus
949 374 1073 443 habent
1092 375 1127 441 in
1146 371 1373 442 Romandiola.

238 475 328 554 Inter
352 473 439 542 istos
465 473 598 562 quidam
624 477 703 541 sunt
729 471 881 564 Guelphi,
908 479 943 541 et
967 472 1013 541 illi
1039 477 1118 541 sunt
1143 470 1292 563 ditiores,
1319 473 1373 541 vi-

240 572 364 643 delieet
395 590 508 642 eomes
536 572 724 642 Salvatieus
755 575 790 640 et
814 589 928 640 eomes
954 571 997 640 de
1023 570 1175 640 Batelole
1201 575 1236 640 et
1261 589 1374 640 eomes

239 670 421 741 Bandinus.
464 669 589 740 Omnes
615 671 808 739 iuraverunt
837 671 936 740 nobis
963 670 1174 760 fidelitatem,
1202 675 1239 740 et
1260 671 1375 740 venire

240 769 283 839 ad
319 770 488 839 dominum
521 788 616 839 suum
650 765 891 861 personaliter,
918 769 972 838 vel
997 771 1146 859 mittere,
1173 769 1203 837 si
1228 768 1376 859 impediti

241 874 374 960 essent,
406 871 517 938 statim
543 868 635 957 qnod
661 873 754 938 esset
778 868 813 936 in
839 869 980 960 Tnseia,
1011 873 1047 937 et
1070 869 1180 957 ipsum
1207 869 1376 938 assoeiare

240 967 283 1040 ad
317 985 476 1037 eoronam
506 969 540 1036 in
566 968 621 1036 illa
652 966 824 1056 deoentia,
851 969 886 1036 in
917 985 985 1057 qua
1014 971 1159 1057 possent
1191 965 1376 1036 seeundum

242 1085 322 1136 suas
348 1065 536 1136 laordtates.
577 1067 635 1134 lsti
662 1083 779 1136 omues
813 1083 877 1136 nos
910 1067 1044 1135 multum
1071 1066 1320 1135 honoraverunt
1344 1071 1378 1134 et

241 1165 428 1253 gaudenter
452 1171 661 1257 receperunt,
688 1170 722 1233 et
738 1166 813 1253 plus
832 1164 973 1254 Guelphi
986 1184 1085 1254 quam
1101 1164 1284 1256 Guehelmi,
1302 1182 1376 1234 meo

240 1263 374 1332 iudicio.
400 1264 526 1334 Tamen
551 1282 619 1334 nou
645 1263 856 1333 obstantibus
875 1263 1088 1334 fidelitatibus
1107 1263 1220 1332 nullus
1239 1263 1282 1332 de
1302 1265 1376 1333 istis

241 1361 400 1450 Guelphis
432 1364 525 1432 venit
559 1363 602 1432 ad
636 1381 711 1432 eum
743 1362 778 1430 in
806 1364 980 1456 Tusciam,
1005 1365 1061 1433 vel
1086 1363 1176 1432 misit
1200 1362 1245 1431 ad
1271 1381 1376 1432 reno·

240 1459 387 1531 vandum
410 1463 639 1554 iuramentum,
667 1461 729 1530 sed
755 1461 948 1532 dilationem
972 1464 1160 1551 petiverunt
1185 1467 1218 1530 et
1242 1461 1377 1532 habue-
1513 1489 1514 1522 r

240 1565 318 1628 runt
349 1578 459 1649 usque
492 1560 536 1629 ad
569 1562 743 1631 terminum
776 1563 924 1650 petitum.
968 1562 1011 1631 Et
1034 1563 1069 1629 in
1095 1562 1234 1630 termino
1259 1562 1376 1652 petito,

239 1660 307 1729 iam
332 1660 532 1749 imperatore
559 1661 724 1729 existente
744 1666 822 1729 ante
838 1661 1049 1750 Florentiam,
1075 1659 1283 1729 eonlederati
1300 1665 1379 1730 sunt

240 1758 373 1849 publiea
400 1777 474 1828 oum
490 1759 701 1850 Florentinis²
729 1776 802 1827 eum
827 1760 910 1848 ipsis
935 1760 969 1826 in
987 1759 1154 1828 Florentia
1179 1760 1378 1830 existentes

241 1855 305 1938 Qui
331 1863 425 1925 erant
444 1857 619 1926 Guebelini
635 1858 720 1926 inter
736 1858 833 1949 istos,
859 1858 913 1927 vel
930 1863 1096 1926 venemnt
1110 1859 1166 1945 qui
1184 1863 1376 1950 potuerunt,

240 1954 492 2046 reimberum,
519 1963 554 2025 et
579 1974 652 2025 eum
679 1972 720 2024 eo
747 1955 880 2025 luerunt
902 1974 1012 2044 nsque
1038 1955 1081 2024 nd
1106 1962 1243 2026 mortem
1272 1975 1377 2027 suam.-

315 2052 397 2122 l’ost
410 2056 635 2143 receptionem
652 2055 826 2124 iuramenti
842 2059 875 2124 ot
893 2053 1061 2123 fidelitatis
1078 2053 1298 2143 prediotorum
1312 2073 1377 2125 eo-

241 2152 354 2221 mitum
371 2155 523 2221 venimus
537 2155 571 2221 in
587 2160 706 2222 terram
722 2155 874 2242 episeopi
886 2150 1092 2244 Aretini‚qui
1103 2152 1377 2241 eratlraterger-

241 2268 360 2318 manus
385 2253 513 2321 eomitis
532 2251 573 2320 de
589 2250 750 2340 Romana,
775 2254 874 2322 unius
892 2251 934 2321 de
949 2251 1119 2342 prodieiis.
1157 2250 1219 2332 Qui
1240 2254 1378 2322 multum

243 2349 342 2418 nobis
369 2352 586 2442 compatiens,
606 2350 699 2420 duxit
722 2369 785 2420 nos
807 2350 850 2419 nd
870 2369 971 2420 unum
993 2356 1136 2420 anstrum
1154 2369 1260 2444 suum,
1285 2352 1378 2440 quod

242 2447 541 2520 voanturCivitella
554 2447 796 2518 interAretium
812 2455 847 2518 et
862 2452 1026 2520 civitatem
1037 2449 1233 2519 Senensem.
1257 2451 1300 2519 Et
1313 2452 1379 2519 hoe

166 2582 225 2626 ner.
242 2545 303 2615 luit
317 2550 351 2616 in
367 2549 485 2634 vigilia
504 2551 647 2618 omnium
663 2550 871 2618 Sanotorum.
895 2548 945 2617 lbi
963 2549 1132 2617 celebrato
1144 2547 1242 2638 testo,
1253 2548 1379 2636 dimisit

176 2638 210 2692 3¹
242 2664 306 2715 nos
333 2649 422 2716 sient
447 2649 580 2740 nobilis,
607 2654 711 2717 totum
738 2653 882 2716 oestrum
908 2649 1067 2716 munitum
1094 2647 1136 2716 de
1162 2648 1317 2718 omnibus
1341 2650 1378 2716 in

241 2746 394 2814 manibus
421 2749 545 2817 nostris
572 2747 779 2838 dimittendo,
806 2752 842 2814 ut
868 2746 910 2814 de
929 2751 1041 2815 oestro
1068 2745 1169 2814 etde
1195 2745 1293 2815 bonis
1321 2746 1378 2816 la-

242 2861 391 2912 eeremus
411 2851 558 2914 nostram
576 2846 796 2935 voluntatem3
823 2845 912 2914 laeto
939 2852 1048 2912 tamen
1072 2846 1166 2933 prius
1191 2846 1378 2915 iuramento

201 3033 203 3036 v
241 2941 426 3033 fidelitatis,
458 2948 559 3032 prout
591 2945 784 3035 tenebatur,
821 2943 864 3012 de
899 2945 969 3012 suis
1003 2944 1102 3012 bonis
1129 2945 1377 3032 temporalibus.

240 3038 367 3109 Ibidem
399 3042 502 3110 multa
527 3041 762 3113 ordinavimus.
805 3041 986 3112 Citavimns
1010 3042 1221 3112 Florentinos
1249 3049 1284 3111 et
1309 3043 1377 3112 Se-

240 3155 378 3231 nenses‚
405 3147 440 3209 et
454 3146 579 3210 tantum
600 3141 751 3234 lenimus,
769 3141 861 3229 quod
882 3142 995 3209 eitatio
1009 3140 1071 3208 luit
1083 3140 1184 3210 affixa
1200 3141 1244 3210 ad
1262 3160 1378 3211 eorum

240 3237 408 3326 palatium.
434 3239 555 3309 Postea
572 3242 655 3330 ipsis
674 3240 927 3310 oontumaeibus
945 3241 1171 3328 prooessimus
1191 3240 1378 3310 seeundum

241 3337 471 3405 auctoritatem
493 3340 591 3409 nobis
605 3341 738 3410 missam
754 3339 797 3407 ad
812 3340 930 3407 multas
947 3355 1055 3427 penas
1070 3338 1270 3428 temporales
1287 3356 1378 3408 oon-

240 3438 290 3502 tra
315 3451 387 3526 eos
415 3454 548 3526 semper
572 3443 683 3507 tamen
709 3444 843 3507 servato
871 3436 988 3507 ordine
1014 3439 1095 3506 iuris
1104 3459 1113 3525 3
1148 3436 1189 3506 de
1216 3455 1283 3526 quo
1309 3456 1377 3527 pa-

242 3550 312 3600 rum
340 3536 412 3602 seio
439 3552 524 3626 ego,
551 3536 612 3605 sed
639 3539 752 3606 soeius
782 3541 897 3605 noster
922 3535 1076 3605 dominus
1102 3535 1316 3625 Paudulphus
1341 3538 1378 3606 in

241 3639 383 3733 utroque
409 3634 479 3702 iure
506 3634 641 3704 multum
667 3641 721 3704 est
747 3641 917 3726 expertus,
943 3634 1109 3704 ntdiount
1127 3636 1184 3723 quai
1209 3638 1282 3705 iura
1306 3653 1377 3706 no·

241 3737 360 3801 verunt
386 3738 419 3801 et
443 3735 551 3822 ipsum
580 3734 787 3803 audiverunt.

315 3830 354 3899 ln
370 3832 489 3901 eodem
513 3838 622 3902 eastre
642 3850 706 3902 nos
726 3835 910 3901 existentes
933 3830 1100 3925 Aretinos,
1123 3832 1376 3924 Cortonienses,

239 3926 318 3996 illos
351 3929 395 3999 de
422 3933 534 4018 Burgo
570 3933 677 4000 saneti
712 3932 881 4023 Sepulori,
915 3931 958 4000 de
983 3931 1100 4002 Monte
1125 3934 1304 4022 rotiliano,
1331 3931 1377 4000 de
1510 3957 1511 3996 ³

241 4025 448 4122 Lueiguano,
476 4033 582 4099 saneti
601 4030 725 4123 Savini,
753 4036 787 4099 et
804 4030 881 4099 illos
905 4030 947 4100 de
971 4033 1105 4100 eivitute
1123 4031 1270 4122 Clusina,
1296 4031 1376 4100 illos

239 4123 281 4192 de
309 4124 426 4198 Castro
449 4129 570 4223 Plebis,
598 4136 632 4199 et
656 4130 731 4200 illos
758 4129 801 4198 de
822 4128 1160 4200 Castilione'Aretino
1188 4131 1377 4221 oitavimus,

238 4228 279 4291 ut·
297 4241 358 4313 per
384 4227 544 4315 syndioos
572 4235 605 4297 et
636 4236 873 4320 procuratores
899 4238 1128 4319 comparerent
1135 4281 1146 4321 ‚
1174 4227 1314 4300 audituri
1338 4234 1378 4298 et
