3044 4882
488 257 637 304 touanmts
656 242 866 305 vteronrmtsrs.
905 257 927 326 r,
946 256 969 311 6.
1233 229 1304 299 293

169 395 303 481 quantis
330 394 458 484 capillis
486 402 585 484 caput
611 413 706 465 sunm
733 398 840 466 extitit
864 404 1077 488 coopertum,
1105 397 1167 466 sed
1194 396 1304 465 lacul-

168 499 221 562 tas
248 492 312 562 sibi
331 494 484 564 seviente
500 492 661 565 Ottalraro
686 514 756 565 non
769 495 920 568 dabatur.
952 497 1015 579 Qui
1035 499 1127 565 iuxta
1147 494 1305 564 Oracinm

165 593 200 660 in
226 593 371 662 carmine
397 593 490 663 lirico
517 593 701 664 delabere
726 595 822 683 prelii
846 597 960 666 lassos
986 602 1022 665 et
1047 597 1159 664 tristes
1184 595 1305 663 ellatur

168 692 315 760 amicos:
341 691 471 760 ibimus
496 712 517 762 o
542 695 625 762 socii
657 696 871 781 comitesque,
904 696 953 764 nit
981 695 1244 782 demerendum!
1275 693 1304 762 θ

167 789 275 875 sortes
295 793 477 878 peioraque
497 795 595 879 poesi
620 811 744 862 oneum
767 812 845 879 sepe
869 795 954 863 oiri!
982 795 1024 864 lit
1049 797 1098 864 sio
1123 794 1304 880 Ungariam

167 894 221 958 est
247 890 444 981 ingressuS‚
472 910 570 979 quam
595 893 628 960 in
654 891 813 961 nichilum
838 896 971 982 penitus
997 892 1211 982 redegisset,
1238 892 1303 960 nisi

166 987 209 1056 ad
235 1005 334 1058 omne
357 989 605 1079 beneplacitum
632 1009 727 1060 sunm
754 991 837 1060 Bela
862 995 1005 1063 nuncios
1032 993 1224 1061 direxisset.

240 1083 319 1158 Otto
345 1095 455 1158 autem
481 1089 627 1159 marchio
655 1097 690 1160 et
716 1090 844 1162 Ulrieus
877 1092 946 1162 dux
980 1109 1018 1160 se
1052 1094 1305 1181 interponentes

164 1189 270 1254 tntum
296 1186 492 1258 disturbium
518 1188 561 1258 ad
587 1188 673 1258 banc
698 1189 881 1259 clausulam
906 1190 1142 1281 perduxerunt,
1169 1196 1206 1258 ut
1223 1189 1305 1258 Bela

166 1284 309 1373 Styriam
336 1283 497 1356 octauam
523 1289 712 1375 resignaret
737 1308 810 1375 cum
845 1293 934 1360 omni
969 1293 1038 1358 inre
1065 1289 1156 1378 qnod
1183 1288 1247 1358 sibi
1270 1289 1306 1356 in

165 1403 206 1454 ea
231 1392 420 1475 competere
446 1386 628 1479 videbatur,
657 1395 691 1458 et
715 1389 838 1457 nullam
859 1390 998 1479 amplius
1016 1389 1141 1458 laceret
1159 1389 1305 1474 exigen-

165 1484 242 1554 tiam
268 1503 370 1574 snper
395 1504 446 1555 en,
488 1485 586 1567 Quod
612 1488 771 1557 lirmatum
798 1494 850 1557 est
876 1489 1062 1558 fortissimis
1078 1487 1305 1557 instrumentis

166 1590 200 1652 et
225 1585 395 1655 connubio
421 1591 546 1676 mutue,
574 1588 703 1656 seilicet
729 1587 820 1674 quod
846 1587 933 1656 iilius
959 1588 1051 1677 Bele‚
1079 1588 1160 1655 Bela
1183 1585 1304 1674 dictus,

164 1689 300 1772 neptem
335 1682 484 1754 Ottaltari
519 1682 655 1755 Ottcnis
686 1687 885 1756 marchionis
925 1687 1025 1755 liliam
1065 1687 1233 1774 acciperet
1270 1686 1306 1752 in

164 1799 315 1854 uxorem.
364 1785 407 1852 Et
432 1783 486 1854 die
516 1784 560 1852 nd
594 1785 658 1854 hoc
690 1779 897 1875 prestatutn1
930 1785 1042 1854 habite
1075 1792 1153 1852 sunt
1184 1784 1305 1872 nupeie

163 1898 238 1950 cnm
264 1883 407 1952 maxima
432 1884 540 1970 gloria
564 1884 662 1954 buius
696 1884 821 1955 mundi.
877 1886 960 1955 Bela
993 1885 1038 1953 ibi
1070 1886 1213 1973 stipatus
1246 1881 1306 1952 luit

163 1981 276 2050 multis
302 1982 506 2072 principibus
533 1985 669 2069 regibus
697 1983 835 2054 ducibus
862 1985 1038 2054 comitibus
1057 1978 1238 2052 baronibus
1261 1981 1305 2050 de

165 2097 229 2149 sno
256 2083 406 2169 germine
434 2088 467 2151 et
493 2082 556 2152 sibi
583 2083 754 2172 subiectis,
783 2085 840 2171 qni
866 2101 984 2153 omnes
1009 2085 1043 2151 in
1071 2100 1133 2152 sno
1155 2082 1246 2152 cultu
1272 2085 1306 2148 et

165 2180 254 2248 sient
291 2182 528 2268 uniuscunque
571 2184 694 2251 nomini
733 2181 845 2252 decuit
878 2182 1134 2273 resplendentes
1171 2181 1305 2250 coronis

161 2279 275 2348 aureis
302 2279 454 2349 vestibus
479 2281 583 2349 variis
607 2281 844 2370 procedebant
886 2283 1114 2371 Expensarum
1134 2278 1304 2368 inpendia,

160 2393 327 2448 novorum
340 2379 477 2448 militnm
504 2382 677 2472 tyrocinia,
704 2383 926 2450 ministrormn
952 2380 1062 2450 officia
1090 2385 1122 2447 et
1143 2385 1303 2469 ornatum,

160 2476 399 2548 distinctiones
418 2486 451 2548 et
473 2477 663 2549 discrimina
688 2478 851 2571 ludomm,
878 2478 1022 2568 tripudia
1037 2476 1167 2547 silenda
1184 2479 1303 2565 pocius

158 2576 303 2647 arbitror
336 2597 435 2666 quam
466 2577 617 2648 dicenda.
686 2579 723 2647 ln
759 2598 824 2667 qua
857 2578 1037 2648 testivitate
1069 2583 1211 2664 uterque
1246 2593 1304 2643 rex

158 2676 352 2747 Assuerum
379 2695 481 2767 super
510 2685 642 2748 centnm
662 2679 753 2747 xxvii
775 2683 971 2764 regnantem
993 2677 1183 2766 provincias
1205 2693 1303 2742 emu-

158 2775 303 2868 labatur,
339 2779 394 2864 qni
430 2777 559 2864 grande
595 2777 782 2846 convivium
814 2777 1017 2867 principibus
1053 2778 1122 2844 suis
1155 2774 1243 2865 iecit,
1270 2779 1305 2842 et

159 2874 298 2946 divitias
324 2875 430 2962 glorie
456 2882 556 2964 atque
582 2882 782 2965 potestatem
807 2878 902 2964 regni
929 2876 993 2967 sui,
1018 2876 1206 2944 iactantiam
1233 2874 1304 2942 anri

156 2976 293 3060 argenti
313 2975 459 3063 lapidum
486 2994 653 3068 vasorum,
679 2976 874 3045 lectulorum
900 2978 1163 3065 pavimentorum
1188 2972 1302 3041 diver-

157 3089 277 3143 sorum
313 3075 462 3144 cclornm
495 3093 622 3162 genera
657 3082 691 3143 et
723 3078 836 3164 precia
870 3075 1121 3146 demonstravit.
1170 3073 1303 3161 Sponsa

155 3172 261 3244 etium
286 3174 485 3244 marchionis
510 3224 696 3244 ......
704 3166 717 3212 ²

200 3323 231 3390 t)
249 3325 385 3394 prestituto
403 3324 441 3380 bs,
476 3325 508 3392 2)
527 3325 585 3379 bier
602 3325 690 3380 ieblen
709 3326 735 3378 in
756 3323 851 3379 derbe.
866 3323 985 3378 mebrere
1003 3311 1108 3391 bltitter,
1128 3321 1231 3376 welebe
1250 3321 1301 3376 den

156 3392 264 3450 scblnss
282 3392 369 3448 dieses
387 3394 496 3464 capitels
519 3393 572 3446 und
597 3395 638 3449 die
656 3394 817 3459 iortsetznng
834 3392 874 3446 bis
892 3393 958 3446 nacb
977 3393 1028 3447 den
1048 3398 1136 3446 ersten
1154 3391 1238 3444 zellen
1255 3390 1302 3444 des

157 3464 260 3518 dritten
288 3462 396 3530 capitels
419 3466 454 3516 im
478 3463 590 3516 zweiten
616 3463 682 3516 bncb
700 3461 860 3526 ambiebam,
879 3463 931 3515 wie
949 3461 1029 3515 sebon
1049 3463 1111 3514 eine
1129 3459 1213 3512 altere
1233 3457 1300 3512 band

157 3533 207 3586 die
225 3529 292 3583 nocb
311 3531 370 3584 dem
388 3529 553 3584 iintzelmten
572 3530 739 3584 iabrbnndert
756 3530 908 3596 angebb'ren
924 3531 1032 3595 lbnnte,
1051 3530 1094 3582 mit
1111 3529 1162 3582 den
1182 3531 1300 3580 werten:

154 3600 205 3653 bic
233 3597 322 3652 delicit
345 3613 411 3652 nnus
439 3604 579 3667 quaternus
604 3598 662 3653 libri
685 3600 760 3668 primi
783 3603 810 3652 et
832 3599 957 3658 secundi,
977 3597 1093 3651 daselbst
1115 3594 1232 3648 bemerlrt
1250 3594 1302 3648 hat.

156 3667 231 3722 Vom
248 3667 361 3721 zweiten
379 3667 461 3721 bnclre
479 3681 512 3720 an
529 3667 596 3720 lanu
616 3667 687 3721 diese
701 3667 786 3733 luciae,
806 3663 1181 3735 derencapiteliibersebritten
1198 3665 1225 3714 in
1242 3663 1302 3716 dem

156 3740 348 3803 vorgesetzten
372 3735 662 3830 inbaltsverzeicbaisse
688 3735 803 3837 erbaltep
828 3737 905 3796 sind,
927 3737 974 3816 mit
996 3732 1142 3816 piemlieber
1159 3731 1303 3784 sicberbett

156 3803 881 3939 tbaltbtl‘'tltlblttltlittlttlstlta
898 3798 1303 3938 ltlrltrtttttltstltt

157 3941 349 4008 scbwieriger,
373 3941 434 3993 wer
460 3943 493 3994 da
516 3939 586 3994 nieht
609 3939 666 3996 bles
685 3944 732 3995 der
750 3941 922 3995 Contiunntor
939 3939 1042 3993 llartini
1060 3938 1166 4002 Polam,
1185 3937 1302 3990 scudem

153 4009 226 4066 anclr
240 4009 288 4062 der
303 4012 452 4076 snonpmus
467 4007 619 4062 Lecbiensis
632 4010 689 4064 ibre
701 4009 789 4078 quelle
803 4023 852 4062 nrm
866 4007 1021 4061 extrabiren.
1048 4006 1091 4060 leb
1112 4010 1214 4058 ersetze
1229 4003 1303 4059 disse

159 4078 388 4202 ”tlattlttt
406 4076 577 4198 {libr-{lm
591 4077 1012 4202 nt⁵rttb¹titttttllltt
1028 4074 1304 4197 llllt‘llrltttt

153 4163 207 4272 gns
229 4213 328 4268 andern
349 4213 497 4268 bekannten
525 4159 638 4281 mrffrlleu,
666 4162 821 4268 ramentum
845 4213 903 4266 dem
922 4213 1018 4266 Cbron.
1038 4179 1256 4265 Claustra-Neob.
1274 4212 1302 4262 in

155 4285 257 4340 dassen
280 4282 490 4337 verschiedenen
518 4280 685 4338 redactionem
711 4282 769 4350 tbei
797 4281 847 4335 l'ez
872 4282 896 4348 t,
919 4280 971 4336 b36
988 4283 1039 4336 und
1059 4280 1101 4334 bei
1118 4277 1207 4333 liancb
1226 4279 1249 4345 t,
1269 4280 1303 4330 b5
