3044 4882
263 203 335 274 376
581 229 726 278 lolinlltlbs
745 229 956 276 vrcroursusrs.
990 228 1017 296 a,
1033 227 1057 280 8.

183 381 250 438 lere
268 378 302 441 ct
326 371 416 441 illius
448 370 540 456 regis
572 370 758 458 temeritas,
793 373 999 456 quocontra
1028 370 1200 457 imperium
1225 368 1388 458 invehitur,

270 467 518 540 contundenda.
549 467 674 558 Fertur,
702 467 793 554 quod
810 465 976 556 Rupertus
995 467 1108 537 audita
1124 469 1329 558 imperatoris
1343 469 1390 535 in-

269 572 419 639 tentione
445 584 551 636 naves
576 569 640 636 iam
666 571 799 656 paratas
825 566 986 655 babuerit,
1013 573 1050 635 nt
1070 568 1144 635 eius
1162 569 1317 655 impetum
1333 567 1390 634 de·

269 667 488 738 elimaret'Et
515 665 592 734 dum
618 664 681 734 biis
703 665 822 734 sedulo
846 667 1004 754 princeps
1029 666 1228 751 intenderet,
1255 671 1391 754 tempore
1495 665 1496 700 ³

185 786 247 829 nne.
267 769 397 846 mensis·
414 768 550 852 augusti
569 766 662 834 vonit
680 766 715 833 in
740 766 937 834 territorium
964 764 1117 834 Senense
1140 765 1183 834 ad
1199 766 1318 856 vicum,
1344 764 1393 851 qui

265 868 542 937 Boniconventus
562 863 688 932 dicitur.
721 863 785 934 Ubi
806 862 883 932 dum
898 863 1069 933 devotioni
1088 866 1270 955 insisteret,
1298 870 1330 932 ot
1345 863 1393 930 di·
1439 892 1444 904 ·

266 967 353 1035 vinis
380 963 500 1034 officiis
525 962 715 1030 intenderet
737 968 771 1031 ot
793 969 939 1054 vacaret,
967 969 1001 1032 et
1016 981 1076 1054 per
1094 963 1340 1034 contessionem
1357 959 1394 1030 ad

266 1062 514 1155 suscipiendam
539 1078 668 1130 sacram
687 1064 949 1131 communionem
967 1079 1005 1131 se
1021 1063 1179 1150 religiose
1196 1063 1394 1152 disponeret,

265 1164 352 1233 inira
384 1179 479 1232 sacre
512 1162 613 1230 misse
649 1158 791 1229 officium
825 1159 934 1230 llexls'
954 1162 1098 1248 genibus
1131 1179 1253 1252 corpus
1279 1160 1395 1229 domini
1496 1153 1497 1170 ¹

268 1263 420 1352 sumpsit,
447 1264 481 1329 ot
506 1259 583 1328 dum
608 1265 723 1348 potum
748 1260 862 1328 caliois
889 1263 1108 1352 suscepisset,
1136 1279 1213 1330 mox
1237 1264 1288 1330 vis
1316 1277 1397 1348 que-

268 1361 344 1430 dam
378 1360 516 1429 tremule
548 1357 744 1428 intirmitatr's
778 1365 898 1448 peetus
928 1362 1003 1428 eius
1029 1362 1221 1451 concussit,
1248 1364 1282 1428 et
1308 1359 1398 1446 qnasi

267 1459 480 1529 adamantina
507 1459 664 1545 congerie
690 1459 823 1527 viscera
846 1459 1020 1527 contrabit.
1051 1460 1093 1528 Et
1107 1458 1185 1527 dum
1203 1457 1322 1527 mediol
1340 1475 1399 1524 ve-
1497 1511 1498 1516 ,

267 1577 391 1628 nonum
409 1577 484 1627 enm
503 1557 660 1626 hausisse
676 1556 870 1643 iudicarent,
899 1563 932 1626 et
951 1558 1140 1627 elevatione
1158 1560 1310 1647 corporis
1327 1556 1399 1646 pel·
1494 1587 1498 1604 ⁴

267 1658 337 1728 lero
351 1660 544 1747 niterentur,
571 1655 750 1725 dummodo
774 1655 882 1745 pedes
906 1674 1036 1727 sursum
1063 1663 1097 1726 et
1122 1664 1223 1747 caput
1248 1656 1400 1725 deorsum

268 1763 405 1847 propter
420 1757 561 1826 celerem
581 1755 702 1824 exitum
718 1757 921 1844 permitteret
943 1756 1098 1847 ordinari,
1123 1757 1250 1844 respuit
1271 1755 1400 1823 dicens:

268 1874 307 1925 se
330 1856 507 1943 gloriosius
531 1871 598 1922 eoo
617 1871 804 1954 possekaee
827 1854 911 1923 celle
935 1859 1036 1939 mori,
1061 1873 1160 1943 qaum
1185 1856 1261 1923 dum
1286 1858 1400 1921 caveto-

268 1973 339 2024 rene
369 1957 433 2022 otte
463 1953 525 2021 sibe·
555 1956 740 2039 presentem
763 1960 1015 2040 recognosceret
1038 1960 1071 2024 et
1093 1953 1236 2023 oetaeo
1280 1952 1400 2040 Sisque

266 2054 303 2122 in
329 2055 480 2123 oratione
505 2070 660 2120 manuum
686 2053 874 2122 elevatione
900 2055 935 2121 in
960 2073 1077 2124 manus
1104 2053 1228 2122 domini
1254 2053 1400 2140 spiritum
1499 2085 1500 2116 a

267 2151 521 2222 commendavit.
559 2151 611 2219 De
643 2151 738 2220 onius
763 2156 868 2220 morte
894 2151 956 2221 suit
980 2157 1073 2224 varia
1097 2152 1227 2222 relatio.
1262 2149 1401 2232 Quidam
1499 2139 1500 2198 5

268 2251 393 2334 dicunt,
419 2251 611 2336 religiosum
635 2251 692 2338 qui
714 2268 789 2319 oum
813 2255 1114 2322 communicaverat
1139 2251 1326 2320 adamantis
1350 2249 1402 2317 la-

268 2349 358 2441 pidis
381 2351 447 2418 triti
468 2349 638 2438 pulverem
652 2350 774 2438 poculo
790 2350 902 2418 calicis
926 2351 1009 2420 olam
1032 2358 1065 2420 ot
1079 2351 1199 2419 leniter
1215 2351 1401 2437 immisisse,

272 2451 364 2520 cuius
391 2451 519 2519 virtutis
546 2454 598 2518 est
614 2449 711 2517 etiarn
734 2449 856 2518 serrum
882 2450 1058 2543 attrahere,
1087 2455 1119 2518 et
1137 2449 1180 2518 ob
1198 2449 1406 2519 hocvisoera

271 2555 338 2617 tam
370 2549 522 2618 celeriter
547 2549 729 2617 constricta
753 2546 877 2639 luisse,
905 2554 938 2616 et
963 2548 1028 2618 hoc
1053 2569 1073 2619 a
1098 2548 1295 2617 Florentinis
1323 2564 1404 2636 pro·-

272 2653 419 2718 curatum
454 2647 617 2717 extitisse.
657 2646 774 2715 Fertur
808 2649 922 2739 etiam,
950 2648 1041 2736 quod
1082 2649 1232 2717 sentiens
1265 2647 1408 2715 letaliter

271 2748 412 2816 interius
428 2764 466 2816 se
483 2763 695 2835 concussum,
722 2747 788 2836 ipsi
811 2747 961 2815 ministro
987 2753 1024 2816 ut
1044 2749 1217 2836 repentine
1235 2743 1409 2832 aufugeret

272 2847 498 2935 persuasisse.
532 2843 596 2924 Qui
620 2845 738 2912 illesus
767 2846 907 2915 veniens
932 2846 1133 2915 Florentiam
1160 2863 1233 2914 cum
1258 2846 1408 2913 maximis

272 2943 428 3013 laudibus
444 2948 497 3013 cst
515 2949 689 3034 exceptas,
716 2960 758 3011 eo
785 2944 875 3030 quod
901 2947 1040 3034 patriam
1065 2952 1102 3014 ut
1128 2940 1265 3013 aiebant
1282 2943 1326 3011 ab
1345 2945 1408 3012 im-

273 3044 440 3132 peratoris
472 3040 649 3130 tyrannide
680 3041 867 3112 liberasset.
910 3041 982 3124 Qua
1017 3045 1157 3132 qualiter
1189 3059 1228 3111 so
1254 3042 1408 3130 habeant,

274 3141 381 3210 lateor
415 3159 479 3210 me‘
499 3143 643 3212 nescire.
683 3141 766 3208 Fam
792 3143 890 3210 etlam
916 3141 1076 3212 nefarium
1104 3143 1216 3211 scelus
1241 3158 1303 3231 per
1329 3141 1409 3208 reli·

275 3242 408 3328 giosum
425 3246 491 3308 tam
505 3239 667 3309 lamosum
685 3242 783 3310 etiam
797 3243 985 3330 imperatori
1003 3247 1069 3312 tam
1093 3241 1304 3311 karissimum
1329 3239 1407 3327 lieri,

275 3338 410 3408 difficile
435 3339 489 3409 vel
515 3341 705 3410 nullatenus
733 3346 785 3409 est
811 3339 1024 3411 credendum.
1056 3338 1178 3409 Audivi
1204 3344 1317 3406 autem
1344 3353 1409 3424 ego

276 3456 296 3506 a
321 3439 392 3506 viro
419 3443 454 3507 et
477 3445 571 3527 patre
589 3441 856 3509 reverentissimo
873 3439 1079 3509 Bertbrando
1095 3437 1283 3529 patriarcha
1299 3435 1411 3526 Aqui-

274 3537 429 3630 lcgiensi,
457 3539 513 3624 qul
531 3537 663 3606 auditor
678 3536 739 3606 luit
755 3555 929 3608 causarum
951 3540 1037 3607 sacri
1054 3540 1169 3628 palatii
1184 3539 1303 3604 summi
1318 3553 1411 3625 pon-

276 3636 372 3706 tilicis
405 3638 502 3706 annis
537 3631 737 3728 aliquibus1,
773 3637 863 3726 quod
897 3639 988 3706 nimii
1018 3636 1143 3707 doloris
1170 3635 1337 3706 acerbitas
1364 3637 1412 3704 sio

269 3754 353 3829 ,eum
373 3739 575 3828 pervaserit,
602 3742 638 3804 ut
664 3738 777 3805 mortis
804 3736 948 3806 evadere
973 3737 1155 3826 periculum
1181 3752 1248 3804 non
1274 3735 1413 3823 valeret,

278 3853 319 3905 eo
340 3834 431 3923 quod
448 3835 630 3904 vindictam
651 3836 684 3903 in
702 3835 914 3905 adversarios
931 3836 1055 3904 habere
1073 3853 1143 3905 non
1165 3836 1282 3924 potuit
1316 3832 1413 3903 Unde

278 3951 419 4024 corpore
450 3940 566 4024 aperto
601 3939 635 4004 et
669 3935 873 4027 eviscerato,
902 3952 960 4004 cor
991 3936 1064 4005 eins
1095 3937 1240 4006 scissum
1264 3933 1299 4000 in
1327 3932 1413 4001 duas

312 4120 344 4180 ll
361 4119 450 4190 spiter
467 4120 511 4176 bat
529 4121 575 4176 dor
591 4121 724 4177 variasser
740 4112 813 4176 diese
831 4123 1006 4180 nameutlicbe
1023 4122 1183 4192 ervtnnung
1193 4119 1345 4192 geslriebeu
1363 4115 1416 4173 und

278 4186 354 4242 dabir
370 4192 484 4256 gesetzt:
503 4190 595 4246 Audiri
613 4197 699 4247 antem
717 4203 732 4245 c
751 4205 767 4244 o
786 4207 801 4246 a
819 4192 1008 4262 quampluribus
1025 4191 1076 4249 lide
1089 4192 1184 4262 dignis,
1202 4191 1272 4262 quod
1286 4195 1348 4258 etc,
1366 4189 1416 4242 wie

279 4255 321 4312 die
338 4257 415 4312 stelle
433 4257 498 4314 ansb
515 4259 544 4313 in
562 4258 609 4316 das
626 4259 724 4317 Gbrcu.
763 4259 820 4316 eob.
839 4260 975 4332 liberging.
