3044 4882
431 206 575 256 rourrnrs
596 207 803 258 ureronrunsrs.
838 210 862 279 2,
882 213 904 263 5.
1177 181 1248 251 313

116 362 199 435 pape
226 346 389 433 Gregorio
414 349 619 437 promiserat,
647 311 720 416 cum
747 357 909 440 apparatu
934 367 1058 438 magno
1084 354 1118 418 et
1143 349 1249 434 gloria

115 444 303 513 destinavit.
341 442 413 525 Que
439 450 568 534 peperit
591 445 744 515 Karolum
772 467 885 536 regem
911 449 1068 542 Ungarie,
1091 447 1249 516 Clemen-

114 545 188 612 tiam
215 545 366 630 reginam
392 545 541 633 Francia,
570 551 603 612 et
637 545 746 614 adhue
778 565 879 617 unam
912 548 1025 639 tilium,
1061 563 1125 636 que
1160 545 1249 614 taeta

114 649 165 711 est
189 644 346 732 prinoeps
374 650 407 711 et
432 644 565 712 domina
591 643 824 733 Delpbinatus.
865 645 1089 716 Nouissimam
1110 645 1249 714 iliarum

113 741 245 810 tradidit
271 739 385 811 Ottoni
412 743 479 810 idio
505 741 651 810 Heinrioi
678 743 771 814 duois
797 747 959 835 Bouario,
988 763 1053 834 que
1084 746 1157 813 sine
1183 743 1249 811 he-

114 840 191 909 rede
216 846 295 931 post
320 841 420 909 breve
447 843 657 910 interstitium
684 847 845 933 temporis
864 851 917 914 est
940 844 1106 914 deiunota.
1139 842 1250 912 Hein-

114 941 201 1008 rious
227 944 338 1008 autem
365 939 433 1008 dux
465 947 499 1008 et
528 941 730 1010 Ludewious
756 942 858 1012 irater
883 946 955 1012 eius
982 949 1016 1012 et
1031 940 1249 1010 Metubardus

116 1055 226 1108 eomes
254 1040 403 1107 sororius
431 1038 610 1108 eorundem
638 1048 801 1110 venemnt
826 1042 868 1110 ad
896 1059 1018 1132 regem,
1037 1042 1249 1131 postulantes

116 1139 161 1206 eis
189 1142 224 1205 et
248 1137 428 1207 heredibus
456 1140 527 1207 suis
553 1138 595 1207 de
624 1141 716 1208 terris
742 1143 894 1228 aquisitis
920 1141 1133 1211 donationem
1168 1139 1249 1230 beri,

115 1254 172 1326 pro
201 1255 314 1306 eorum
342 1243 375 1305 et
401 1255 534 1306 suorum
569 1237 727 1306 heredum
762 1239 804 1308 ad
835 1241 931 1326 regni
966 1246 1081 1309 eterna
1115 1239 1252 1308 servitia

117 1335 390 1424 qualemcunque.
426 1334 554 1417 Quibus
579 1355 638 1406 rex
664 1340 853 1428 respondit:
879 1338 943 1407 boe
967 1357 1033 1406 nort
1053 1356 1155 1426 posse
1176 1339 1251 1420 fieti

113 1436 182 1502 siue
203 1437 386 1522 pmoeipom
411 1453 579 1520 conserano,
605 1438 666 1504 sed
688 1439 754 1504 tato
778 1441 813 1505 io
837 1439 932 1505 corto
956 1455 1055 1522 poem
1079 1440 1113 1506 to
1137 1437 1250 1523 riopo-

112 1537 165 1600 ato
184 1537 390 1622 precepisset
414 1552 513 1622 apere
534 1538 787 1621 pertractando.
821 1537 864 1606 Et
888 1539 938 1606 sio
958 1536 1085 1606 distulit
1100 1553 1250 1624 respou-

113 1649 227 1702 suam.

184 1731 262 1800 Hoo
295 1749 383 1801 anno
419 1735 555 1802 moritur
584 1733 752 1802 lohannes
792 1752 881 1823 papa
915 1734 1053 1803 obrutus
1084 1731 1250 1822 lapidibus
1265 1745 1330 1798 terr

114 1835 147 1898 et
171 1829 273 1917 lignis
300 1830 390 1920 apud
414 1831 592 1901 Biterbium
610 1835 643 1900 in
665 1850 727 1901 suo
748 1833 879 1922 paluoio
898 1832 989 1922 quod
1004 1835 1250 1923 paravitpost-

115 1947 211 2017 quam
238 1937 314 2000 uoto
341 1932 513 2001 mensibus
539 1932 746 2017 gubernavit.
797 1932 1003 2020 vacavitque
1038 1931 1140 2001 sedes
1171 1935 1252 2019 post

113 2034 185 2096 eius
213 2029 336 2097 obitum
362 2048 422 2119 per
447 2047 510 2100 sex
543 2047 687 2098 menses.
729 2026 829 2100 Anno
864 2030 987 2101 domini
1021 2031 1251 2100 meolxxmiii.

112 2126 281 2214 Nyoolaus
308 2131 428 2197 teroius
455 2130 599 2219 eligitur,
628 2129 690 2196 sub
717 2147 783 2217 quo
818 2130 934 2199 Petrus
970 2145 1028 2200 rex
1061 2126 1250 2216 Arrogonie

113 2231 228 2295 eontra
253 2227 408 2296 Kurolnm
443 2246 557 2315 regem
593 2228 704 2296 Sieilie
739 2247 844 2297 naves
877 2230 1014 2298 bellioas
1040 2229 1249 2298 instauravit

111 2321 163 2394 Ad
191 2326 282 2413 quod
308 2343 382 2395 eum
409 2330 526 2414 regina
551 2329 691 2395 maxime
718 2330 873 2418 orruerit,
910 2329 1001 2397 etei
1027 2345 1143 2396 omnes
1170 2326 1249 2394 the-

114 2441 232 2494 sauros
259 2424 408 2512 alonge
436 2433 583 2515 tempore
610 2432 804 2516 oongestos,
831 2432 868 2495 ut
891 2425 1028 2495 viriliter
1046 2431 1170 2513 ageret,
1190 2442 1250 2492 re-

113 2526 245 2594 seravit
280 2524 342 2592 Hie
367 2544 453 2614 papa
478 2525 694 2594 Ludewioum
720 2543 832 2610 regem
863 2525 1000 2594 lrunoie
1028 2525 1248 2613 oanorrizavit,

115 2625 168 2710 qui
201 2623 303 2691 fertur
333 2625 488 2712 preoibus
516 2624 558 2693 de
584 2642 622 2692 se
648 2628 761 2691 natum
787 2623 899 2715 tetum,
917 2641 1062 2692 massam
1076 2622 1249 2691 informem

114 2739 153 2788 ox
178 2729 275 2791 utero
302 2725 425 2814 matris,
452 2725 597 2812 positum
632 2740 734 2811 super
764 2721 867 2790 altare
900 2724 933 2790 in
967 2722 1096 2813 capella
1130 2723 1248 2810 spinae

114 2837 236 2890 oorone
264 2820 387 2891 domini
414 2823 611 2912 obtinuisse,
646 2828 683 2889 ut
718 2823 827 2890 omnia
861 2822 1007 2891 membra
1039 2820 1248 2910 pulcherrimi

114 2926 145 2986 et
176 2920 363 3010 plenissimi
397 2923 550 3010 eorporis
585 2920 804 2989 formarentur
813 2975 822 3011 ,
859 2927 892 2990 et
926 2922 1066 2990 exiliens
1099 2937 1183 3010 puer
1216 2925 1250 2987 et

115 3017 199 3087 tilius
226 3020 291 3088 sibi
318 3021 591 3107 elegantissimus
618 3019 786 3088 arrideret.
828 3019 890 3088 Hie
915 3020 966 3090 bis
992 3039 1081 3088 mare
1108 3019 1247 3109 transiit,

114 3135 213 3207 opera
240 3118 329 3186 olara
354 3123 472 3210 gessit,
499 3120 682 3188 Damiatam
710 3121 816 3208 oepit,
851 3119 955 3186 semel
980 3117 1103 3187 ibidem
1130 3123 1247 3206 eaptus

115 3215 269 3286 divinitus
287 3224 320 3285 et
335 3218 525 3287 mirabiliter
542 3218 709 3307 liberatur,
732 3217 776 3285 ibi
794 3218 891 3285 etiam
911 3217 1091 3286 devotione
1107 3219 1249 3286 maxima

114 3314 144 3383 in
171 3316 307 3386 domino
334 3316 542 3407 obdormivit,
569 3318 656 3386 siout
682 3334 740 3386 rex
775 3315 919 3384 Castelle
951 3333 1038 3404 pape
1073 3321 1106 3384 et
1136 3315 1248 3385 eordi-

114 3415 242 3485 nelibns
269 3415 492 3485 demandavit.

185 3515 261 3584 Hoo
287 3532 375 3584 amro
401 3533 461 3605 per
483 3512 651 3584 Austriam
678 3515 820 3602 styriam
853 3517 886 3582 et
919 3511 1121 3581 Kurinthiam
1156 3515 1249 3580 tanta

115 3609 216 3683 tumes
244 3615 362 3705 extitit,
388 3621 425 3684 ut
450 3615 601 3684 homines
628 3619 735 3682 cattas
762 3630 862 3681 oaues
891 3627 998 3700 equos
1031 3617 1065 3680 et
1095 3617 1249 3679 mortuo-

115 3706 202 3779 rum¹
228 3713 393 3782 cadavera
425 3713 705 3784 mandnoaveriut.
756 3709 918 3780 Rudolfus
951 3712 1052 3797 igitur
1084 3708 1249 3798 disposita

115 3815 208 3904 terra,
236 3820 270 3881 et
294 3815 530 3902 prouuratione
558 3812 678 3882 tradita
705 3811 772 3879 tilio
797 3809 952 3899 Alberto,
979 3815 1156 3898 postquam
1183 3811 1247 3875 tri-

116 3906 175 3977 bus
199 3917 297 3980 annis
324 3918 357 3981 ot
382 3911 517 3982 dimidio
542 3915 576 3980 in
601 3909 737 3980 dustria
765 3916 816 3979 est
842 3914 998 3998 moruiuS,
1018 3907 1061 3976 ad
1078 3908 1248 3996 superiora

119 4009 308 4094 regreditur.
350 4011 412 4080 Per
437 4029 555 4080 nemus
580 4011 791 4080 Bohemienm
816 4010 879 4076 iter
912 4025 1019 4093 agens
1044 4006 1156 4074 urbem
1185 4023 1247 4073 su-

120 4102 176 4173 biit
198 4109 403 4179 Norieorum.
447 4108 535 4181 Ossa
561 4111 678 4198 regine
709 4125 770 4198 per
801 4107 995 4196 episcopum
1028 4105 1247 4176 basiliensem

152 4225 180 4292 1)
197 4227 301 4282 Zusatz:
322 4227 461 4282 hominnm.
