3028 4878
252 195 327 262 tlt
629 222 755 268 urceum
777 222 1013 269 uunurrouansrs.

251 379 365 430 uarum
381 367 445 429 tam
462 361 603 428 maxima
625 359 816 448 pestilentia
832 377 894 428 seu
912 360 1094 428 mortalitas
1113 359 1282 428 hominum
1301 364 1392 428 tanta

250 459 311 528 luit
336 466 370 528 et
396 465 458 548 est,
487 459 578 547 quod
603 459 797 546 plerumque
824 477 890 526 una
907 459 942 526 in
964 460 1115 546 hospicio
1131 461 1294 527 moriente
1309 477 1391 547 per·

252 575 337 627 sona
370 560 471 626 ceteri
506 557 739 627 cohabitantes
772 557 926 626 homines
954 562 988 625 et
1014 558 1127 646 sepius
1155 559 1253 644 quasi
1280 557 1391 626 subito

251 658 443 726 moriuntur.

250 842 302 911 De
328 842 490 910 eventibus
516 843 704 910 tarantasia
728 839 788 909 aab
813 859 900 909 canc
925 840 1120 928 adscripta.

166 970 235 1027 ¹³⁴⁸
323 975 423 1046 Anno
453 975 578 1044 domini
609 976 832 1044 m.cec.xl.viii.
868 975 969 1043 multa
999 975 1162 1043 mirabilia
1194 975 1392 1061 contingent

248 1081 285 1144 ut
310 1076 502 1161 astrologus
529 1075 691 1143 maximus
717 1079 904 1142 attestatur.
947 1074 1040 1142 Unus
1068 1073 1162 1142 solus
1188 1076 1251 1142 erit
1276 1072 1389 1141 domi-

248 1192 323 1244 uus.
361 1174 535 1262 imperium
560 1172 741 1241 Romanum
768 1172 975 1242 exaltabitur.
1017 1172 1143 1258 Magna
1167 1173 1240 1240 rixa
1265 1174 1328 1240 crit
1352 1174 1388 1240 in

247 1279 345 1341 terra
379 1274 555 1360 tyrannus
588 1290 649 1339 rex
678 1273 817 1340 lrarrcic
851 1271 950 1340 cadet
982 1289 1056 1339 cum
1088 1271 1269 1339 baronibus
1303 1272 1386 1340 suis.

245 1372 398 1440 Bononia
423 1371 588 1440 ditabitur.
622 1372 815 1438 Tonitruum
842 1370 908 1438 liet.
943 1371 1069 1457 Magna
1093 1369 1213 1438 ellusio
1241 1371 1385 1456 sangui-

245 1472 309 1537 nis.
344 1470 433 1557 Papa
459 1469 674 1556 dissipabitur
700 1486 773 1537 cum
799 1467 1021 1537 cardinalibus
1048 1469 1127 1538 suis.
1167 1468 1238 1536 Erit
1263 1487 1387 1555 magna

245 1568 350 1636 lomes
369 1574 402 1636 et
417 1569 608 1636 mortalitas.
640 1567 711 1635 Hec
725 1585 806 1636 vcro
823 1569 888 1635 iam
914 1569 948 1635 in
973 1567 1085 1635 multis
1111 1568 1259 1655 partibus
1278 1567 1386 1636 Lom-

246 1666 371 1737 hardic.
405 1666 551 1752 Magnus
578 1666 669 1733 calor
687 1667 721 1734 in
744 1672 862 1736 estate.
897 1667 935 1733 ln
960 1666 1067 1734 hicme
1089 1684 1210 1752 magna
1238 1667 1388 1736 siccitas

247 1765 382 1834 Semina
418 1770 679 1853 corrumpuntur.
722 1764 953 1832 Vindicahitur
991 1764 1138 1833 vindicta
1170 1766 1251 1833 novi
1284 1767 1388 1851 regis

249 1863 524 1949 Translugabitur
550 1864 667 1947 regina
692 1865 836 1932 tremoris.
878 1864 1009 1931 Pulices
1036 1863 1167 1932 locuste
1194 1870 1229 1931 et
1254 1865 1390 1931 anima-

246 1963 291 2029 lia
316 1980 489 2031 venenosa
515 1960 765 2050 habundabant,
793 1967 827 2030 et
843 1963 945 2030 multa
971 1962 1133 2030 mirabilia
1156 1963 1190 2029 in
1217 1979 1294 2030 aere
1321 1981 1388 2050 ap-

238 2059 419 2148 parebunt.
932 2089 937 2104 ,

245 2245 299 2314 lle
331 2246 494 2314 Wolmcro
518 2245 709 2314 marchione
734 2247 1052 2333 Brundeaburpcnai.

165 2389 233 2444 tate
318 2375 416 2446 Anno
451 2378 576 2446 domini
610 2380 833 2448 mcccxlniii.
869 2381 1060 2450 Wolmarus
1094 2380 1240 2448 marchio
1273 2380 1385 2446 Bran-

244 2475 501 2566 denburgensis,
528 2477 563 2544 id
590 2484 643 2544 cst
669 2479 802 2564 quidam
821 2479 966 2548 ribaldus
985 2480 1167 2548 consimilis
1184 2479 1248 2567 ipsi
1269 2496 1384 2565 quon-

243 2573 318 2642 dam
346 2574 519 2642 Wolmaro
546 2576 728 2644 marchioni
754 2575 885 2667 ibidem,
914 2579 970 2664 qui
995 2596 1056 2666 pro
1077 2585 1205 2645 mortuo
1224 2583 1303 2644 ante
1323 2593 1385 2644 scu

243 2674 332 2741 circa
368 2675 500 2758 triginta
534 2692 641 2742 annos
671 2677 835 2742 veraciter
861 2677 1077 2744 communiter
1102 2681 1136 2743 ct
1160 2675 1293 2745 notorie
1319 2675 1385 2742 ha-

243 2771 400 2860 bebatur,
429 2773 524 2859 quasi
551 2791 571 2839 a
597 2774 735 2841 mortuis
762 2791 959 2862 resurgens,
993 2792 1104 2862 ymmo
1132 2773 1173 2842 ab
1201 2774 1304 2842 exilio
1332 2774 1385 2840 si-

243 2869 366 2938 mulato
393 2877 576 2960 revertens,
603 2873 782 2940 insurrexit
806 2879 841 2939 et
864 2873 1020 2961 invaluit,
1047 2890 1116 2940 non
1142 2873 1216 2940 sine
1243 2870 1385 2938 iraudu-

241 2968 341 3035 lentis
359 2968 659 3039 machinationibus
677 2971 909 3040 nonnullorum
936 2977 1128 3057 magnatum
1142 2977 1176 3039 et
1200 2971 1383 3038 incolarum

242 3065 372 3134 illarum
405 3067 554 3155 parcium
589 3074 625 3136 ut
657 3062 823 3138 lamatur1.
866 3070 948 3138 Eam
980 3087 1115 3157 quoque
1151 3071 1248 3157 quasi
1281 3075 1384 3137 totam

242 3165 307 3234 sibi
333 3183 405 3233 cum
432 3166 596 3235 adiutorio
623 3166 735 3234 llarcli
762 3169 868 3254 quarti
895 3169 985 3254 regis
1001 3167 1224 3236 Romanorum
1250 3173 1284 3235 et
1308 3168 1382 3235 Bo-

242 3264 412 3332 hcmcrum
439 3283 641 3350 suorumque
660 3264 825 3334 lautorum
842 3267 1017 3333 multorum
1037 3265 1080 3334 de
1098 3270 1267 3354 potestate
1286 3265 1381 3334 Lud-

242 3363 320 3428 wici
355 3362 555 3429 marchionis
587 3362 727 3451 ibidem,
763 3364 872 3431 multis
908 3363 1039 3450 quidem
1067 3365 1164 3433 annis
1191 3365 1324 3452 pacifici
1350 3369 1383 3431 et

242 3459 357 3548 quieti,
386 3460 453 3526 nati
479 3459 643 3546 siquidem
670 3460 823 3529 Ludwici
851 3464 958 3549 quarti
984 3463 1190 3552 imperatoris
1210 3461 1382 3532 Romano-

241 3577 312 3625 rum
338 3559 459 3625 asserti
473 3563 551 3624 tunc
568 3557 725 3647 defuncti,
752 3559 881 3628 hostilis
902 3560 1034 3647 quidem
1052 3563 1280 3649 persecutoris
1305 3559 1382 3630 dicti

241 3657 345 3745 regis,
374 3657 516 3725 attraxit.
550 3653 681 3736 Quanta
707 3659 806 3744 igitur
832 3658 1010 3746 nephanda
1037 3657 1165 3728 salsitas
1181 3661 1217 3727 in
1233 3662 1380 3750 premis·

241 3757 305 3843 sis,
333 3754 486 3823 eliciens
514 3753 647 3843 quidem
673 3757 777 3843 proch
803 3756 899 3826 dolor
924 3758 1047 3826 multos
1074 3757 1231 3827 huldatos
1258 3776 1299 3827 ac
1325 3761 1380 3826 iu·

241 3858 332 3921 ratos
359 3852 511 3923 homines
538 3860 604 3922 tam
631 3854 762 3922 nobiles
788 3874 886 3943 quam
922 3855 1089 3941 ignobiles
1115 3857 1238 3926 ibidem
1265 3859 1380 3946 periu-

240 3969 295 4020 ros
332 3953 447 4039 utique
482 3959 516 4019 et
548 3950 710 4041 infames,
743 3955 777 4020 in
812 3953 1048 4022 scandalosum
1089 3958 1380 4044 perniciosumque

242 4049 395 4137 exemplo
422 4047 634 4139 dispendium
660 4050 777 4120 salutis
805 4059 837 4120 et
866 4051 952 4120 lame
979 4071 1092 4122 earum
1118 4072 1159 4123 ac
1183 4055 1323 4124 aliorum
1348 4056 1381 4123 in

278 4210 308 4275 t)
329 4209 513 4264 nonnullorum
537 4239 563 4249 -
581 4209 689 4266 iamatur
706 4212 739 4266 ist
757 4227 827 4268 zwar
844 4213 1021 4283 gleichzeitig,
1040 4215 1109 4270 steht
1126 4215 1191 4272 aher
1208 4213 1254 4270 aul
1267 4228 1348 4270 rasnr,
