3002 4880
433 213 578 260 canomca
599 214 637 259 nr
658 215 758 262 ersrrs
777 215 944 262 ramcrrurr.
1230 186 1252 258 9

113 353 152 421 in
176 351 256 420 loco
283 349 539 439 explanandam.
588 351 651 421 Hic
677 370 760 439 ergo
792 352 938 420 breviter
959 351 1156 426 declaretur.
1190 353 1255 423 Hic

116 451 278 520 convenit
296 450 478 541 explanari,
498 450 590 538 quod
612 453 766 540 superius
786 453 966 540 prorogavi
986 453 1042 520 vel
1056 454 1220 520 intermisi
1230 446 1253 523 ².

189 549 295 617 Porro
329 551 448 635 regina
480 549 643 619 Bobemie
677 549 719 618 de
754 555 859 619 morte
891 552 983 636 regis
1014 551 1156 620 babetur
1188 569 1253 620 su-

117 653 247 738 specta,
273 645 353 716 ideo
381 649 461 735 quia
485 648 530 716 ad
556 649 781 718 resistendum
804 650 877 735 regi
902 649 1124 719 Romanorum
1151 650 1254 720 etad

114 766 265 836 pugnarn
303 747 415 814 multis
456 740 732 833 sugestionibus²
756 750 866 837 ipsum
901 748 1076 839 compulit,
1111 754 1144 817 et
1173 749 1252 819 ideo

114 863 186 914 non
209 850 324 934 potest
349 864 370 914 a
393 847 601 934 suspicionis
628 847 754 916 nodulo
782 865 819 915 se
845 849 980 935 penitus
1008 865 1172 916 excusare
1197 848 1253 916 vel

115 944 276 1013 enodare.
308 942 419 1012 Causa
436 963 529 1036 vero,
552 963 595 1013 ex
615 965 682 1033 quo
706 952 810 1015 totum
832 947 964 1036 malum,
992 947 1153 1034 sequitur.
1178 948 1254 1015 Fuit

115 1044 263 1110 enimin
289 1061 396 1129 regno
422 1044 581 1112 Bobemie
608 1045 742 1132 quidam
769 1063 919 1134 supanus
946 1045 1057 1113 dictus
1082 1045 1252 1136 Zawiscb,

113 1147 238 1231 potens
267 1147 301 1210 et
326 1141 433 1232 diocia,
467 1141 509 1210 de
526 1161 649 1228 magna
668 1145 828 1233 prosapia
847 1144 1018 1235 oriundnS,
1046 1149 1082 1212 et
1105 1145 1253 1213 nichilo-

114 1243 226 1309 minus
253 1243 289 1308 in
316 1247 387 1308 arte
404 1243 537 1327 magica
569 1260 638 1310 non
665 1243 876 1312 mediocriter
903 1243 1054 1312 edoctus.
1088 1243 1152 1312 Hic
1179 1261 1253 1311 cum

115 1342 241 1408 curiam
269 1343 394 1426 regiam
421 1341 536 1428 sepius
570 1341 811 1432 tormentaret,
838 1344 987 1428 reginam
1013 1342 1056 1410 de
1087 1342 1254 1411 industria

113 1441 197 1507 artis
235 1457 297 1506 sue
334 1439 528 1507 mirabiliter
558 1440 734 1509 infatuavit
767 1442 802 1509 in
837 1446 980 1531 tantum,
1012 1446 1050 1509 ut
1076 1443 1150 1509 sine
1175 1443 1253 1530 ipso

112 1539 230 1606 vivere
255 1539 419 1629 nequiret,
447 1542 480 1606 ct
506 1539 631 1606 carnali
652 1539 774 1609 aileotu
795 1543 829 1608 et
850 1557 931 1608 ceco
955 1558 1067 1608 amore
1091 1557 1152 1628 pro
1176 1543 1253 1628 ipso

113 1637 357 1704 vehemeneius
376 1641 534 1706 estuaret.
584 1639 626 1706 Et
650 1638 728 1708 ideo
752 1639 868 1707 mortis
891 1639 983 1724 regis
1006 1640 1100 1727 parvi
1125 1638 1252 1728 pendit,

113 1741 153 1803 ut
177 1742 259 1824 post
285 1737 359 1804 eius
386 1736 511 1804 obitum
545 1736 655 1805 soluta
682 1739 861 1805 avincula
895 1737 1036 1805 maritali
1069 1739 1181 1826 possit
1205 1737 1253 1805 illi

115 1833 294 1902 decentius
321 1836 456 1904 sociari.
505 1836 547 1903 Et
580 1837 669 1904 sicut
701 1855 768 1904 una
798 1839 903 1904 virtus
932 1853 975 1905 ex
1000 1837 1052 1904 sui
1078 1835 1254 1904 nobilitate

114 1933 191 2000 aliis
218 1934 397 2001 virtutibus
423 1934 583 2026 innititur,
610 1936 661 2004 sic
685 1954 753 2003 una
774 1936 898 2003 malitia
917 1935 1068 2025 procliva
1093 1936 1129 2003 in
1155 1936 1253 2003 aliam

114 2031 158 2100 de
185 2031 275 2100 facili
301 2033 376 2100 aliis
404 2033 590 2101 sceleribus
614 2033 811 2122 implicatur.
851 2034 908 2103 Sic
934 2035 1051 2120 regina
1079 2033 1121 2101 de
1146 2039 1253 2102 morto

113 2131 208 2216 regis
243 2148 313 2199 non
348 2136 521 2221 contenta,
549 2137 668 2200 tractat
693 2132 735 2201 de
760 2132 959 2223 parricidio,
992 2123 1083 2201 blio³
1115 2134 1252 2222 proprio

113 2247 184 2298 non
208 2247 372 2318 parcens3
408 2229 565 2298 heredem
595 2231 694 2299 simul
724 2237 758 2299 et
782 2231 954 2300 lucernam
976 2231 1092 2321 regni,
1121 2237 1161 2299 ut
1182 2233 1253 2315 jam

113 2346 213 2397 nemo
241 2330 286 2396 sit
313 2347 411 2415 quern
446 2329 575 2420 timeat,
608 2329 736 2416 cogitat
761 2332 961 2418 extinguere
988 2331 1044 2398 vel
1071 2331 1169 2398 etiam
1194 2331 1252 2398 in-

112 2419 247 2497 teriret
273 2428 316 2495 Et
341 2445 422 2496 ecce
448 2447 508 2496 rex
529 2429 644 2512 junior
674 2430 786 2498 subito
815 2430 933 2518 incipit
955 2429 1113 2498 infirmari
1140 2433 1173 2496 et
1196 2427 1252 2496 di-

112 2526 272 2611 vulgatur
298 2525 362 2594 bec
381 2526 554 2595 infirmitas
578 2529 613 2595 in
634 2528 788 2616 populo..
820 2527 945 2596 Dolent
972 2545 1099 2617 omneS,
1128 2526 1253 2596 familia

112 2627 207 2693 curio
231 2625 460 2718 perturbatur,
486 2643 628 2713 grassus
649 2645 794 2695 murmur
812 2625 848 2693 lit
869 2628 904 2694 iu
923 2627 1056 2695 civitate
1076 2625 1118 2692 de
1134 2627 1253 2710 regina

112 2724 195 2812 quia
207 2742 347 2792 nervum
364 2724 567 2792 mortiferum
575 2727 756 2796 intexuerit
766 2743 833 2813 quo
848 2726 960 2813 possit
969 2725 1070 2792 [ilium
1083 2725 1253 2812 proprium

112 2823 255 2890 irretire.
282 2823 454 2891 Vocantur
472 2824 649 2892 confestim
665 2824 796 2915 medici,
816 2831 936 2892 assunt
951 2823 1144 2893 etmorbum
1159 2825 1252 2908 regis

111 2921 380 2989 inextricabilem
404 2923 570 2991 curiosius
597 2929 860 3012 perscrutantur.
902 2923 973 2992 Nos
997 2940 1079 2994 vero
1102 2922 1253 2990 scolares

113 3018 363 3108 quodammodo
384 3022 542 3112 puerileS,
571 3023 628 3108 qui
646 3023 758 3092 solent
782 3039 820 3090 sc
836 3023 991 3108 ingerere
1009 3021 1201 3089 familiarius
1221 3025 1255 3088 et

111 3113 295 3186 audentius
331 3119 466 3187 casibus
504 3120 778 3212 quibuscunque,
815 3122 1021 3189 excurrimus
1050 3125 1084 3188 et
1103 3119 1253 3188 Mortem

92 3216 400 3306 conscendimus3
427 3220 589 3287 intrantes
607 3220 714 3288 aulam
733 3221 859 3306 regiam
882 3218 1026 3287 vidimus
1047 3217 1171 3287 ibidem
1193 3236 1253 3287 re·
1341 3237 1346 3248 ’

111 3334 194 3402 gem
211 3332 416 3405 suspensum
438 3335 498 3404 per
513 3317 619 3405 pedes
647 3323 680 3386 et
702 3319 842 3408 pedicas
861 3317 1028 3408 deorsum,
1056 3323 1090 3386 et
1115 3318 1252 3407 resupi-

109 3433 195 3482 num
210 3415 381 3483 submisso
401 3417 521 3507 capite,
547 3422 584 3484 ut
598 3418 649 3484 sic
665 3417 926 3505 suffragantibus
944 3417 1096 3508 mediciS,
1111 3416 1153 3484 ab
1169 3417 1253 3485 iuti-

110 3515 178 3581 mis
196 3512 386 3582 visceribus
405 3515 566 3607 elllueret,
589 3515 681 3603 quod
697 3516 862 3584 inbiberat
875 3517 930 3584 vel
947 3520 1144 3602 gustaverat
1159 3517 1252 3584 toxi-

111 3617 235 3702 catum,
263 3631 377 3700 aqua
411 3613 544 3683 taudem
577 3615 747 3684 mortifera
778 3615 991 3684 coniectione
1024 3606 1253 3704 procuranle⁵

70 3797 77 3808 Ι
108 3708 257 3780 Domino
283 3712 399 3779 mortis
426 3713 610 3801 periculum
636 3715 693 3781 vix
718 3717 837 3783 erasit.
873 3715 921 3782 Et
945 3714 1009 3782 hcc
1035 3713 1077 3782 de
1103 3713 1172 3780 illo.

188 3809 291 3878 Porro
303 3808 467 3878 Rudollus
484 3811 707 3882 Romanorum
727 3832 788 3882 rex
803 3813 909 3902 potita
920 3813 1063 3881 victoria
1076 3813 1110 3879 in
1121 3811 1251 3879 cunctis

145 3967 179 4034 l)
199 3967 295 4022 chser
312 3971 394 4024 letzte
412 3976 467 4025 salz
486 3969 588 4026 scheint
605 3986 655 4026 nur
673 3973 733 4027 eine
752 3974 836 4038 notiz,
856 3972 898 4025 die
917 3971 973 4026 sich
991 3971 1039 4024 der
1056 3969 1185 4024 versasser
1202 3983 1253 4040 ge-

107 4037 212 4102 macbt,
240 4037 295 4090 und
320 4037 364 4091 die
389 4050 418 4091 er
443 4043 533 4110 spiter
556 4041 768 4095 auszustreicben
793 4051 935 4107 vcrgessen
956 4039 1007 4094 bat.
1042 4039 1074 4105 2)
1094 4037 1124 4091 ln
1143 4039 1190 4092 der
1215 4040 1253 4093 bs.

107 4103 235 4159 selrliesst
253 4104 298 4159 dic
318 4105 386 4159 zoile
410 4107 457 4161 mit
480 4111 601 4176 sugesti-
628 4109 696 4162 obne
721 4107 779 4160 dass
793 4110 831 4160 ·in
856 4106 904 4160 der
928 4106 1054 4160 ndabsten
1083 4107 1129 4160 der
1151 4108 1253 4164 scbtuss

107 4173 157 4227 des
185 4177 287 4227 monos
311 4173 385 4241 lolgt
430 4174 462 4241 3)
481 4176 532 4232 llie
554 4175 594 4229 bs.
621 4175 666 4231 bat
688 4177 765 4244 irrig:
791 4174 868 4230 lilios
911 4174 944 4240 b)
962 4172 1068 4230 Oclele:
1093 4177 1254 4232 interimere.

104 4243 138 4309 5)
158 4239 269 4297 cerere:
287 4243 439 4298 auxiliante.
728 4277 730 4281 ,
