3044 4882
271 211 343 281 296
576 214 743 286 'rouunnrrs
762 239 972 288 rrcronrrnsts.
1010 237 1034 302 t,
1051 236 1075 288 8.

270 378 345 447 liliis
372 378 442 448 suis
469 376 566 446 Petro
593 382 626 446 ot
652 377 819 446 Friderioo
845 395 906 467 per
933 377 1099 466 quendam
1133 376 1267 446 militem
1293 375 1400 466 proxi-

268 479 332 545 mis
360 477 622 562 oonsanguineis
650 475 840 567 destinavit,
870 495 1031 565 suamque
1066 475 1297 564 sodaliumque
1323 493 1400 544 suo-

270 595 341 645 rum
376 581 513 644 mortem
548 577 716 646 innoxiam
748 575 985 664 exquirendam
1019 577 1054 644 in
1089 577 1241 646 examine
1275 575 1401 644 distrio-

270 675 389 744 tissimi
414 674 534 744 iudicis
561 670 834 746 commendavit&

266 855 319 924 De
355 859 459 924 morte
496 853 597 924 utne
629 855 723 926 noete
761 854 929 926 nonnette
965 857 999 923 et
1038 856 1228 942 eepla'ettete
1259 853 1403 922 nobilita
1504 851 1505 874 ³

365 954 482 1042 Slptde.
1259 953 1340 1040 Cep.
1363 955 1405 1035 ie,

183 1073 259 1147 1268}
341 1066 440 1139 Anno
459 1068 583 1139 domini
602 1068 805 1140 meelxxiii.
823 1067 1003 1140 Ottakarus
1025 1070 1184 1159 Pruzyam
1205 1071 1325 1162 pergit,
1349 1067 1405 1137 sed

267 1174 404 1257 propter
430 1176 552 1256 stagna
578 1186 642 1256 que
668 1169 726 1238 illo
759 1186 847 1238 anno
881 1187 949 1238 non
985 1169 1262 1259 congelaverant,
1298 1168 1402 1238 rediit.

269 1266 419 1336 Castrum
447 1274 557 1337 tamen
583 1267 798 1336 fortissimum
826 1269 917 1355 quod
933 1269 1034 1338 Mons
1055 1269 1159 1356 Regis
1183 1267 1301 1336 dieitur
1321 1285 1403 1336 oon-

268 1372 318 1434 tra
344 1367 497 1437 ineursus
522 1384 730 1456 paganorum
763 1370 925 1437 exstruxit
958 1375 993 1437 et
1026 1367 1219 1438 Teutonieis
1254 1365 1403 1436 iratribus

269 1465 523 1535 commendavit.

186 1579 254 1633 raso
342 1565 417 1634 Hoo
443 1567 540 1634 etiam
566 1579 654 1634 anno
681 1563 862 1646 Gregorius
889 1563 1076 1652 patriaroha
1097 1566 1242 1648 meritur.
1279 1564 1406 1634 Ulrious
1505 1601 1506 1606 Ν

188 1663 337 1771 S''gl-dux
362 1663 532 1733 Karinthie
559 1664 601 1733 ad
626 1659 870 1749 Aquilegiense
897 1662 1074 1752 eapitulum
1094 1666 1188 1733 venit
1210 1682 1284 1732 oum
1300 1666 1407 1734 inter-

270 1765 430 1834 eessortis
467 1762 633 1851 ottokart,
668 1769 705 1833 ut
737 1759 868 1829 iratrem
904 1779 999 1830 suum
1032 1762 1217 1852 Philippum
1249 1761 1291 1831 ad
1328 1763 1408 1831 hano

269 1862 461 1932 kathedram
487 1865 707 1952 promoveret.
743 1860 811 1930 Sed
838 1860 1001 1930 modinum
1027 1861 1166 1930 lruotum
1193 1862 1301 1930 attulit
1330 1879 1406 1951 spes

191 1993 249 2033 oca.
268 1967 442 2049 eonoepta.
475 1961 551 2030 Dux
578 1964 663 2030 enirn
689 1961 723 2028 in
748 1960 834 2028 Foro
869 1959 943 2030 Iulii
981 1960 1162 2031 infirmatus
1196 1963 1343 2052 moritur,
1377 1967 1408 2030 et
1506 1959 1507 1984 ¹

130 2121 133 2126 .
200 2049 233 2101 ²⁷
266 2062 301 2129 in
327 2061 459 2128 eivitate
487 2077 553 2148 que
578 2058 714 2128 Austria
740 2051 878 2126 dieitur²
903 2061 1091 2129 tumulatur.
1137 2060 1201 2128 Hie
1233 2067 1409 2130 monaste-

267 2161 349 2228 rium
378 2158 623 2228 Curtiusiensis
658 2155 784 2225 ordinis
819 2156 988 2248 fundavit,
1024 2158 1115 2246 quod
1149 2158 1256 2227 Vallis
1289 2159 1409 2228 loeosa

266 2257 396 2348 dieitur,
421 2260 456 2325 in
483 2258 643 2328 suburbio
667 2255 888 2345 Laybaeensi.
935 2255 1093 2326 lleliotam
1128 2260 1200 2328 eius
1225 2255 1406 2350 Agneion,

302 2419 406 2542 Ofiller
430 2419 601 2475 Contiauntor
621 2418 725 2473 Martini
750 2417 841 2472 Poloni
868 2418 911 2474 lrat
935 2419 1023 2473 dieses
1047 2417 1140 2488 capitol
1164 2417 1257 2474 besser
1282 2421 1410 2490 erlralten,

267 2489 319 2543 wie
348 2503 363 2543 o
394 2493 417 2542 t:

318 2505 418 2612 noega
435 2570 506 2612 anno
524 2555 666 2610 maolxxi.
685 2553 821 2610 Gauradus
843 2557 913 2624 regis
931 2554 1046 2612 Conradi
1063 2555 1132 2612 lilius
1150 2571 1165 2612 a
1183 2561 1276 2612 serrata
1293 2555 1409 2611 Romano

269 2629 296 2680 et
313 2627 398 2679 multis
420 2626 492 2679 ltalie
520 2623 665 2678 civitatibus
689 2624 823 2676 solatiatur
847 2624 940 2690 (sollte
958 2624 1028 2677 wohl
1048 2624 1169 2680 heissen:
1188 2625 1330 2692 inritatur]
1350 2640 1411 2680 aea

269 2693 412 2761 nobilibus,
436 2699 463 2746 ut
479 2694 511 2748 ad
536 2707 609 2746 suum
633 2703 740 2758 regnum
762 2691 851 2745 Sicilie
875 2692 924 2746 sibi
943 2691 1059 2746 delritum
1082 2692 1114 2747 de
1137 2706 1214 2747 manu
1231 2693 1322 2747 llaroli
1341 2695 1409 2760 regis

268 2764 432 2832 eripiendum
453 2762 589 2816 festinaret
606 2760 786 2827 descendere,
804 2761 831 2813 iu
851 2775 901 2828 quo
920 2763 944 2814 ei
962 2762 1115 2830 promittitur
1132 2762 1225 2816 multus
1245 2761 1327 2816 laver.
1364 2761 1410 2824 Qui

181 2918 183 2922 -
268 2832 526 2952 ttttlt‘tt'tltt
544 2827 1411 2966 ittrttltttentitudinetinnittltlttttmtr

531 2938 538 2965 2
941 2939 947 2963 t

267 2966 376 3020 famosis
394 2965 560 3020 descendens
577 2967 603 3020 in
620 2965 736 3033 ltalram,
760 2964 866 3020 Romam
882 2967 1023 3034 pervenit.
1049 2965 1091 3020 ulti
1110 2982 1126 3021 a
1142 2974 1236 3022 senatu
1253 2972 1279 3020 et
1297 2967 1410 3021 ilenrico

268 3035 348 3088 fratre
366 3039 437 3101 regis
455 3035 584 3100 Castelle,
608 3033 679 3088 urbis
702 3038 836 3099 senatore,
860 3036 975 3101 gloriose
993 3041 1122 3103 receptus,
1148 3050 1204 3088 earn
1223 3035 1341 3091 Gerardo
1361 3049 1409 3088 oo-

267 3107 328 3156 mite
352 3101 454 3170 Pysano
481 3110 508 3156 et
530 3104 586 3158 aliis
610 3101 704 3156 ltalieis
727 3099 847 3155 fidelibus
870 3103 970 3171 imperii
997 3103 1028 3156 ad
1057 3117 1087 3156 se
1106 3103 1297 3157 confluentibus
1317 3108 1409 3157 eontra

265 3171 387 3226 llarolum
410 3171 507 3225 bellum
528 3172 636 3241 pararit.
679 3169 737 3231 Quo
759 3170 883 3224 inolroato
911 3170 1075 3226 Conradinus
1099 3185 1157 3226 oum
1184 3173 1238 3228 suis
1266 3174 1412 3228 exereitum

265 3239 354 3294 llaroli
378 3243 509 3310 superarit
531 3243 558 3294 in
582 3240 664 3309 primo
690 3251 840 3304 congressu.
876 3239 991 3307 Cumque
1008 3239 1118 3308 populus
1138 3239 1278 3296 conranni
1296 3243 1411 3296 eredens

266 3306 409 3362 obtinuisse
426 3311 562 3364 victoriam
581 3321 611 3360 se
630 3305 796 3374 dispersisset
813 3308 844 3360 ad
856 3309 949 3376 spelta,
965 3307 1075 3362 llarolus
1089 3306 1173 3362 sultito
1191 3310 1289 3377 impetu
1307 3310 1410 3362 irruens

266 3389 344 3448 saper
362 3391 423 3445 eos,
443 3379 556 3431 excitato
580 3376 682 3443 ingenti
707 3375 819 3428 elamore
843 3374 939 3430 bellum
960 3381 1067 3430 revocat
1085 3376 1178 3443 (sollte
1197 3377 1266 3430 wolrl
1284 3377 1410 3432 lueissen:

265 3447 397 3511 renovat).
433 3445 560 3500 Conserta
577 3445 654 3512 igitur
671 3457 756 3512 pugna
775 3443 940 3498 Conradinus
958 3445 1058 3513 eapitur
1076 3449 1103 3498 et
1120 3446 1263 3514 oaptiratns
1279 3445 1409 3516 Neapolim

265 3512 401 3567 adducitur
420 3515 513 3580 (sollte
533 3511 603 3566 wohl
623 3513 741 3565 leisseu:
760 3511 917 3578 abducitur).

317 3580 382 3635 Cam
398 3590 484 3636 autem
502 3581 610 3636 llnrolus
635 3580 695 3649 quid
716 3580 750 3633 de
767 3581 825 3650 ipso
845 3587 872 3634 et
889 3581 946 3635 aliis
964 3581 1074 3651 eaptiris
1092 3580 1191 3636 iaeeret
1209 3581 1326 3636 solliotte
1345 3596 1410 3652 per-

266 3649 402 3717 omisisset,
426 3649 561 3705 Ottalrarus
586 3649 635 3702 sibi
660 3649 824 3702 consulendo
845 3649 995 3716 mandarit,
1020 3650 1089 3717 qued
1114 3662 1204 3704 eorum
1221 3651 1274 3704 rita
1291 3650 1346 3704 silu
1365 3652 1409 3705 rel

266 3718 381 3772 eoeleste
404 3732 456 3772 nou
482 3725 537 3773 erat
563 3717 715 3788 expediens.
751 3716 825 3778 Quod
851 3718 1014 3772 eonsrtuisso
1036 3717 1147 3772 ereditur
1170 3717 1219 3772 sibl
1245 3719 1358 3786 timens,
1377 3732 1409 3774 eo

263 3785 333 3909 paud
352 3787 513 3842 Conradirus
532 3789 564 3842 de
583 3787 711 3853 sanguine
728 3787 911 3854 imperatorum
929 3792 954 3840 et
977 3785 1091 3840 marolio
1117 3786 1150 3840 de
1167 3789 1294 3853 sauguine
1313 3787 1411 3843 dueum

288 3857 373 3908 ustrie
396 3856 559 3922 pullularant.
595 3856 660 3910 cum
696 3867 711 3906 a
736 3867 824 3907 eomes
848 3853 981 3918 mandrie,
1005 3854 1093 3908 llaroli
1116 3867 1213 3922 gener,
1235 3857 1410 3924 persuaderet

264 3927 402 3977 amicitiem
419 3925 461 3976 vel
480 3927 643 3994 parentelam
678 3925 717 3976 eri
736 3923 804 3976 inter
822 3922 997 3977 Gouradinnm
1014 3927 1039 3976 et
1057 3923 1192 3990 llarolum,
1208 3923 1409 3991 prevalentibus

265 3995 404 4046 eontrartis
422 3994 540 4046 consiliis
559 3992 812 4062 aoqmeritllarolus,
831 3997 858 4045 et
873 3992 1050 4046 mareltionem
1068 3997 1095 4046 et
1117 3991 1293 4046 Conradinum
1311 3993 1411 4048 deeol-

264 4059 312 4113 lari
330 4061 471 4114 mandevit.
506 4061 667 4116 Conradinus
685 4066 771 4114 autem
788 4064 849 4114 aute
868 4073 940 4113 snam
957 4060 1160 4114 deeotlatiorrem
1183 4062 1266 4113 emnia
1285 4063 1345 4114 iura
1363 4075 1411 4116 sua

265 4142 315 4196 que
341 4127 452 4202 habebat
474 4130 501 4182 in
526 4130 614 4186 Sicilia
638 4135 664 4183 et
689 4129 783 4198 Apulia
807 4129 1003 4194 consanguineo
1022 4142 1070 4182 suo
1087 4128 1166 4184 Petro
1184 4131 1240 4196 regi
1259 4130 1412 4197 Arragouie

263 4197 368 4263 legarit,
387 4203 413 4251 et
430 4197 532 4265 publice
551 4211 601 4267 per
616 4211 688 4252 suam
706 4196 862 4252 oliroteeam
876 4197 1021 4275 proieotam
1038 4198 1065 4250 iu
1084 4201 1146 4252 aere
1164 4197 1313 4266 resignarit.

298 4265 329 4331 2)
349 4265 447 4322 Cividal
466 4269 499 4321 de
517 4267 623 4322 nustria
640 4264 805 4335 gaulilrnliolr
824 4265 944 4320 Clurdala
961 4264 1111 4334 palatssen.
