3052 4878
298 211 369 286 108
616 243 731 310 nrcuan
752 241 796 288 rr.
818 239 959 288 rorncnr.
983 237 1116 286 nrnnrro.

213 397 281 453 rem
298 379 389 469 quod
407 379 503 448 lieret
517 383 645 468 treuga.
680 379 762 448 Item
780 378 968 468 petivimus,
986 374 1078 464 quod
1096 381 1231 462 gentem
1246 392 1349 467 suam,
1366 393 1426 462 que

297 485 369 549 crat
383 480 471 548 circa
484 484 622 566 pontem
640 476 683 546 de
705 476 843 568 blollen,
860 475 985 544 iaceret
1000 472 1172 566 recedere,
1199 492 1273 542 eum
1289 476 1323 542 in
1340 473 1426 542 brevi

296 577 406 648 dictus
430 595 490 646 rex
504 575 726 646 Romanorum
752 595 819 644 555
841 593 915 644 oum
936 571 1161 643 cardinalibus
1178 573 1220 641 ad
1237 572 1352 641 urbem
1366 591 1427 641 ve·
1514 563 1515 590 ³

295 678 391 768 niret,
405 681 439 744 et
454 675 545 764 quod
555 675 670 744 urbem
686 677 774 743 intus
791 679 825 742 et
839 679 933 742 entra
943 672 1202 760 sicdispositam
1212 671 1427 740 nonlibenter

295 776 472 844 inveniret.
498 773 648 843 Dulciter
661 791 725 842 nos
743 772 878 864 audivit,
897 777 930 840 et
947 771 997 839 sic
1013 769 1205 859 respondit:
1225 769 1316 858 quod
1334 771 1429 838 iuve-

295 875 447 963 miserat,
468 871 665 942 etdominus
686 891 745 940 rex
759 871 859 940 irater
880 887 963 938 suus
979 868 1119 938 dederat
1137 869 1200 936 sibi
1213 868 1430 960 immundatis

297 971 432 1060 quando
456 971 497 1040 ab
521 989 561 1040 eo
581 973 734 1061 recessit,
755 969 846 1058 quod
864 969 906 1038 de
925 969 1066 1038 consilio
1086 969 1198 1036 talium
1216 969 1272 1055 qui
1296 983 1369 1036 curn
1393 983 1430 1034 eo

297 1077 392 1139 erant
416 1069 637 1159 responderet
653 1077 686 1138 et
708 1069 832 1138 taceret
857 1085 922 1156 que
949 1073 1043 1136 erant
1070 1064 1307 1156 respondenda
1326 1072 1361 1134 et
1381 1064 1431 1132 f-

221 1221 274 1263 „ss
297 1168 417 1238 cienda
442 1170 476 1236 in
503 1169 667 1259 omnibus,
695 1169 761 1236 nisi
789 1168 830 1236 ab
849 1185 890 1237 eo
914 1166 1051 1235 haberet
1071 1167 1106 1233 in
1125 1164 1301 1236 mundatis.
1332 1161 1432 1233 Assi-

237 1273 255 1328 ³
296 1271 486 1355 gnaverunt
500 1267 597 1336 nobis
616 1266 703 1335 diem
720 1269 755 1334 in
771 1268 948 1336 crastinum
963 1267 1078 1351 vigilia
1097 1266 1321 1333 ascensionis.

370 1365 541 1456 Venimus,
563 1372 595 1434 et
617 1367 726 1454 ipsum
747 1366 946 1455 invenimus,
971 1364 1033 1432 sed
1058 1364 1232 1432 consilium
1254 1380 1334 1453 non,
1359 1363 1433 1450 quia

296 1471 377 1534 tunc
394 1470 489 1533 erant
508 1466 597 1533 cirea
615 1471 751 1553 pontem
769 1463 963 1554 predictum,
989 1463 1046 1530 ubi
1074 1461 1199 1530 dabant
1224 1461 1342 1530 durum
1360 1460 1433 1528 bel·

295 1564 373 1633 lum.
422 1563 464 1632 Et
488 1563 544 1631 ille
571 1563 625 1632 die
652 1563 833 1655 dicebatur,
861 1560 952 1650 quod
978 1578 1065 1650 pons
1090 1560 1261 1650 predictus
1289 1577 1352 1649 per
1378 1577 1433 1627 eos

295 1664 488 1732 lucraretur.
527 1661 672 1749 Rogavit
689 1679 753 1731 555
773 1660 882 1729 dictus
901 1659 1055 1729 dominus
1080 1659 1261 1750 lohannes,
1289 1658 1383 1747 quod
1402 1659 1435 1724 in

222 1798 273 1839 nu
296 1779 392 1830 mane
416 1760 470 1829 die
494 1761 705 1830 ascensionis
730 1777 883 1828 essemus
907 1777 980 1827 curn
1001 1775 1042 1827 eo
1066 1759 1100 1826 in
1121 1756 1274 1849 prandio,
1302 1762 1336 1825 55
1361 1763 1436 1825 5555

236 1851 254 1906 4
296 1859 520 1928 indubitanter
542 1859 640 1926 nobis
668 1858 899 1948 responderet.
940 1857 1039 1925 Dicto
1057 1857 1122 1947 die,
1151 1856 1261 1925 dietus
1282 1855 1435 1924 deminus

294 1958 462 2027 Iohannes
483 1956 652 2045 predictos
672 1959 867 2044 magistrum
890 1955 1072 2025 Iohannem
1091 1961 1123 2024 et
1149 1955 1282 2024 fratrem
1306 1954 1433 2024 lohan-

294 2073 371 2126 nem
386 2055 529 2126 conduci
545 2055 622 2124 iecit
641 2073 761 2124 versus
776 2055 962 2144 Neapolim.
1006 2054 1076 2124 Sibi
1095 2056 1182 2122 enim
1197 2053 1354 2122 dixerant
1372 2072 1435 2122 ex-

293 2172 413 2244 presse
428 2159 461 2222 et
478 2153 520 2221 de
537 2153 693 2222 mandato
710 2155 846 2245 domini,
861 2171 965 2242 quare
978 2153 1079 2244 ibant,
1095 2155 1175 2241 quia
1191 2153 1235 2222 ad
1254 2153 1434 2242 complen-

294 2253 372 2322 dum
388 2253 604 2343 parentelam.
629 2253 672 2322 Et
686 2252 776 2321 istud
791 2255 894 2322 movit
910 2251 1078 2321 dominum
1095 2269 1221 2343 regem,
1235 2270 1342 2340 quare
1354 2268 1436 2341 pre-

294 2352 383 2421 dicta
400 2352 463 2421 sibi
479 2354 686 2442 exprimeret,
709 2356 746 2419 ut
765 2353 853 2420 sicut
870 2353 1000 2419 iuvenis
1016 2352 1124 2438 magis
1148 2355 1241 2419 esset
1256 2355 1434 2439 promptus

293 2450 336 2520 ad
362 2469 413 2543 ea,
441 2469 506 2539 que
532 2451 783 2538 requirebamus
810 2449 974 2520 facienda
1013 2450 1247 2518 invitationem
1274 2449 1435 2518 dominus

293 2550 519 2641 Pandulphus,
547 2567 620 2618 cum
646 2551 721 2639 ipse
747 2551 861 2638 plures
888 2551 1074 2640 invitasset,
1102 2567 1171 2617 555
1197 2549 1345 2640 retinuit,
1376 2545 1438 2616 sed

295 2667 334 2719 se
361 2651 551 2736 excusavit;
580 2667 645 2718 555
673 2667 738 2736 ego
766 2648 857 2717 volui
883 2647 927 2715 ibi
955 2665 1033 2716 esse
1061 2650 1134 2716 sinc
1161 2663 1214 2716 ec.

368 2749 453 2816 Dum
481 2765 635 2816 essemus
666 2749 700 2815 in
726 2745 865 2835 prandio
888 2746 977 2814 dicto
1000 2745 1071 2837 die,
1097 2747 1211 2836 plures
1239 2743 1282 2813 de
1311 2744 1437 2812 familia

295 2847 373 2915 dicti
397 2848 488 2932 regis
510 2847 717 2914 intraverunt
738 2844 831 2914 etad
853 2863 917 2914 nos
936 2845 1061 2913 directe
1082 2849 1256 2934 venerunt,
1275 2843 1432 2912 dicentes

293 2945 391 3014 nobis
419 2943 510 3032 quod
534 2943 576 3012 de
604 2945 675 3012 suis
695 2945 800 3013 sociis
827 2951 906 3012 ante
933 2949 1077 3012 castrum
1104 2946 1211 3012 saneti
1237 2940 1376 3034 Angeli,
1403 2942 1438 3009 in

295 3049 461 3131 quaerat
496 3041 650 3110 dominus
681 3042 850 3111 lohannes
885 3043 1094 3131 hospitatuS,
1130 3041 1231 3130 aliqui
1257 3047 1354 3110 erant
1377 3058 1440 3128 per

294 3140 449 3210 iamiliam
475 3142 582 3230 ipsius
605 3141 788 3233 interlecti,
817 3147 851 3210 et
876 3143 978 3229 aliqui
1005 3144 1104 3231 capti.
1138 3141 1225 3210 Dum
1247 3140 1309 3208 hec
1335 3139 1437 3207 nobis

294 3246 483 3331 narrarent,
505 3240 613 3309 dietus
638 3239 791 3310 dominus
814 3239 982 3308 lohannes
1007 3239 1176 3309 mandavit
1198 3240 1315 3330 nobis,
1344 3236 1439 3327 quod

293 3339 484 3406 veniremus
516 3339 551 3406 in
580 3340 752 3429 vesperis,
780 3341 913 3427 etipse
939 3338 1037 3406 nobis
1065 3338 1191 3408 iaceret
1216 3337 1439 3426 responderi3

295 3441 329 3506 et
350 3438 379 3505 si
400 3437 564 3506 nollemus
586 3441 633 3507 ire
649 3444 784 3526 propter
805 3435 1007 3528 distantiam,
1034 3456 1134 3506 unum
1157 3438 1269 3507 locum
1288 3435 1439 3504 medium

294 3538 483 3624 assignavit
508 3537 617 3628 nobis,
645 3535 687 3604 ad
708 3553 806 3624 quem
830 3537 902 3626 ipse
924 3537 1066 3604 mitteret
1083 3537 1227 3627 aliquos,
1254 3535 1313 3622 qui
1331 3535 1437 3603 nobis

295 3653 338 3706 ex
369 3641 463 3726 parte
490 3651 553 3703 sna
582 3634 835 3724 responderent.
876 3634 1019 3702 Domino
1047 3634 1242 3724 Pandulpbo
1275 3650 1345 3703 555
1374 3633 1439 3702 luit

294 3736 402 3803 visum
428 3751 492 3802 nec
520 3733 617 3824 mihi,
644 3737 781 3821 propter
807 3734 1062 3802 commotionem
1088 3751 1154 3821 que
1182 3739 1252 3801 erat
1276 3733 1311 3800 in
1337 3731 1438 3822 urbe,

295 3833 386 3922 quod
412 3832 455 3902 ad
479 3831 603 3901 dictum
627 3830 737 3900 locum
762 3833 951 3899 veniremus
959 3853 968 3918 ;
997 3832 1058 3900 sed
1083 3832 1217 3900 domino
1247 3831 1369 3898 Gentili
1396 3829 1440 3898 de

296 3933 371 4000 tiliis
391 3932 468 4000 Ursi
487 3938 520 4000 et
537 3929 695 4000 Poncello
716 3946 779 3998 suc
800 3931 1058 4016 consanguineo
1081 3931 1322 4019 mandavimus,
1342 3927 1441 4016 quod

295 4032 341 4100 illi
364 4033 421 4119 qui
445 4030 543 4100 nobis
570 4029 738 4099 debebunt
760 4029 966 4118 respondere
993 4029 1035 4097 ad
1054 4028 1187 4098 domurn
1203 4028 1327 4098 domini
1342 4027 1443 4096 Pan-

297 4128 411 4218 dulpbi
429 4131 594 4220 venirent,
622 4145 698 4197 narn
718 4127 893 4196 decentius
916 4133 1020 4218 esset,
1048 4127 1140 4216 quod
1155 4129 1220 4217 ipsi
1235 4127 1341 4194 nuntii
1362 4125 1442 4194 lra-

297 4229 354 4298 tris
381 4229 472 4315 regis
499 4228 541 4298 ad
568 4247 632 4298 nos
658 4227 821 4319 venirent,
849 4245 947 4314 quam
972 4243 1036 4296 nos
1062 4226 1104 4297 ud
1128 4245 1188 4297 555
1214 4228 1348 4316 iremus,
1382 4227 1442 4314 qui
