3044 4882
259 173 331 244 ilo
603 201 743 246 rounuuns
764 201 970 247 vroromrnsrs.
1005 197 1028 263 2,
1050 198 1073 248 t.

178 341 319 434 rara„ln
344 342 523 409 oertamiue
555 340 715 410 bellorum
748 343 927 409 exercitata
961 341 1112 427 pouoitas
1147 335 1189 404 ad
1225 335 1397 404 victoriam

257 441 394 530 pronior
412 447 465 508 est
485 459 582 528 quam
602 439 694 508 rudis
714 445 749 508 et
768 438 904 509 indoota
930 437 1104 507 multitudo
1131 437 1285 523 exposito
1305 453 1397 502 sern-

257 557 319 628 per
344 538 386 607 ad
413 539 539 610 eedem.
579 539 683 607 Nemo
718 541 803 612 enim
839 538 949 606 lacero
984 538 1102 605 metuit
1129 533 1220 622 quod
1246 551 1283 602 se
1310 534 1397 601 bene

258 638 416 708 didicisse
443 634 570 707 novit.“
613 638 813 707 consolatus
849 645 901 706 est
928 638 1026 705 etiam
1055 633 1227 704 ouiusdam
1255 634 1398 720 sompnii

256 739 399 808 visione.
428 735 526 818 Quod
544 737 609 805 tale
633 743 716 804 erat:
742 738 825 806 vidit
840 739 925 804 enim
941 735 1084 822 aquilam
1101 738 1308 823 pugnantem
1326 749 1400 799 eum

257 837 357 906 leone
385 842 418 904 et
444 837 506 906 sub
533 836 634 904 dubia
661 841 750 905 sorte
777 855 863 904 nuno
890 836 943 903 hio
969 835 1132 922 prevaluit
1159 839 1192 900 et
1217 849 1305 898 nune
1331 831 1399 922 illa,

257 942 291 1004 et
316 937 365 1004 sie
384 952 422 1003 se
447 938 589 1004 invioom
615 936 817 1004 laoerabant.
851 935 1041 1003 Novissime
1063 933 1174 1022 aquila
1190 931 1324 999 leonem
1342 930 1399 999 la·-

257 1052 376 1103 eerans
402 1035 539 1121 ungulis
567 1035 628 1102 sub
656 1053 693 1102 se
721 1036 845 1103 stravit.
883 1034 1190 1121 interpretationem
1217 1047 1401 1117 quoquea

257 1132 400 1221 quadm
425 1134 585 1220 religiosa
625 1132 746 1202 devota
772 1134 984 1222 perquisivit,
1013 1150 1078 1218 que
1105 1130 1215 1198 taliter
1240 1130 1401 1196 oonieoit:

262 1233 306 1300 liv
331 1251 376 1316 os,
402 1234 520 1322 inquit,
546 1232 669 1317 oqnttn,
695 1235 774 1318 qnia
797 1249 934 1318 repnnn·
956 1229 1179 1298 Romanornm
1204 1228 1321 1312 oqnilo
1346 1229 1400 1296 in-

256 1333 403 1416 sipnitnr,
430 1329 611 1398 Ottotorns
632 1333 794 1417 edipmnte
820 1333 923 1398 leontis
947 1331 982 1396 in
998 1331 1101 1415 sionis
1127 1327 1250 1396 bellicis
1276 1331 1402 1394 estor-

256 1434 373 1496 motns.
406 1429 526 1514 Aqnilo
551 1432 667 1496 etenim
692 1431 842 1498 altissimi
868 1432 918 1496 est
931 1428 1071 1510 notatos,
1099 1429 1188 1494 nino
1212 1427 1404 1511 acutissimi,

257 1529 312 1596 din
344 1530 471 1613 vinens,
504 1530 698 1596 invenditam
726 1535 902 1616 postquam
934 1529 1079 1595 sennerit
1104 1527 1303 1605 reuertimus·
1337 1543 1401 1610 qne

255 1627 458 1695 conditione
491 1631 542 1694 too
573 1630 709 1696 victorie
741 1631 923 1697 certissimo
955 1631 1033 1693 snnt
1054 1626 1179 1692 indicio
1204 1624 1399 1708 manifesto.

255 1725 322 1793 Leo
351 1727 463 1811 fremit
492 1731 525 1794 nt
553 1729 642 1812 rupit
673 1729 797 1812 ironis,
822 1732 857 1794 et
879 1745 923 1794 en
937 1727 1049 1792 'niano
1083 1724 1198 1791 colore
1223 1726 1256 1790 et
1277 1723 1400 1806 sorore

251 1826 397 1910 pectoris
432 1826 551 1892 dicitnr
579 1826 727 1910 interire,
762 1831 794 1894 et
818 1825 896 1892 tolia
926 1827 1053 1892 animno
1085 1827 1136 1890 nsi
1161 1821 1342 1908 Ottnltnri,
1370 1826 1402 1890 et

256 1925 338 1991 nisio
359 1922 497 2008 prosola
517 1927 700 2009 montineto
725 1927 776 1992 sni
801 1941 914 1992 eosne.

180 2047 240 2088 rua.
331 2021 436 2106 Igitur
460 2023 626 2091 exereitus
649 2025 822 2113 utriusque
848 2024 949 2112 regis,
978 2020 1064 2089 sieut
1083 2020 1125 2088 de
1149 2020 1298 2086 exercitu
1319 2016 1401 2086 Arr-

190 2099 223 2154 ²⁶
258 2118 360 2189 tioohi
386 2121 517 2210 legitur,
543 2121 613 2188 ibat
638 2129 734 2191 caute
762 2129 796 2190 et
821 2121 983 2191 ordinate.
1018 2121 1059 2188 Et
1081 2125 1118 2187 ut
1142 2117 1272 2187 roiulsit
1288 2119 1342 2186 sol
1367 2121 1401 2187 in

258 2219 407 2308 olippeos
443 2237 564 2287 aureos
597 2225 632 2288 et
666 2239 771 2290 eneos
802 2220 1080 2309 resplenduerunt
1113 2225 1246 2286 montes
1280 2217 1323 2286 ab
1353 2219 1405 2286 eis

256 2319 343 2387 siout
375 2318 548 2406 lampades
582 2321 682 2406 ignis
725 2321 767 2388 lit
792 2319 1086 2388 commovebantur
1122 2335 1239 2385 omnes
1267 2335 1284 2384 a
1314 2335 1404 2386 vooe

256 2417 472 2486 multitudinis
507 2435 621 2486 eorum
648 2425 681 2487 et
706 2421 843 2488 ineessu
874 2426 978 2487 turmo
1005 2422 1039 2485 et
1066 2417 1251 2485 eollisionis
1280 2434 1401 2485 armo-

254 2533 334 2585 rum.
368 2516 410 2585 Et
435 2515 595 2586 ordinatis
622 2520 803 2605 sagittariis
839 2517 1017 2586 lanceariis
1050 2515 1240 2604 signiferis,
1268 2534 1400 2584 unum-

255 2633 421 2704 quemque
447 2617 482 2684 in
508 2617 618 2685 looum
645 2636 751 2707 suum,
779 2618 1018 2686 convaluerunt
1045 2616 1173 2704 animis,
1200 2616 1307 2702 parati
1329 2633 1400 2684 non

256 2717 363 2783 solum
379 2716 530 2783 homines
555 2715 617 2784 sed
635 2722 668 2783 ot
686 2717 813 2785 bestias
840 2716 1037 2784 lenissimas
1065 2720 1099 2782 et
1124 2730 1236 2780 muros
1265 2713 1398 2782 terreos

254 2818 440 2903 penetrare.
480 2814 522 2881 Et
544 2820 687 2902 utroquo
720 2834 801 2902 rege
829 2833 911 2883 suos
939 2814 1155 2901 adhortante,
1184 2830 1256 2879 oum
1283 2813 1402 2880 inela-

255 2914 399 2980 motione
427 2911 531 2979 divini
557 2912 712 2982 adiutorii
740 2916 1002 2983 eommisoentur.
1036 2913 1078 2980 lit
1102 2913 1190 2979 siout
1205 2912 1239 2978 io
1256 2911 1401 2982 historia

257 3011 412 3097 Troyana
435 3011 575 3095 legitur:

352 3108 530 3200 „Undique
557 3117 766 3198 consurgunt
791 3113 893 3201 acies,
921 3117 954 3178 et
979 3111 1117 3198 pulvere
1145 3110 1252 3178 eelum

379 3206 548 3298 Conditor,
576 3210 819 3298 horrendisque
847 3215 945 3278 sonat
971 3209 1170 3278 elamoribus
1199 3209 1303 3276 ether.

377 3307 419 3375 Et
443 3307 542 3377 modo
570 3300 665 3396 terga
690 3303 817 3399 petunt,
845 3307 947 3377 duros
973 3308 1073 3377 modo
1100 3307 1238 3376 lortibus
1266 3310 1354 3377 iotus

376 3404 557 3493 Depellunt
583 3409 732 3499 elippeis,
761 3411 882 3494 ingens
910 3406 954 3475 ad
986 3407 1097 3476 sidera
1125 3407 1248 3476 elamor

378 3505 526 3596 Tollitur,
553 3511 587 3574 et
611 3509 718 3575 vastis
745 3507 897 3596 impletur
922 3506 1061 3575 vocibus
1090 3503 1220 3575 ether.“

253 3599 442 3694 Ottalrarus,
471 3608 555 3672 siout
575 3607 632 3674 leo
655 3609 788 3674 seviens
810 3608 949 3696 irruens,
976 3604 1106 3674 Rudoltr
1125 3607 1232 3673 aetem
1259 3602 1394 3671 disoin-

254 3701 365 3772 debat.
408 3704 449 3772 lit
476 3705 665 3790 Thuringus
693 3705 825 3791 quidam
851 3724 924 3773 cum
950 3713 1021 3773 viro
1048 3704 1153 3772 nobili
1178 3703 1220 3772 de
1246 3703 1395 3771 Vollerr·

253 3804 341 3870 stain
358 3803 571 3890 prosilientes
587 3802 717 3872 liudolfi
738 3803 938 3872 dextrarium
964 3802 1185 3872 oonioderunt
1211 3805 1393 3891 ipsumque

252 3903 399 3986 graviter
418 3903 636 3992 oeoupabant.
672 3901 731 3970 Cui
755 3906 840 3971 inter
858 3911 1015 3972 oruentos
1035 3902 1166 3989 gladios
1183 3901 1392 3991 Capellorius

254 4002 341 4068 siout
373 4018 449 4069 ursa
476 4004 509 4069 in
535 4004 621 4088 saltu
651 4020 711 4089 pro
748 4005 850 4091 raptis
887 4004 1005 4071 natulis
1037 4003 1218 4070 vehemens
1247 4007 1282 4068 et
1306 4001 1391 4067 irata

254 4098 427 4190 subvenit,
456 4105 489 4168 et
514 4119 582 4170 non
617 4102 722 4171 solum
757 4119 871 4188 regem
899 4101 960 4170 sed
987 4107 1020 4168 et
1045 4102 1146 4169 totius
1173 4100 1251 4169 belli
1278 4100 1391 4168 iortu-

253 4215 330 4265 nom
355 4198 521 4266 labentem
548 4201 726 4291 relevavit,
755 4206 788 4269 et
813 4203 966 4272 invasum
993 4197 1187 4269 Ottalrarum
1215 4197 1301 4268 odeo
1327 4213 1396 4266 oo-
