3044 4882
445 231 591 280 rorrnnsrs
612 235 822 281 virronrensrs
859 232 884 299 t,
902 232 925 284 3.
1201 204 1270 274 365

207 371 322 440 Presul
348 373 460 460 itaque
476 371 697 458 biogrrntinos
724 391 796 442 enm
816 373 984 442 nobilibus
1011 377 1110 462 terre,
1131 375 1164 440 in
1189 391 1272 461 pre·
1294 393 1358 447 roro

133 473 244 540 sentia
278 473 421 540 omnium
455 473 509 559 qui
537 472 758 561 advenerant,
786 471 967 542 Iohannem
995 474 1084 560 regis
1112 473 1212 540 ilium
1239 474 1273 540 in

131 571 251 639 throno
272 572 378 662 regio,
406 571 582 640 habentem
603 589 711 639 armos
738 572 997 662 quatuordeeim,
1026 573 1212 660 collocavit,
1240 578 1275 639 et

133 671 362 758 sollempniter
388 675 621 738 oonseoratum
648 673 842 739 auctoritate
868 670 1007 740 Romani
1033 673 1159 759 imperii
1185 688 1273 738 eon-

132 769 282 838 irnnavit.
318 770 379 837 Pro
406 768 620 838 informatore
649 786 782 857 quoqne
810 771 872 839 sibi
900 778 933 838 et
958 769 1138 839 educatore
1165 771 1273 838 eomi-

131 875 196 935 tem
216 869 258 936 de
275 868 476 936 Hennbereh
499 867 680 956 deputavit.
711 867 888 938 Heinrieus
907 875 1016 938 autem
1043 869 1085 938 ad
1112 869 1274 938 blontano

137 985 198 1034 sna
225 967 320 1035 rediit
331 1021 339 1056 ,
376 974 410 1035 et
443 967 597 1035 dueatum
632 967 802 1035 llarinthie
829 975 929 1056 atque
957 969 1145 1037 comitatum
1172 968 1273 1056 Tyrol

135 1066 256 1134 deinde
293 1069 404 1154 quiete
440 1066 621 1155 possidens
657 1085 730 1134 enm
764 1067 918 1136 Carniota
951 1067 1013 1135 sibi
1040 1070 1272 1156 impignorata,

131 1167 369 1234 niolrilominns
390 1169 484 1253 regni
504 1166 662 1233 Bohemie
677 1167 804 1235 titulum
820 1168 976 1255 usquein
993 1167 1079 1236 diem
1095 1170 1145 1236 sni
1163 1167 1273 1235 obitus

133 1283 202 1334 non
221 1258 373 1334 dimisit1.
407 1265 477 1333 Rex
496 1265 538 1332 ab
556 1265 636 1332 urbe
659 1265 836 1354 Ndrnberg
859 1264 1038 1356 transiens
1066 1285 1139 1335 oum
1158 1269 1275 1352 regina

129 1367 273 1433 venitin
291 1366 454 1432 eivitatem
476 1361 734 1455 Aureaoensem,
763 1385 827 1453 que
844 1385 931 1433 nuno
948 1367 1160 1454 Eystetensis
1188 1365 1275 1434 diei-

134 1470 198 1555 tur,
225 1483 246 1531 a
271 1463 424 1551 Philippo
452 1465 612 1552 episeopo
639 1465 808 1534 invitatus,
844 1466 905 1533 Ubi
928 1483 1049 1553 eorpus
1075 1465 1275 1534 venerabilis

132 1563 302 1651 quondam
328 1565 434 1652 ipsius
461 1563 525 1632 loei
553 1564 704 1652 episeopi
736 1564 924 1632 Gnndakari
951 1566 1083 1632 noviter
1110 1565 1275 1632 elevatum

132 1662 178 1731 de
213 1669 316 1753 terra,
344 1663 453 1732 oleum
479 1663 612 1730 miritioe
639 1655 805 1754 stillans²‚
840 1663 990 1752 pluribus
1018 1664 1182 1732 miraculis
1211 1681 1275 1731 oo-

129 1764 286 1831 ruseavit.
327 1761 398 1830 Rex
423 1763 546 1830 meritis
584 1764 691 1831 saneti
718 1764 861 1850 presulis
889 1781 927 1830 se
955 1768 989 1832 et
1014 1765 1109 1849 regni
1136 1764 1275 1849 negotio

131 1861 390 1952 commendans,
418 1863 546 1930 transiit
571 1863 605 1929 in
631 1859 827 1947 Augustam.
863 1863 925 1930 Ubi
951 1867 1030 1951 post
1057 1861 1215 1948 gaudium
1241 1867 1275 1929 et

132 1961 413 2050 sollempnitatem
431 1962 614 2051 maximam,
643 1960 791 2029 diitinitis
809 1962 957 2050 pluribus
976 1963 1088 2030 eausis
1115 1979 1189 2030 oum
1207 1980 1274 2030 no-

62 2128 69 2134 .
130 2060 255 2129 bilibus
288 2060 624 2149 eirenmsedentibus,
660 2060 701 2127 de
727 2079 812 2149 paee
840 2067 873 2128 et
905 2060 1084 2130 eoncordia
1112 2061 1274 2129 sollieitus

130 2159 232 2228 valde
260 2161 420 2250 existens,
448 2178 549 2247 super
578 2160 769 2228 civitatibus
796 2163 953 2250 precipue
981 2167 1014 2229 et
1040 2161 1273 2249 mercantibus

129 2265 173 2328 ut
205 2259 343 2348 paeitioe
376 2260 574 2349 transirent,
609 2259 761 2346 vigilanti
794 2261 903 2328 animo
936 2259 1142 2328 intendebat.
1179 2259 1275 2328 Unde

129 2358 300 2448 quosdam
327 2358 468 2449 nobiles,
496 2359 552 2446 qui
578 2376 693 2446 paoem
718 2359 844 2444 regiam
861 2360 895 2427 in
921 2359 988 2426 illis
1016 2359 1137 2426 iuribus
1165 2365 1275 2427 teme-

129 2463 303 2548 rarorum,
332 2463 365 2526 et
390 2458 487 2544 bigas
515 2457 634 2526 oinium
662 2476 735 2526 eum
762 2459 923 2545 preciosis
949 2459 1070 2547 pannis
1087 2457 1275 2526 Flandreu-

132 2558 231 2628 sibus
253 2556 469 2647 obduxerant,
491 2555 659 2644 usquead
679 2555 854 2625 interiores
874 2563 986 2646 partes
1012 2556 1094 2626 lieni
1120 2559 1276 2646 persequi

129 2656 323 2747 mandavit,
351 2662 384 2724 et
404 2656 590 2745 predonum
612 2656 857 2745 deoapitatione
885 2656 996 2724 ablata
1022 2658 1134 2724 omnia
1159 2657 1192 2723 irr
1218 2658 1275 2724 in-

129 2765 266 2842 tegrum
292 2758 432 2845 preeipit
457 2754 599 2825 dominis
634 2757 702 2824 suis
730 2754 835 2824 reddi.
868 2754 977 2846 „Quia
1004 2756 1106 2823 tutela
1134 2762 1167 2822 et
1192 2772 1275 2843 pro-

130 2857 261 2926 curatio
288 2855 484 2946 reipublioe,
510 2861 547 2923 ut
573 2853 651 2922 dioit
677 2854 804 2922 Tullius
832 2855 867 2924 in
893 2855 976 2923 libro
1005 2854 1046 2932 de
1074 2853 1204 2939 officiis
1232 2852 1275 2922 ad

46 3011 51 3018 .
132 2974 251 3026 eorum
276 2955 450 3024 utilitatem
476 2956 533 3041 qui
556 2956 726 3024 commissi
753 2959 840 3044 sunt,
868 2972 936 3022 non
957 2954 999 3023 ad
1018 2973 1131 3024 eorum
1154 2954 1274 3042 quibus

134 3055 350 3125 committitur
385 3059 437 3122 est
469 3050 669 3140 gerenda.“-
695 3053 825 3122 Interea
856 3054 970 3142 presul
996 3054 1216 3144 ltloguntinus
1243 3059 1278 3121 et

132 3156 181 3224 hii
216 3155 274 3242 qui
307 3153 400 3222 missi
434 3151 563 3222 inerant
599 3158 825 3243 revertuntur,
853 3155 1044 3221 nuntiantes
1077 3155 1149 3240 regi
1176 3153 1276 3221 tilium

134 3257 170 3322 in
198 3270 305 3339 regno
332 3253 568 3343 confirmatum,
595 3252 788 3320 Heinrienm
812 3269 885 3319 oum
909 3254 998 3320 omni
1016 3252 1139 3320 familia
1158 3250 1277 3320 suaad

132 3355 270 3443 proprio
301 3343 472 3421 rediisse³.
508 3352 558 3420 De
593 3369 659 3439 quo
693 3357 802 3420 rotatu
836 3348 967 3419 fortune
999 3353 1159 3440 aooipitur
1186 3350 1277 3439 quod

134 3455 172 3521 in
205 3453 326 3521 Boetio
360 3451 494 3519 dieitur:
528 3451 625 3542 „Hae
653 3457 770 3520 nostra
795 3451 847 3518 vis
875 3455 943 3539 est,
970 3449 1059 3518 huno
1085 3452 1277 3520 continuum

133 3551 250 3620 ludum
275 3550 431 3642 luditum,
458 3550 544 3618 hano
570 3550 749 3620 volubilem
776 3550 855 3618 orbe
881 3555 985 3618 rotam
1007 3565 1194 3636 versamus,
1220 3551 1277 3616 in-

136 3650 214 3720 tima
242 3653 389 3741 summis,
417 3668 545 3719 summa
569 3649 690 3720 intimis
716 3655 842 3718 mutare
869 3645 1090 3735 gaudemus.“
1124 3646 1192 3717 Sed
1220 3665 1278 3715 re-

175 3793 205 3858 l)
225 3806 266 3846 am
290 3791 371 3847 rande
398 3794 431 3846 ist
455 3793 512 3847 lrier
533 3809 593 3848 vom
620 3793 684 3849 veri.
708 3798 853 3860 zugesetzt:
876 3794 909 3848 Et
932 3795 1045 3849 veniens
1063 3793 1095 3847 ad
1113 3791 1278 3856 llarintbiam,

136 3863 263 3915 rnsrinetn
281 3860 427 3915 officialium
440 3862 472 3916 ad
490 3861 717 3929 sublevaman‘pna
735 3865 842 3932 penurie
862 3865 1019 3917 monasteria
1039 3868 1066 3917 et
1084 3863 1210 3915 eeclesias
1228 3861 1279 3914 tal-

137 3929 221 3997 liavit‚
241 3928 309 3996 quod
328 3936 386 3984 ante
406 3943 465 3984 enm
482 3930 538 3984 ireri
557 3946 610 3984 non
629 3935 777 3986 consuevit.
821 3932 852 3997 2)
871 3931 966 3985 verber
984 3931 1060 3986 stand
1078 3929 1201 3986 redolens
1219 3929 1280 3983 stil-

135 3997 205 4050 lavit
227 4011 284 4051 was
309 3997 355 4051 der
378 3997 442 4053 veri.
467 4001 584 4053 irridente.
619 3999 650 4063 3)
669 3999 705 4052 Zu
729 4001 816 4054 dieser
839 3999 1000 4066 unriebtigen
1023 3998 1123 4066 angabe
1142 3999 1214 4052 ward
1235 3996 1280 4051 der

132 4064 270 4118 variasset
288 4065 402 4120 dadurob
426 4070 561 4132 verteitet,
589 4067 650 4120 dass
677 4082 705 4121 er
732 4067 811 4121 dureb
833 4069 1034 4136 verweoirslung
1059 4069 1107 4122 der
1129 4067 1225 4121 beiden
1249 4081 1281 4119 zu

134 4133 232 4200 Speier
249 4135 276 4187 irr
295 4133 345 4188 den
364 4135 455 4190 iolnen
475 4135 541 4190 1309
559 4134 611 4188 und
631 4136 697 4189 1310
714 4137 869 4204 gabellenen
884 4137 1028 4203 reiebstage
1041 4136 1084 4190 die
1103 4141 1157 4190 erst
1173 4137 1207 4189 im
1224 4135 1280 4190 deo.

132 4201 379 4326 &3122ssssssssssoe
401 4204 573 4273 gelrommene
596 4201 772 4260 besitzoairme
791 4205 920 4260 itiihmens
938 4219 981 4258 um
999 4206 1042 4260 ein
1061 4218 1158 4272 ganzes
1176 4205 1233 4259 iabr
1250 4219 1281 4256 zu

267 4288 274 4325 1
336 4309 344 4325 b
594 4291 597 4304 .
