3044 4882
447 207 588 254 recturus
610 206 820 254 ricrornrusrs.
856 207 880 273 2,
901 209 924 262 2⁴
1193 181 1262 252 305

126 365 271 436 moxque
297 348 533 416 monasterium
559 349 593 415 in
619 347 788 437 Bouaria,
816 350 906 438 quod
933 348 1076 439 Campus
1103 349 1264 439 Principis

126 449 255 537 dicitur,
283 439 462 515 fundavit¹.
1046 513 1048 518 .

199 549 332 616 Exacta.
351 547 442 614 curia
469 565 527 614 rex
553 545 679 613 Ulmum
705 548 805 635 venit,
833 553 867 616 et
891 547 1082 618 Heinrioum
1115 566 1262 638 purgra-
1277 565 1345 619 ieri

124 648 212 716 vium
240 645 282 714 do
308 645 505 732 Nuernbcrg
531 644 642 730 dirigit
668 645 711 712 ad
738 642 948 737 Omanorum,
977 655 1173 735 poscentem
1200 665 1262 716 suo

125 747 258 814 nomine
286 751 319 813 et
344 746 440 830 regni
465 742 632 812 niustriam
659 744 861 813 Karinthiam
888 753 922 815 et
948 746 1149 837 Carnicum,
1177 764 1262 834 quas

126 846 249 912 iniuste
276 844 503 930 usurpationis
532 844 625 911 titulo
651 844 866 932 possidebam
902 845 1126 914 declarantem
1153 848 1261 936 ctiam,
1324 917 1327 925 ,

127 943 219 1031 quod
251 961 391 1030 regnum
429 943 590 1010 Bohomie
634 948 666 1008 ct
709 944 969 1012 marchionatum
1007 945 1157 1014 Moravic
1199 945 1262 1012 sihi

126 1048 262 1132 propter
287 1047 511 1129 contemptum
538 1046 571 1108 et
596 1044 837 1110 contumaciam
871 1043 1071 1113 abiudicavit
1096 1045 1263 1113 sententia

125 1143 308 1230 principum
335 1147 369 1208 et
394 1140 610 1209 decretorum.
651 1138 704 1207 Ad
730 1159 817 1228 quos
844 1160 919 1210 rex:
953 1143 1028 1210 Non
1053 1143 1261 1226 decrevimus,

128 1242 182 1328 ait,
211 1245 280 1308 tam
301 1239 404 1325 focile
436 1240 592 1330 reddere,
629 1257 691 1324 qne
725 1257 808 1308 oren
841 1245 874 1308 et
903 1242 1016 1328 eladio
1049 1245 1162 1309 nostro
1195 1244 1263 1310 tam

126 1329 287 1406 mdorose
312 1339 570 1424 conquisivimus,
596 1338 649 1404 cet
672 1356 733 1423 eae
759 1341 807 1406 ad
829 1357 890 1407 nos
915 1342 1206 1426 emnanmrinitatis
1231 1343 1264 1407 et

127 1438 300 1523 affinitatis
326 1439 454 1504 tramite
478 1442 702 1505 manaeerent.
746 1425 933 1508 ddiioiens:
959 1458 995 1508 se
1020 1457 1086 1507 non
1102 1441 1263 1510 modicam

126 1539 251 1620 mirari,
277 1537 367 1622 eriod
384 1554 544 1622 proceres
568 1538 661 1624 reqni
687 1538 815 1604 omissis
836 1537 1072 1622 potentioribus
1098 1542 1165 1604 tarn
1187 1538 1261 1606 eei·

125 1636 190 1704 iem
222 1638 370 1704 comitem
404 1637 453 1702 ad
482 1637 574 1721 requi
603 1635 773 1721 lastiniam
806 1636 997 1704 estniernnt.
1042 1634 1093 1705 Ad
1121 1653 1185 1724 que
1211 1636 1261 1704 vir

126 1734 266 1823 provide
292 1737 459 1823 susceptis
485 1734 597 1804 verbis
624 1737 725 1821 regiis
753 1735 991 1823 respondebat:
1018 1736 1182 1821 dispertire
1200 1751 1260 1802 oo-

124 1833 176 1901 bis
200 1835 375 1920 eraderem,
411 1835 500 1918 qnod
529 1835 676 1918 deposito
709 1834 860 1902 elationis
894 1834 988 1919 fasta
1019 1834 1168 1903 Romano
1201 1850 1262 1900 cos

120 1934 265 2019 principi
289 1932 478 2013 incideretis,
504 1935 556 2000 oei
580 1951 712 2000 necesse
738 1935 800 2000 erit
831 1933 980 2018 spiritam
1007 1934 1262 2018 presumptionis

124 2035 233 2098 vestre
264 2033 446 2115 retundere,
480 2049 519 2098 eo
553 2032 643 2117 qnod
672 2034 840 2117 imperinm
879 2034 1116 2117 contempsistis
1150 2036 1182 2100 et
1215 2033 1263 2100 ari

123 2131 325 2198 consistoria
344 2131 529 2217 prineimm
554 2148 620 2198 non
644 2133 785 2199 venistis.
834 2130 902 2200 Sed
934 2136 966 2199 et
997 2130 1141 2200 oblatam
1170 2129 1261 2198 codis

122 2245 260 2314 reamini
284 2229 361 2298 oiim
380 2231 624 2316 postterecstis,
648 2231 859 2315 sufficientem
883 2247 943 2298 cos
973 2228 1095 2298 tudere
1118 2229 1261 2316 moriam

121 2329 349 2413 respondistis.
390 2327 496 2411 Scitis,
523 2330 612 2413 qnod
636 2329 716 2396 deas
735 2331 934 2414 potestatem
965 2327 1064 2396 ieter
1094 2329 1129 2394 in
1157 2345 1260 2414 reqno

122 2426 297 2510 ionicam,
331 2431 364 2494 et
395 2429 447 2494 eni
479 2427 618 2494 coluerit
650 2425 861 2494 contitinet.
914 2427 1019 2494 Genus
1052 2430 1085 2494 et
1111 2443 1262 2512 moeros

121 2525 293 2610 strepitis?
319 2525 420 2594 Omne
444 2543 546 2612 aenas
570 2524 732 2594 lionnnnm
763 2527 797 2594 in
830 2528 922 2592 terre
951 2524 1048 2592 simili
1079 2527 1185 2611 soreii
1217 2523 1260 2592 ab

121 2628 209 2708 orn,
235 2627 416 2692 semanim
442 2625 519 2692 dens
545 2629 662 2694 errator
686 2623 883 2710 spectabitis,
909 2623 1016 2691 nattes
1042 2625 1182 2709 demener
1197 2641 1260 2693 eei·

122 2728 184 2790 tat.
216 2723 268 2790 An
291 2725 453 2810 iqnoratis
476 2722 590 2791 mentis
613 2725 764 2808 impeturn
788 2726 823 2790 in
853 2722 983 2808 renibus
1005 2722 1259 2807 formidandam,

122 2839 221 2908 quem
243 2823 313 2890 sine
337 2824 467 2889 ratione
491 2824 567 2890 insti
591 2823 750 2892 iudiciiin
769 2815 974 2907 quorundam
988 2821 1141 2890 nobilium
1156 2825 1259 2890 morte

122 2921 302 2988 crudeliter
326 2922 508 3005 effudistis?
540 2921 627 2988 Nam
651 2911 877 2989 misericordia
910 2927 943 2996 et
966 2923 1087 2990 ceritas
1113 2921 1259 2990 custodi-

122 3022 172 3087 ait
193 3037 314 3106 remen,
341 3025 374 3088 et
396 3020 568 3088 clementia
591 3018 800 3088 roboracion
824 3019 959 3088 tirones
983 3022 1060 3088 eins.
1104 3019 1200 3106 Apes,
1225 3023 1263 3088 ni

123 3119 206 3186 dicit
220 3119 356 3202 Seneca,
381 3123 457 3188 sant
479 3119 735 3202 iramrndissime,
762 3123 860 3204 otene
885 3120 1036 3205 eorporis
1060 3124 1160 3204 capia
1170 3137 1259 3204 peq-

120 3219 324 3301 nanttssime,
358 3221 392 3284 et
423 3218 557 3286 aculeos
589 3219 624 3286 in
656 3217 788 3285 rainere
820 3217 1011 3302 relinquant.
1057 3216 1130 3284 Rea
1162 3235 1260 3302 apem
1375 3298 1380 3308 ³

120 3318 195 3384 sine
220 3315 337 3384 aculeo
362 3321 421 3401 est,
455 3321 577 3384 natura
609 3317 639 3384 ei
670 3318 766 3385 teiam
799 3317 958 3401 detrusit,
992 3319 1025 3384 et
1053 3316 1261 3386 iracundiam

120 3417 194 3484 eins
219 3417 372 3483 inermem
394 3415 548 3502 reliquid·
573 3415 756 3502 coemptam
789 3414 852 3482 noe
884 3416 1012 3502 maenis
1045 3414 1175 3500 reqidns
1206 3417 1259 3480 in-

119 3532 255 3601 marens,
277 3515 460 3600 adsedeat
484 3513 527 3582 od
553 3515 681 3600 essionis
707 3513 901 3582 animatione
927 3531 992 3582 non
1012 3511 1142 3582 traicere
1157 3511 1261 3580 bonos

117 3629 241 3682 mores.
288 3611 422 3700 Tampius
455 3616 513 3698 est,
546 3616 583 3680 nt
613 3616 762 3680 reuertar
796 3613 844 3680 ad
874 3631 946 3680 enm
979 3613 1034 3697 qui
1070 3630 1121 3679 nee
1154 3613 1261 3692 misia·

159 3817 190 3883 1)
206 3817 259 3872 lter
278 3817 447 3874 continuator
464 3819 567 3874 Martini
590 3818 634 3874 hat
651 3824 710 3873 stati
728 3819 828 3873 diesem
847 3818 934 3872 absatz
951 3817 1008 3870 hier
1025 3821 1080 3870 erst
1098 3814 1139 3869 dia
1156 3817 1191 3868 ini
1208 3829 1260 3868 vo·
1297 3865 1303 3878 ,

116 3887 198 3942 risen
217 3901 245 3940 ca
264 3887 311 3940 itai
328 3887 549 3954 vorgekommeua
567 3888 643 3942 statie
663 3887 726 3942 iiber
739 3887 845 3940 Rudoiis
860 3886 943 3940 siihne
959 3885 1012 3937 und
1030 3885 1130 3937 tinctor
1146 3883 1259 3936 mitdem

114 3959 225 4010 zusatz:
242 3903 308 4010 Ram
329 3969 378 4009 rex
395 3970 472 4009 unam
490 3956 568 4010 titiam
586 3971 658 4010 suam
674 3959 700 4010 in
723 3970 831 4009 uxorem
849 3955 956 4008 tradidit
974 3953 1116 4030 Ludewico
1134 3951 1260 4020 Palatino,

115 4023 156 4077 de
178 4035 225 4090 qua
247 4027 340 4090 genuit
362 4024 496 4078 Rudciium
521 4025 664 4080 Patatinum
688 4031 715 4078 et
737 4024 902 4078 Ludawioum
920 4023 1054 4074 Bawarum
1088 4035 1112 4073 ur
1131 4019 1209 4074 hodie
1227 4020 1260 4074 do

113 4091 250 4162 imperiali
268 4094 375 4146 nomine
393 4093 530 4158 gloriarum
550 4095 656 4147 atteram
673 4107 736 4146 vero
755 4093 859 4146 tradidit
877 4089 984 4144 Aiberto
1002 4090 1060 4143 duci
1071 4035 1200 4164 1ξιιιιοιιίο,
1218 4090 1260 4157 qui
1346 4143 1349 4150 ,

113 4173 157 4214 ex
184 4171 214 4212 aa
236 4161 327 4226 genuit
351 4160 484 4216 aibertum
507 4161 688 4215 Patarieusarn
712 4163 859 4230 episcopum
884 4163 911 4212 et
934 4160 1013 4212 duces
1038 4157 1170 4222 Sinonia,
1189 4159 1260 4210 uiros

111 4226 235 4292 inclytos
253 4234 278 4282 at
293 4228 413 4284 famosos.
973 4271 975 4274 .

154 4325 286 4368 soruuun
305 4326 407 4368 rourus
428 4316 449 4366 t.
929 4320 932 4326 '
1032 4313 1065 4364 20
