3044 4882
278 193 349 264 378
609 222 754 270 tonsuras
775 221 986 275 rrcronmnsrs.
1021 221 1046 281 t,
1060 219 1087 272 8.
1121 190 1123 196 ’

195 372 262 428 tato
277 365 494 450 expectantes
501 383 511 449 3
537 360 625 430 bella
651 366 766 429 contra
791 359 909 430 hostes
936 360 998 430 sub
1025 362 1126 448 signo
1152 359 1270 448 capitis
1296 357 1399 428 Chun—

275 461 392 551 rodini,
418 461 615 529 innocenter
641 460 716 528 clim
742 460 774 526 in
799 460 864 528 illis
882 457 1033 548 partibus
1059 459 1256 548 interempti,
1283 475 1399 544 geren-
1496 449 1497 494 l

275 567 328 630 tes
361 561 476 648 sepius
510 559 719 648 triumphant.
759 557 853 627 ltalia
883 565 993 628 autem
1020 565 1053 628 et
1080 559 1231 628 civitates
1257 557 1400 625 universe

276 661 379 748 partis
411 658 591 747 imperialis
618 664 652 726 et
676 655 875 726 Alemauma
903 663 973 726 tota
998 658 1032 728 in
1060 657 1184 726 decore
1211 672 1273 724 suo
1300 661 1332 724 et
1353 656 1402 724 vi-

276 775 358 846 gore
385 758 520 826 multum
548 758 637 846 cepit
660 755 881 842 languescere
907 755 1037 844 perdito
1059 773 1123 825 suo
1145 754 1292 824 membro
1318 755 1403 843 priu-

276 857 384 947 cipali,
411 875 478 944 quo
506 857 618 925 omnia
643 854 709 924 alia
735 861 816 924 sunt
840 862 1009 946 vegetata,
1036 861 1071 924 et
1090 857 1125 923 in
1145 872 1207 923 sua
1231 852 1404 922 valitudine

275 961 484 1046 conservata,
510 959 548 1024 ut
573 953 654 1024 dicit
679 953 822 1035 Quintus
849 953 998 1024 Serenus
1022 953 1233 1024 metrificator
1257 951 1404 1022 mirificus

275 1054 318 1124 de
344 1071 484 1143 corpore
510 1053 670 1123 naturali:

372 1151 460 1245 „Qui
487 1153 694 1222 stomachum
720 1169 834 1238 regem
860 1152 963 1222 totius
992 1152 1143 1240 corporis
1169 1169 1247 1222 esse

399 1250 621 1342 Contemdunt,
647 1269 728 1320 vera
753 1252 814 1318 niti
840 1251 968 1320 ratione
995 1250 1156 1320 videntur.

311 1399 312 1402 ,
397 1349 506 1418 Huius
532 1351 619 1418 enlm
645 1349 776 1420 validus
803 1349 911 1418 firmat
936 1355 1033 1421 tenor
1059 1351 1171 1419 omnia
1196 1349 1353 1418 membra.

395 1447 446 1518 Ac
471 1454 588 1520 contra
613 1449 764 1519 eiusdem
790 1447 987 1535 franguntur
1020 1454 1139 1518 cuncta
1165 1447 1292 1518 dolore.

397 1546 485 1629 Quin
512 1549 621 1638 etiam,
649 1549 716 1628 nisi
743 1566 823 1617 cura
849 1549 951 1640 iuvet,
976 1549 1095 1618 vitiare
1122 1547 1295 1617 cerebrum

397 1649 522 1738 Fertur,
549 1653 584 1717 et
608 1648 759 1718 internos
785 1647 853 1716 illic
878 1651 1030 1718 avertere
1061 1641 1220 1718 sensus.“

272 1829 324 1898 lle
343 1828 451 1915 prelio
476 1827 637 1898 Lndeuici
662 1827 755 1896 deins
781 1827 936 1897 Boworie
949 1845 1021 1896 oum
1043 1824 1263 1908 Australibus,
1289 1829 1326 1894 et
1343 1823 1410 1908 filio

371 1929 459 2014 repis
483 1927 676 2014 irrepente,
701 1943 828 2014 sponsa
851 1927 1018 1996 Fridetici.
1258 1926 1341 2012 Cup.
1365 1925 1409 1991 ic.

346 2038 444 2111 Anno
461 2041 583 2111 domini
600 2042 794 2131 supradicto
814 2043 944 2112 scilicet
968 2044 1155 2112 mmccxlii.
1180 2047 1285 2112 morte
1306 2041 1410 2128 impc-

271 2141 391 2210 ratoris
417 2142 482 2209 iam
506 2141 655 2229 undique
681 2140 864 2232 divulgata,
890 2141 1078 2212 Fridericus
1103 2141 1172 2211 dux
1194 2137 1331 2210 Austrie
1349 2156 1411 2227 pc-

268 2245 380 2308 teutes
403 2245 436 2308 et
451 2239 583 2308 nobiles
601 2245 761 2308 terrarum
784 2258 928 2332 suarum,
955 2242 1082 2310 scilicet
1101 2241 1240 2310 comites
1256 2238 1299 2308 de
1317 2238 1410 2306 Heu-

268 2338 450 2429 nenburch,
478 2338 520 2408 de
546 2338 763 2430 Piannbereh,
790 2339 877 2409 duos
913 2341 1053 2410 comites
1080 2340 1122 2410 dc
1149 2339 1242 2428 Hals,
1269 2338 1409 2407 Ulricum

269 2435 311 2504 de
339 2437 455 2506 'Walse
482 2456 556 2507 eum
583 2439 889 2510 eximiccomitatu
914 2444 948 2508 et
976 2455 1051 2508 cum
1076 2439 1244 2509 nobilibus
1271 2437 1412 2506 interio-

266 2537 311 2604 ris
337 2538 489 2606 Bawarie
515 2536 558 2606 ad
584 2539 777 2627 superiores
803 2544 916 2627 partes
944 2537 1067 2629 dirigit,
1094 2543 1256 2607 utterras
1279 2539 1410 2606 suaset

267 2633 402 2704 iratrum
420 2653 555 2705 sucrum
573 2637 767 2728 inviserent,
794 2654 837 2706 ne
861 2655 950 2706 novo
968 2645 1006 2706 ut
1032 2638 1121 2708 solet
1146 2637 1217 2706 lieri
1243 2635 1406 2704 disturbio
1500 2631 1501 2652 ³

268 2741 493 2824 quaterentur,
521 2741 555 2804 et
569 2738 599 2806 si
615 2736 709 2805 lieret
734 2754 794 2824 per
821 2736 988 2824 predictos
1012 2739 1104 2808 viros
1124 2735 1329 2825 spectabiles
1348 2740 1404 2802 tu-

266 2838 424 2902 tarentur.
465 2834 558 2902 misit
584 2842 618 2903 ct
643 2836 817 2925 pecuniam
851 2842 887 2904 ut
912 2835 1033 2906 dicitur
1067 2837 1258 2926 copiosam,
1286 2841 1324 2902 ut
1348 2850 1406 2923 per

267 2931 426 3002 donativa
451 2933 627 3018 magnilica
652 2936 776 3003 amicos
804 2939 838 3003 et
863 2935 982 3005 milites
1004 2935 1239 3024 conquirerent
1266 2938 1300 3001 et
1326 2933 1402 3000 alli-

269 3036 393 3120 cerent,
421 3037 455 3098 et
479 3032 729 3120 principaliores
746 3031 790 3100 ad
813 3033 989 3104 electionis
1016 3033 1173 3125 favorem,
1200 3037 1299 3123 prout
1327 3049 1404 3100 oer-

268 3136 387 3198 nerent
412 3136 612 3221 competere,
639 3125 902 3220 permoverent¹.

342 3227 527 3298 Venientes
544 3236 655 3299 autem
668 3231 703 3299 in
720 3231 840 3323 locum,
862 3234 919 3320 qui
938 3229 1153 3302 Gamelsdori
1156 3221 1169 3266 ²
1183 3229 1314 3320 dicitur,
1334 3229 1413 3298 haut

267 3327 371 3413 longe
397 3347 418 3396 a
443 3329 577 3398 civitate
602 3328 820 3400 Laudeshuet
843 3336 979 3423 vocam,
1012 3331 1216 3401 Ludewicus
1244 3327 1314 3398 dux
1339 3328 1407 3396 Ba-

189 3451 252 3494 nov.
269 3427 371 3494 warie
397 3433 542 3496 armatus
569 3430 708 3498 occurrit
730 3434 893 3499 eteorum
920 3432 1093 3499 transitum
1118 3427 1299 3517 impedivit.
1336 3426 1409 3494 Fuit

214 3506 231 3561 9
271 3525 358 3592 enim
384 3543 426 3594 ox
452 3527 588 3614 antiquo
615 3526 738 3596 lomitis
764 3529 937 3598 raucorosi
972 3530 1008 3596 iu
1043 3531 1115 3599 eius
1143 3534 1278 3616 pectore
1305 3524 1414 3594 adhuc

270 3623 422 3712 aliqualis
448 3625 603 3716 scintilla,
632 3626 723 3714 quod
748 3627 881 3696 Bawari
908 3634 941 3698 et
962 3623 1139 3697 Australes
1165 3643 1238 3696 raro
1264 3641 1325 3715 per
1350 3643 1414 3714 pu-

270 3741 338 3792 ram
353 3725 528 3793 amicitiam
543 3730 699 3814 poterant
721 3727 912 3796 convenire.
944 3727 1034 3813 Egre
1054 3743 1190 3814 quoque
1210 3724 1293 3814 tulit,
1321 3719 1413 3811 quod

268 3821 436 3892 interioris
462 3824 615 3894 Bawarie
641 3824 755 3893 nobile
768 3842 797 3913 s,
827 3825 946 3913 quibus
972 3843 1125 3896 serenum
1147 3825 1289 3894 animum
1315 3838 1418 3909 gere-

268 3918 340 4004 bat,
365 3923 400 3988 iu
435 3922 499 3992 hac
529 3921 661 3991 lucrant
689 3924 873 4014 comitiva,
902 3931 936 3992 et
962 3923 1053 4012 quod
1079 3942 1120 3993 eo
1145 3922 1338 3992 inconsulto
1364 3923 1418 3990 in-

269 4018 364 4105 gredi
381 4027 652 4109 presumpserant
668 4026 786 4090 terram
812 4040 916 4093 suam.
948 4023 1035 4092 Dum
1060 4030 1170 4092 autom
1198 4040 1240 4092 ex
1264 4027 1407 4107 utraque

268 4123 361 4206 parte
389 4118 489 4186 verba
515 4119 738 4188 dissensionis
766 4123 872 4209 magis
900 4139 998 4210 quam
1023 4121 1118 4212 pacis
1140 4124 1414 4207 consererentur,

309 4234 339 4301 l]
357 4240 548 4304 promoverent
566 4235 646 4292 stand
665 4242 757 4294 zuerst.
792 4237 824 4306 2]
844 4240 1013 4297 Gamcusvelt
1030 4238 1107 4296 stand
1124 4244 1218 4295 zucrst.
