3002 4880
95 1201 299 1272 MONACHI
324 1187 755 1275 FURSTENFELDENSIS
791 1201 961 1280 (VULGO
987 1201 1236 1276 venenam)

97 1335 318 1406 CHRONICA
365 1337 423 1407 DE
476 1339 627 1408 GESTIS
678 1336 912 1408 PRINCIPUM
956 1336 988 1407 A
1030 1337 1234 1410 TEMPORE

94 1469 284 1544 RUDOLFI
331 1470 456 1541 REGIS
502 1469 645 1552 USQUE
687 1467 747 1539 Ao
791 1463 997 1541 TEMPORA
1037 1471 1235 1542 LUDWICI

343 1601 645 1674 IMPERATORIS.
696 1601 981 1674 rurs—1326.

539 1791 788 1804 m

167 1923 298 2040 Incipit
327 1952 465 2020 cronica
496 1950 538 2020 de
569 1952 678 2040 gestis
716 1951 903 2041 principum
932 1954 1125 2039 atempcre
1157 1949 1230 2020 Ru-

92 2047 174 2117 dolii
200 2051 293 2135 regis
319 2067 429 2137 usque
456 2049 499 2118 ad
525 2057 676 2140 tempora
699 2049 854 2119 Ludwiei
880 2051 1101 2139 imperatoris.

171 2147 274 2216 Gesta
295 2151 482 2239 principum
504 2167 567 2218 seu
586 2168 702 2235 regum
725 2168 765 2218 ae
791 2156 1002 2239 posterorum
1019 2153 1229 2237 pertractans

91 2249 252 2316 memorie
283 2246 534 2340 commendare,
561 2249 642 2317 licet
666 2250 775 2317 minus
807 2249 905 2340 utile,
935 2254 1047 2316 tamen
1076 2249 1228 2317 ociosum

91 2363 162 2414 non
190 2349 268 2438 erit,
304 2346 334 2414 si
361 2348 531 2435 scripsero
566 2346 631 2416 dec
665 2349 817 2437 propicio
850 2365 962 2435 pauca
997 2346 1039 2414 de
1065 2347 1227 2438 pluribus,

92 2445 171 2512 stilo
206 2446 360 2533 quamvis
392 2463 514 2532 grosso
551 2447 606 2514 vel
640 2448 737 2514 etiam
771 2446 923 2535 inpolito.
970 2445 1038 2514 Sed
1073 2447 1153 2531 quia
1185 2444 1228 2514 de

90 2543 311 2631 negligencia
332 2543 388 2612 vel
407 2545 570 2633 inperieia
591 2544 787 2635 judicabor,
816 2546 845 2613 si
877 2563 919 2613 ea
949 2560 1015 2630 que
1048 2543 1229 2612 scribenda

92 2648 170 2710 sunt
195 2643 381 2729 neglexero
414 2644 513 2711 annis
541 2644 686 2730 singulis
712 2645 906 2734 assignare,
939 2641 1017 2710 ideo
1044 2641 1151 2710 iatecr
1175 2660 1227 2710 me

90 2758 160 2810 non
185 2739 356 2830 possode
382 2743 582 2828 ignoraueia
606 2761 782 2811 excusare.
829 2742 920 2828 Ergo
947 2742 977 2808 si
1004 2741 1080 2828 quis
1106 2741 1227 2809 melius

92 2838 134 2907 de
157 2839 350 2909 huiusmodi
382 2843 470 2909 scire
496 2841 656 2931 voluerit,
684 2846 851 2910 scrutetur
877 2838 966 2929 apud
992 2856 1072 2930 ecs,
1100 2841 1157 2926 qui
1184 2839 1227 2908 de

90 2939 267 3007 annalibus
293 2938 418 3007 habeut
443 2942 688 3029 experientiam
715 2941 910 3028 pleniorem.
943 2938 1021 3006 Mea
1040 2943 1151 3006 tamen
1168 2940 1226 3008 in-

90 3039 259 3106 tencicnis
290 3040 434 3106 interest
464 3046 589 3107 tantam
614 3038 694 3106 huic
717 3038 829 3107 studio
856 3055 991 3126 operam
1017 3034 1107 3105 dare:
1135 3041 1225 3106 scri·

89 3133 169 3204 here
185 3154 287 3223 reges
304 3137 534 3207 nobilissimos
554 3137 739 3206 seeundum
759 3139 891 3227 seriem,
916 3137 972 3224 qui
991 3135 1055 3203 sibi
1074 3136 1225 3206 vicissim

90 3233 296 3327 succedunt,
333 3253 407 3304 cum
438 3235 637 3323 quibusdam
659 3236 784 3304 notulis
816 3241 850 3304 et
874 3235 1005 3304 actibus
1033 3235 1224 3307 eorundem.

159 3331 267 3420 Igitur
291 3333 457 3404 Rudclius
485 3353 544 3403 rex
569 3333 802 3427 Romanorum,
829 3335 885 3421 qui
912 3352 1000 3402 anuo
1028 3332 1153 3402 domini
1180 3355 1223 3403 m.

89 3431 244 3501 cclxxx.
271 3439 351 3521 post
383 3439 417 3502 et
442 3441 519 3502 ante
542 3439 703 3502 strennue
729 3451 770 3502 ac
804 3433 976 3521 prosperis
1004 3434 1223 3502 successibus

89 3529 272 3622 imperavit,
296 3533 353 3600 illo
375 3533 411 3600 in
436 3532 514 3601 loco
531 3533 657 3621 primus
683 3533 719 3600 in
742 3531 858 3602 ordine
886 3531 1058 3601 habeatur.
1083 3532 1146 3600 Hic
1162 3531 1225 3601 suit

89 3628 131 3696 ab
165 3628 405 3699 adolescencia
438 3631 622 3700 bellicosus
632 3683 642 3721 7
675 3632 727 3698 vir
760 3631 908 3719 prudeus
945 3637 978 3698 et
1015 3637 1156 3721 potone,
1190 3636 1224 3698 et

88 3727 324 3799 nichilominus
352 3729 558 3818 fortunatus3
584 3747 725 3819 procere
741 3736 878 3821 stature,
907 3735 994 3798 torto
1020 3747 1116 3820 naso,
1142 3729 1222 3796 vul-

88 3831 157 3892 tum
180 3827 312 3897 habeus
341 3847 489 3920 gravem,
518 3831 615 3897 cuius
633 3830 784 3914 gravitas
801 3831 957 3897 virtutem
975 3829 1075 3895 animi
1094 3826 1222 3915 prede-

89 3924 254 4009 signabat.
293 3926 345 3995 Dc
378 3946 444 4015 quo
480 3928 628 3996 seribere
653 3927 749 4016 plura
775 3946 844 3996 non
871 3933 924 3995 est
945 3944 1108 4015 neeesse,
1143 3929 1223 4013 quia

90 4023 162 4089 eius
192 4032 268 4094 aeta
295 4027 449 4115 preclara
477 4034 511 4094 et
543 4027 658 4094 inclita
696 4029 820 4116 scripta
849 4031 928 4094 sunt
958 4031 1037 4113 pest
1067 4028 1220 4095 cronicas

88 4116 220 4192 Martini
236 4125 353 4193 ultimo
371 4126 407 4193 iu
424 4125 549 4194 notulis
567 4127 762 4214 prenotatis.
789 4123 1002 4212 Obmittemla
1019 4129 1130 4193 tamen
1153 4144 1221 4194 non

90 4220 206 4291 estimo
225 4225 422 4315 sequeneia,
443 4242 509 4311 que
530 4231 701 4313 utcunque
720 4223 889 4314 temptabo
908 4222 1032 4292 addere
1055 4225 1220 4296 antelatis.

141 4343 251 4390 crurum
268 4351 373 4393 ronrus
389 4346 413 4392 1.
1009 4336 1022 4388 1
