3096 4882
471 221 574 268 aarum
596 223 730 269 enormes
750 223 804 268 oss
825 222 938 269 ιιιιιιιι.
1204 193 1273 263 207

140 359 311 430 rebellium
334 365 368 428 et
385 361 589 429 inimicorum
611 360 782 430 inllaturas
807 366 841 429 et
857 361 1001 429 insultus
1020 364 1180 428 strennue
1198 365 1277 430 tue-

140 460 225 528 bitur
258 465 292 528 et
325 458 504 528 dellendet.
551 460 594 528 Et
618 459 695 528 ideo
730 459 923 528 fidelitatem
953 465 1041 527 tuam
1068 457 1130 527 sub
1157 458 1278 529 fiducia

139 557 313 649 singulari,
329 577 427 646 quam
444 558 486 627 de
506 563 538 626 te
557 560 715 649 gerimus,
732 561 929 646 requirimus
947 563 981 626 et
997 575 1166 647 rogamus,
1187 577 1278 646 qua·-

141 664 239 726 tenus
264 664 297 726 te
318 675 408 727 more
425 659 525 728 solito
547 657 656 726 medio
684 662 832 747 temporo
858 662 1051 726 constanter
1077 663 1111 725 et
1136 655 1278 727 lideliter

140 775 200 846 per
226 757 338 825 omnia
364 762 492 846 teneas,
519 756 741 827 custodiendo
769 765 802 826 et
827 755 1075 825 manutenendo
1099 755 1279 842 diligenter

141 857 308 925 civitatem
335 862 434 945 tuam,
462 873 504 924 ne
531 856 656 943 aliquid
684 863 761 924 ante
788 861 943 924 eventum
969 855 1139 923 missionis
1162 861 1278 926 nostre

139 954 289 1044 predicte
326 957 461 1024 evenire
489 955 601 1023 valeat
625 957 659 1023 in
686 958 841 1046 sinistro,
869 960 981 1024 certus
1009 955 1158 1022 existens
1186 953 1278 1042 quod

140 1055 265 1122 nullum
290 1054 600 1142 impedimentorum
619 1071 739 1144 genus,
767 1072 841 1122 cum
856 1057 1025 1142 amputata
1041 1054 1185 1122 omnium
1201 1053 1278 1122 dis-

141 1152 328 1222 cordiarum
353 1153 491 1221 materia
518 1159 639 1222 cuncta
664 1161 780 1224 nostra
805 1154 951 1239 negocia
977 1151 1095 1220 sedata
1121 1153 1188 1221 sint
1211 1170 1279 1242 pe-

142 1253 231 1320 nitus
259 1258 293 1321 et
317 1253 463 1342 planata,
491 1251 670 1321 adventum
688 1260 722 1322 ct
743 1253 911 1322 introitum
933 1257 1084 1320 nostrum
1103 1269 1212 1339 usque
1235 1250 1279 1321 ad

142 1352 316 1420 torminum
341 1351 524 1440 predictum
550 1351 681 1420 differre
705 1357 870 1441 poterant,
898 1352 962 1418 nisi
981 1349 1070 1438 quod
1087 1367 1148 1438 per
1169 1357 1279 1420 certas

143 1451 353 1540 provincias,
382 1468 467 1538 quas
494 1450 572 1518 dicti
599 1452 855 1536 consanguinei
880 1449 987 1518 nostri
1013 1448 1118 1517 duces
1143 1447 1279 1518 Austrie

142 1548 303 1618 tenebant
328 1555 361 1618 et
387 1549 614 1640 occupabant,
651 1552 788 1618 circuire
821 1549 1017 1616 necessario
1046 1565 1109 1616 nos
1137 1554 1278 1640 oportet,

143 1653 179 1716 et
195 1665 255 1716 eas
277 1647 321 1717 ad
345 1654 493 1717 nostram
509 1648 737 1717 obedienciam
764 1649 911 1736 recipere
939 1663 979 1714 ac
1004 1663 1102 1715 sacro
1129 1647 1279 1738 imperio,

142 1752 181 1814 ut
206 1751 368 1838 tenemur,
393 1748 599 1834 integraliter
620 1765 817 1834 aggregare.
861 1745 995 1814 Gratum
1014 1745 1149 1812 multum
1170 1747 1280 1814 habe-

143 1864 229 1934 mus,
256 1845 348 1933 quod
362 1846 459 1915 lactis
476 1848 600 1915 nostris
617 1853 649 1914 et
666 1849 791 1936 imperii
802 1851 899 1935 prout
916 1843 1086 1912 lllarsilins
1105 1843 1148 1912 do
1163 1845 1281 1914 Parma

142 1944 241 2014 nobis
270 1944 471 2031 significavit
496 1963 628 2034 semper
655 1945 795 2014 lideliter
820 1945 941 2013 annuis
959 1948 993 2010 et
1007 1942 1164 2013 intendis.
1205 1943 1280 2012 Da-

142 2049 211 2111 tum
238 2043 395 2132 Monacl,
420 2047 500 2113 xxiii
527 2044 581 2113 die
607 2047 731 2113 mensis
758 2045 893 2133 apriliS,
928 2043 1024 2129 regni
1058 2044 1164 2112 nostri
1190 2060 1279 2112 anno

142 2142 385 2234 sextodecimo,
412 2145 541 2234 imperii
565 2162 646 2212 vero
673 2144 776 2211 torcio
787 2135 808 2212 ¹.

342 2241 455 2312 Nobili
482 2245 553 2311 viro
582 2242 711 2331 Loysio
736 2241 778 2310 de
806 2242 967 2328 Gunzaga
989 2241 1115 2309 vicario
1139 2240 1281 2310 civitatis

343 2341 491 2433 llantue,
508 2346 626 2410 nostro
645 2348 680 2411 et
696 2342 823 2430 imperii
841 2341 932 2410 lideli
950 2339 1084 2409 dilecto.

197 2536 248 2596 13.
268 2531 396 2610 Ludwig
416 2535 585 2597 romischer
605 2536 709 2599 kaiser
730 2535 868 2598 schreibt
888 2537 944 2598 der
955 2533 1038 2596 stadt
1055 2535 1186 2610 Mantua,
1208 2530 1282 2594 dass

271 2630 305 2677 er
325 2618 380 2676 mit
411 2617 492 2679 allen
519 2617 641 2680 fllrsten
670 2616 894 2680 Dentscblands
923 2619 1010 2678 einen
1037 2617 1138 2678 leston
1161 2613 1282 2676 frieden

269 2697 470 2772 gescblossen
496 2698 575 2760 babo
605 2700 667 2761 und
696 2699 768 2760 dass
800 2701 899 2762 erim
928 2696 1078 2760 ndchsten
1100 2695 1207 2757 herbst
1227 2697 1283 2757 mit

269 2775 363 2854 konig
383 2779 499 2842 lobann
519 2796 579 2843 von
600 2781 732 2844 Btibmen
760 2780 822 2843 und
850 2783 947 2843 elnam
974 2777 1168 2842 zahlrelchen
1188 2777 1283 2838 heere

269 2860 350 2921 nach
381 2861 488 2924 ltallen
518 2864 659 2924 lrommen
690 2863 810 2941 werde3
842 2863 949 2924 darum
975 2862 1115 2923 ermahnt
1144 2877 1178 2922 er
1198 2862 1282 2920 selue

269 2947 418 3088 iguelpirepen
433 2945 621 3007 einstweilen
640 2960 675 3006 zu
692 2945 850 3020 freudiger
870 2944 1030 3019 hoffnung.
1072 2941 1282 3022 Speier,1330

220 3142 428 3213 Ludowicus
456 3145 511 3214 dei
541 3148 655 3233 gracia
680 3145 902 3215 Romanorum
926 3147 1122 3234 imperator,
1151 3159 1284 3232 semper

144 3248 313 3328 augustus
334 3298 342 3312 .
360 3295 368 3311 .
385 3244 607 3314 Prudentibus
635 3247 714 3313 viris
736 3298 744 3314 .
768 3247 968 3336 potestati,
995 3245 1169 3330 anicianis,
1194 3243 1199 3327 Ι
1222 3260 1283 3310 sa·-

145 3341 318 3428 pientibus
354 3347 387 3410 ot
422 3345 587 3412 communi
621 3346 762 3414 civitatis
796 3344 933 3412 Mantua
941 3398 951 3435 ,
987 3345 1058 3412 suis
1091 3347 1124 3411 et
1156 3340 1285 3430 imperii

147 3439 304 3509 fidelibus
328 3441 468 3532 dilectis,
496 3446 639 3530 graciam
659 3462 752 3511 suam
776 3449 810 3510 et
833 3461 930 3512 omne
948 3443 1085 3511 bonum.
1113 3441 1118 3530 Ι
1167 3438 1285 3508 Omnia

149 3557 215 3626 que
235 3557 297 3628 pro
318 3538 407 3608 lelici
433 3548 521 3609 statu
546 3547 579 3610 et
599 3543 727 3611 honore
743 3547 859 3611 nostro
879 3548 912 3610 et
935 3543 1021 3610 sacri
1042 3541 1168 3628 imperil
1185 3537 1284 3606 nobis

147 3640 309 3706 eveniunt
342 3641 376 3706 in
401 3642 557 3708 noticiam
582 3648 694 3710 vestre
720 3641 888 3710 fidelitatis
915 3641 1002 3709 ferre
1035 3641 1041 3729 Ι
1074 3639 1283 3726 lestinantes,

145 3736 245 3804 vobis
273 3755 335 3825 pro
362 3739 525 3824 singulari
551 3741 676 3826 gaudio
697 3746 729 3809 et
753 3741 984 3810 consolatione
1003 3739 1117 3806 votiva
1138 3751 1284 3825 presen-

148 3834 238 3904 tibus
274 3838 482 3929 intimamus,
519 3839 609 3926 quod
643 3839 715 3908 Deo
752 3848 867 3908 autore
901 3844 1050 3908 nostrum
1077 3835 1284 3921 gubernante

182 3973 214 4039 l)
182 3971 277 4027 llcb
295 3971 389 4040 glaube
408 3975 492 4044 nicht,
511 3979 570 4034 dass
588 3979 695 4049 Ludwig
712 3984 759 4036 mit
777 3980 875 4036 diesem
892 3979 944 4033 und
962 3977 1011 4031 den
1029 3971 1168 4043 folgenden
1185 3971 1286 4028 brielen

148 4042 226 4095 scine
245 4041 408 4108 anb'a'nger'
401 4059 428 4096 m
444 4045 536 4102 ltalicn
555 4063 604 4102 nur
621 3997 754 4104 binbgalten
772 4051 869 4103 wollte
904 4049 939 4102 Er
956 4044 1047 4115 spraclr
1062 4042 1194 4109 auldcbtlg
1212 4043 1287 4096 seins

146 4109 277 4164 wiinscbe
295 4109 347 4164 und
365 4110 500 4168 absicbtcn
518 4131 581 4183 rus,
606 4117 668 4171 aber
686 4133 715 4172 cs
733 4119 830 4174 lehltcn
854 4115 906 4170 ihm
930 4110 995 4169 lrralt
1018 4111 1070 4166 und
1096 4111 1175 4164 mittel
1199 4113 1237 4164 sie
1256 4125 1288 4164 zu

144 4177 303 4311 ἕὲΙῙὲιέἱιιιῐιιι.
340 4175 443 4236 Unsern
475 4197 585 4249 grossen
614 4185 718 4242 lraisenr
743 4187 790 4242 der
814 4186 934 4241 lrllheren
961 4187 1013 4240 zeit
1037 4181 1127 4236 hatten
1151 4179 1191 4234 sle
1215 4179 1288 4235 nicbt
