3044 4882
271 211 342 285 326
599 239 747 288 ruunnnrra
767 235 979 287 ricronransts.
1015 237 1040 304 2,
1058 235 1082 290 9.

271 386 513 454 Treverensem
537 395 599 469 per
613 379 763 449 Galliam.
796 379 834 447 br
861 397 928 468 uua
952 377 1130 449 includitur
1154 375 1242 447 idem
1268 389 1404 462 regnum

269 481 492 576 [burgundia
517 497 578 567 per
594 474 701 569 quod]
721 479 895 548 Germania
914 478 1020 547 Gallia
1045 478 1087 547 ab
1113 479 1254 546 invieem
1281 475 1404 546 distin·

271 589 402 670 guntur.
429 578 569 660 Quidam
586 585 696 647 antem
712 571 945 647 metrifleator¹
960 628 1078 648 ......
1095 583 1130 646 la
1146 578 1207 646 ait:

370 679 676 771 „lllngrmtinensis
704 679 924 767 trevirensis,
952 675 1177 767 coloniensis,

394 777 541 859 Quilibet
566 779 691 865 imperii
718 775 753 845 iit
773 772 1033 866 ·[oaneella]rius
1060 771 1210 845 borum.“

222 917 226 924 ·
269 885 306 948 et
332 879 502 947 subiunxit
520 875 563 944 de
586 873 784 945 oiireiulibus
810 878 951 964 inques
979 876 1098 944 electio
1118 881 1172 944 est
1195 872 1406 943 tmnsdueta:

369 973 601 1068 „[Pal]atinus
628 975 766 1065 dapifer,
793 974 862 1044 dux
888 977 1030 1064 portitor
1056 975 1159 1065 ansis,

396 1074 545 1144 Marobio
561 1077 752 1164 prepositus
769 1091 908 1164 camere,
937 1070 1134 1165 [pinearu]a
1154 1072 1336 1163 Bobemus,

395 1175 449 1246 ilii
472 1177 623 1242 statuant
637 1191 751 1260 regem
773 1175 900 1242 eunetis
928 1191 988 1264 per
1006 1173 1119 1243 seeulu
1138 1168 1337 1242 summum.“

272 1271 410 1442 kfflmo]
433 1272 836 1360 domininongentesimo
857 1274 1079 1360 nonagesimo
1098 1278 1196 1341 sento
1213 1270 1336 1340 laetum
1358 1274 1411 1342 est

296 1379 510 1442 oostatutum
525 1371 587 1439 sub
609 1390 696 1462 papa
716 1368 917 1463 [Gregorio]
938 1373 1064 1462 quinto,
1092 1373 1148 1459 qui
1170 1371 1232 1440 iuit
1253 1369 1357 1462 Saxo,
1379 1375 1410 1466 et

273 1470 396 1541 Ottone
411 1474 609 1561 imperatore
626 1473 741 1560 ternio,
768 1473 862 1540 ouius
884 1489 948 1540 oon
957 1519 1057 1541 ......
1071 1485 1133 1542 oua
1153 1464 1240 1561 papa
1255 1467 1326 1562 init,
1356 1470 1412 1559 qui

272 1570 440 1641 etiamad
467 1571 539 1640 eius
566 1572 755 1640 instantiam
783 1577 836 1640 est
862 1561 1021 1640 eleetus².

347 1671 451 1758 Igitur
469 1669 629 1740 Rudolius
649 1675 768 1740 eoaeto
786 1672 820 1738 ln
841 1688 941 1738 unum
958 1671 1115 1760 examita,
1130 1673 1262 1739 montes
1279 1668 1411 1737 tmnsiit

176 1769 187 1790 ‘
270 1769 495 1856 Burgundioni
523 1777 556 1838 et
580 1767 808 1838 allemanniam
835 1768 1033 1859 dividentes,
1062 1768 1177 1838 urbem
1202 1768 1410 1844 Bisuntinam

271 1867 483 1938 fortissimum
510 1875 543 1937 et
567 1871 766 1959 populosam
797 1868 992 1954 aggreditur
1017 1875 1165 1957 tempore
1192 1867 1409 1957 autumpnali,

273 1974 307 2036 et
331 1967 508 2037 obsidione
542 1970 656 2037 striata
690 1969 808 2058 eingit,
834 1969 947 2037 vineta
979 1969 1128 2056 pomeria
1160 1983 1264 2054 agros
1298 1967 1411 2034 omnia

272 2065 463 2156 destruens,
480 2073 590 2134 eastra
608 2085 651 2135 ex
668 2085 736 2136 una
755 2073 849 2156 parte
866 2066 965 2136 Dubii
982 2065 1143 2157 iluminis,
1171 2066 1227 2153 qni
1242 2065 1411 2134 civitatem
1507 2063 1508 2066 ’

271 2164 387 2254 inlluit,
409 2166 596 2234 collocavit
622 2165 744 2234 Comes
761 2183 842 2235 vero
860 2185 902 2236 ex
921 2167 1025 2235 altera
1040 2164 1408 2253 purte-eiusdam‘aque

272 2266 415 2334 tentoria
442 2283 503 2332 sua
527 2266 561 2333 in
589 2267 780 2354 oppositum
804 2267 895 2351 regis
917 2265 995 2334 inxit
1021 2266 1063 2333 ar
1079 2283 1152 2334 oum
1170 2281 1232 2352 pro
1258 2267 1408 2353 tempore

273 2364 401 2453 aliquot
416 2365 561 2453 oppositi
577 2365 627 2432 sie
644 2370 813 2454 vaearent,
840 2365 942 2434 mulla
964 2366 1120 2434 exereitia
1134 2364 1222 2432 inter
1240 2380 1302 2432 eos
1320 2380 1410 2451 age-

270 2462 400 2554 bantur,
428 2481 493 2550 que
508 2463 648 2553 prelium
664 2463 839 2554 proludere
860 2461 1066 2532 videbantur.
1091 2463 1163 2532 Rex
1177 2467 1285 2531 aurem
1300 2462 1410 2531 Fran-

271 2564 323 2632 oie
349 2562 492 2632 Rudolio
519 2563 664 2654 mandat,
690 2569 727 2632 nt
752 2583 772 2632 a
798 2569 884 2632 term
907 2565 1036 2632 eomitis
1063 2561 1235 2650 abseedut,
1262 2561 1349 2631 alius
1371 2561 1411 2628 in

272 2663 345 2732 eius
372 2662 570 2731 adiutorium
597 2681 634 2732 se
661 2668 835 2731 venturum
863 2664 956 2753 solut,
985 2669 1018 2730 et
1042 2664 1197 2730 iuvamen
1215 2659 1338 2730 eiirean
1355 2661 1411 2729 ul-

272 2761 424 2831 laturum.
452 2760 701 2832 Rexlludollus
727 2761 903 2850 respondit
925 2761 1099 2850 intrepide,
1126 2762 1291 2830 animatus
1318 2761 1412 2850 pari-

275 2867 325 2928 ter
341 2867 374 2928 et
396 2862 494 2928 armis
521 2867 680 2951 armatus,
706 2861 818 2930 verbis
844 2861 1029 2930 Buezbardi
1056 2860 1200 2950 presulis
1226 2858 1412 2928 Metensis:

275 2959 350 3026 Non
372 2960 420 3026 ed
434 2958 574 3028 eburone
589 2961 757 3028 etmenden
773 2963 896 3028 senciot
914 2979 977 3028 rea
992 2960 1132 3026 Francia
1148 2977 1208 3027 nos
1227 2958 1412 3041 advenisse,

275 3062 308 3125 et
329 3059 417 3124 seint
437 3059 527 3142 quod
542 3059 767 3126 sustirrebtmns
789 3064 822 3126 et
838 3061 1037 3145 emolpiemar
1052 3077 1124 3128 enm
1140 3059 1189 3125 ud
1203 3057 1355 3143 prelium,
1381 3059 1416 3124 et
1505 3131 1506 3150 ἱ

274 3157 457 3224 semibeata
479 3159 541 3224 deo
563 3162 674 3226 noster
689 3157 821 3244 gladius
842 3159 1058 3226 denudabitur
1078 3161 1196 3225 eontra
1209 3174 1327 3236 samm·
1351 3173 1413 3224 nee

274 3255 479 3323 boeterrore
497 3273 633 3342 compos
654 3260 849 3341 deseremus,
875 3275 979 3342 nepae
998 3260 1140 3324 tentoria
1160 3255 1413 3342 confringeretur.

275 3353 317 3422 Et
342 3371 424 3422 suos
450 3355 579 3441 Virgilii
606 3357 757 3425 versibus
782 3359 876 3428 visus
903 3363 956 3426 est
981 3357 1090 3425 ailari:

373 3451 495 3544 „Quod
523 3462 687 3546 superest,
714 3457 772 3524 leti
798 3457 884 3524 berre
911 3458 1018 3543 gestis
1045 3473 1187 3544 corpora
1213 3453 1314 3522 rebus

397 3553 573 3621 Procurate
599 3555 670 3642 viri,
695 3575 842 3644 pugnam
870 3561 1004 3644 sperate
1030 3552 1172 3643 parati.“

273 3651 343 3718 ilex
369 3653 566 3721 Francorum
592 3651 722 3722 Rudolli
751 3656 940 3724 constantia
966 3659 1144 3743 comperta,
1176 3653 1286 3722 comiti
1314 3669 1415 3719 man-

273 3750 331 3817 dat
356 3749 465 3818 iaeere
493 3752 717 3842 oonoordiam,
746 3756 824 3842 quia
850 3755 982 3842 etipse
1010 3755 1100 3840 regis
1120 3751 1314 3821 Alamannia
1333 3751 1414 3830 ool-

271 3850 419 3936 loquium
446 3850 625 3919 attentaret.
666 3851 822 3921 Metuens
849 3858 959 3921 tumen
997 3854 1253 3922 'leumniamum
1285 3855 1414 3940 poten-

273 3950 360 4039 tiam,
388 3951 555 4038 indeptum
580 3952 643 4019 iter
670 3953 916 4039 retrogradiens
943 3971 1010 4022 non
1029 3952 1178 4042 perieait.
1212 3950 1414 4020 lienautem
1503 4011 1504 4024 ,

308 4131 338 4195 1)
359 4132 408 4184 llie
432 4133 640 4200 uaeblolgenden
664 4149 741 4189 verse
766 4135 851 4192 irnden
881 4139 935 4192 sieb
959 4143 1044 4192 zuerst
1073 4137 1115 4192 bei
1140 4137 1266 4191 blurtinns
1289 4133 1414 4188 Polouus.

272 4199 311 4277 2)Ι
324 4199 402 4252 illese
419 4199 584 4270 bebauptuug
601 4206 635 4255 ist
652 4205 727 4274 irrig;
755 4207 797 4260 die
822 4206 913 4262 sieban
938 4207 1102 4263 eburiiirsten
1127 4206 1285 4262 entatunden
1304 4209 1360 4257 erst
1379 4204 1414 4256 im

274 4267 369 4320 dritten
386 4269 478 4322 rientel
496 4273 543 4324 des
562 4269 731 4328 dreizebnten
753 4275 944 4331 iabrbunderts.
