3096 4882
507 235 573 280 nrm
595 233 704 280 nanonr
726 205 842 290 ouuarr
856 235 916 280 rur.
1212 206 1281 275 263

146 371 292 460 therme,
328 376 362 440 et
396 371 515 441 obsedi
550 377 694 442 castrum
721 372 856 444 Penode
884 391 986 462 super
1011 366 1147 442 lacum¹
1174 371 1282 464 Cordi,
1302 386 1367 438 tero

146 469 237 558 quod
265 470 445 539 obsederat
470 489 557 558 gens
587 465 753 540 Luchini²
777 472 1045 542 Mediolanensis
1072 477 1105 540 ct
1130 470 1284 542 dominus

141 569 180 638 de
199 566 287 638 Arco
300 561 324 636 ³.
350 568 443 650 Quos
461 577 670 657 congregato
688 573 851 642 exercitus
878 578 1009 642 secreto
1029 587 1103 640 cum
1119 572 1279 661 episcopo

144 669 337 738 Tridentino
354 669 475 738 abinde
492 668 617 760 fugavi,
646 677 680 738 et
695 672 730 740 in
748 671 802 740 dic
818 671 916 740 beate
934 671 1113 739 Katberinc
1137 676 1282 740 castrum
1300 702 1363 742 nov.

143 770 175 836 in
200 785 293 836 meas
320 787 439 838 manus
466 767 525 838 suit
551 772 765 860 resignatum,
793 773 972 859 ipsumque
993 769 1118 839 contuli
1137 770 1281 838 ecclesie
1315 756 1347 809 2⁵

143 867 345 936 Tridentino.
389 868 519 937 Deinde
553 868 666 936 datum
699 870 796 940 michi
828 874 971 939 castrum
1004 867 1066 938 suit
1089 860 1283 938 Belvasini⁴

143 966 303 1054 dyocesis
318 967 605 1054 Vincentinensis,
620 987 718 1056 quam
734 970 901 1039 civitatem
928 987 1001 1036 cum
1028 973 1100 1036 toto
1125 969 1282 1037 comitatu

143 1066 279 1134 tenebat
308 1065 476 1136 Mastinus
508 1065 551 1135 de
583 1067 618 1136 la
650 1068 758 1137 Scala.
792 1066 846 1138 Ad
880 1085 979 1155 quem
1005 1067 1205 1157 opportebat
1230 1085 1283 1135 me

142 1170 273 1233 secrete
299 1165 461 1234 accedere
478 1171 642 1235 nocturno
659 1173 807 1256 tempore
832 1185 905 1237 oum
924 1183 1046 1252 magno
1072 1167 1222 1254 periculo
1250 1171 1283 1234 et

140 1265 249 1352 ipsum
287 1265 412 1332 munire
439 1265 607 1351 gentibus.
650 1266 692 1336 Et
717 1266 838 1336 abinde
865 1283 1020 1334 reversus
1049 1283 1119 1332 sum
1147 1266 1180 1334 in
1208 1267 1282 1334 Tri-

142 1362 286 1432 dentum.
322 1364 364 1432 Et
391 1363 433 1432 dc
460 1363 618 1434 Tridento
645 1366 691 1434 ivi
716 1367 751 1434 in
777 1368 941 1434 civitatem
968 1364 1214 1434 Belluncusem.

214 1462 279 1531 Ubi
304 1480 356 1530 ma
382 1463 547 1532 existente
575 1465 762 1552 patriarcha
788 1465 830 1533 de
848 1461 1028 1550 Aquilegia
1052 1481 1235 1552 oppressus
1262 1482 1282 1532 a

141 1561 227 1630 duce
252 1559 388 1630 Austric
414 1568 447 1630 et
473 1565 593 1632 comite
620 1562 819 1654 Veronensi,
847 1565 904 1649 qui
923 1564 957 1630 in
974 1563 1098 1650 campis
1126 1563 1282 1631 iacebant

141 1678 247 1748 prope
281 1654 498 1730 Veranium5'
515 1663 549 1730 in
582 1663 669 1732 Foro
701 1663 790 1752 Iulii,
827 1663 949 1749 quibus
984 1661 1172 1749 patriarcba
1208 1679 1281 1730 cum

141 1765 243 1844 gente
271 1777 333 1827 sua
358 1768 515 1832 resrsterc
541 1779 610 1830 nou
636 1762 780 1853 valebat,
807 1762 898 1829 misit
923 1761 1020 1828 michi
1044 1759 1220 1848 epistolam
1245 1761 1280 1830 in

142 1859 203 1926 bec
229 1859 349 1927 verba:

220 1957 313 2026 Vobis
337 1957 456 2026 idlrrrtrr‘
476 1959 620 2043 principi
645 1957 772 2026 Karoia
798 1959 840 2026 dc
860 1959 1021 2044 propertio
1039 1958 1129 2043 rapta
1147 1953 1281 2026 noema

137 2055 323 2132 murabiortr'
356 2056 505 2124 Moratur
537 2075 596 2124 racc
629 2075 695 2126 rrort
729 2057 847 2126 palicia
878 2062 985 2126 cestra
1014 2057 1166 2138 notifico,
1193 2056 1283 2142 prod

144 2157 259 2224 domus
284 2157 415 2224 domine
440 2155 646 2224 dordunum
670 2160 703 2224 et
725 2157 860 2242 cirpiru's
887 2159 1048 2243 cirpirtum
1071 2155 1280 2241 Aquilepteu-

143 2255 188 2322 sir
212 2272 275 2339 per
307 2252 420 2324 horter
444 2257 592 2340 praviter
612 2260 842 2341 oppuprrotrrr,⁸
874 2259 927 2324 cui
962 2260 1071 2323 tenura
1103 2256 1280 2322 servitores

142 2353 346 2422 maenarum
371 2354 424 2421 vel
441 2354 630 2439 puellarum
649 2356 770 2441 pocius
795 2355 954 2422 adiuuare
979 2353 1103 2422 deberat.
1141 2353 1278 2422 iit-ideo

140 2469 222 2538 rupo
247 2469 307 2520 cos
328 2457 361 2520 et
374 2458 501 2520 reatroa
520 2455 690 2539 principer
714 2453 953 2536 univeraliter,
979 2457 1140 2537 quatenus
1166 2471 1279 2520 umore

141 2551 268 2618 dardae
301 2553 506 2622 demiramur
537 2569 603 2620 nort
630 2553 829 2638 perrraittctir
861 2553 911 2620 itu
946 2553 1050 2637 ipsius
1085 2551 1215 2618 domum
1247 2555 1280 2618 ct

140 2647 226 2718 bonu
248 2650 378 2720 uictori.
421 2691 424 2696 -

213 2747 341 2830 Quibus
367 2749 490 2818 auditis
516 2768 585 2817 una
611 2766 683 2817 oum
709 2749 866 2817 militibus
884 2750 1009 2819 nostris
1035 2749 1121 2818 banc
1145 2747 1277 2816 ducen-

142 2849 180 2916 tis
207 2849 349 2935 galeatis
381 2855 415 2918 et
447 2849 535 2917 mille
561 2847 728 2938 peditibus
761 2850 973 2918 transivimus
1008 2867 1068 2937 per
1095 2849 1277 2916 altissimus

140 2953 282 3038 mantes,
308 2948 365 3016 ubi
392 2950 552 3017 transitus
579 2965 648 3016 non
675 2952 746 3016 erat
773 2957 968 3018 consuetus.
1006 2948 1168 3018 Dominus
1187 2959 1278 3033 quo*

141 3063 205 3132 que
231 3049 401 3116 transitum
433 3048 531 3116 nobis
561 3049 690 3135 paravit
721 3065 782 3136 per
809 3040 1041 3117 Senevallem⁶
1068 3054 1101 3116 et
1125 3048 1277 3118 venimus

139 3162 212 3214 cum
252 3164 376 3232 magna
418 3146 611 3216 difficultate
654 3147 689 3214 in
730 3146 896 3234 dyocesin
936 3145 1209 3234 Aquilcgicnsem
1244 3149 1278 3212 et

139 3244 242 3314 altero
271 3245 325 3314 die
344 3245 387 3314 ad
400 3246 629 3334 patriarcham.
657 3243 721 3325 Qui
743 3253 1012 3331 congregaverat
1031 3253 1165 3332 gentem
1182 3262 1276 3313 suam

139 3349 175 3411 et
199 3351 310 3414 castra
335 3352 477 3414 metatus
512 3352 564 3414 cst
594 3343 637 3412 ad
663 3361 726 3412 nos
752 3362 856 3432 prope
882 3364 984 3413 unum
1011 3345 1132 3414 ssumen
1159 3348 1276 3413 contra

138 3444 290 3514 inimicos
317 3462 409 3534 suos,
437 3446 493 3532 qui
517 3443 671 3512 iacebant
697 3462 740 3511 ex
765 3444 870 3511 altera
894 3451 988 3532 parte
1015 3446 1075 3515 rivi
1100 3447 1185 3511 inter
1210 3459 1275 3510 nos

140 3547 177 3609 et
201 3560 259 3612 eos
287 3545 473 3611 existentis.
505 3543 574 3631 Ipsi
601 3548 711 3611 autem
739 3542 855 3610 eadem
882 3537 981 3611 nocte
1000 3545 1181 3610 rescientes
1208 3540 1274 3634 ad-

136 3647 272 3710 rantum
314 3649 463 3711 nostrum
504 3641 695 3731 fugierunt,
732 3649 764 3709 et
798 3641 971 3730 dispersus
1018 3647 1071 3710 est
1107 3641 1273 3708 exercitus

137 3756 262 3810 eorum.
297 3741 389 3810 Tunc
404 3761 467 3811 nos
493 3742 599 3810 secuti
626 3758 741 3808 sumus
769 3759 841 3832 coe,
869 3749 902 3809 et
929 3740 1121 3810 obsedimus
1147 3745 1273 3828 partam
1297 3768 1356 3807 unc.

136 3855 250 3908 comm
275 3841 311 3908 in
338 3849 458 3911 castro.
491 3841 540 3909 lbi
566 3841 727 3909 iacuimus
753 3842 973 3930 permultum
1000 3847 1130 3928 tempus
1155 3844 1188 3907 et
1208 3839 1274 3904 im-

177 3989 205 4090 i)
224 4031 306 4082 tarum
323 4026 386 4082 fehlt
403 4027 445 4082 bei
463 4027 536 4082 Reiu.
554 4029 607 4081 uud
625 4029 652 4080 iu
673 4027 720 4082 der
737 4027 784 4096 bs,
803 4027 872 4082 stebt
890 4027 952 4084 aber
969 4027 1012 4081 bai
1031 4028 1139 4080 Beness.
1171 4025 1202 4090 2)
1221 4023 1275 4078 Lu-

134 4097 206 4148 ceni
228 4096 265 4150 bs.
305 4095 540 4162 3]Soiase1cb
567 4096 725 4150 stattrtrto.
769 4097 964 4163 arremaro.
1006 4097 1037 4160 5)
1057 4100 1117 4148 ante
1144 4095 1275 4150 civitatem

134 4161 243 4218 Utinam
260 4165 368 4224 Beaess.
403 4163 435 4234 6)
454 4165 599 4220 Serravattc
622 4163 722 4218 addiicb
740 4179 792 4220 von
813 4166 920 4221 Bellona
937 4163 980 4219 bei
999 4163 1113 4220 ceneda.
