3002 4880
289 243 336 315 32
603 273 747 320 cunomcn
769 273 806 317 uu
827 273 929 319 susum
951 275 1118 322 rnrncrruu.

288 420 354 482 tem
388 429 482 482 suam
519 417 680 480 strennue
717 412 877 481 tuebatur.
929 412 1083 501 Denique
1119 419 1285 482 cessatum
1318 418 1408 482 esta

288 512 395 602 prelio
427 529 496 580 non
528 511 601 579 sine
635 529 759 596 magno
794 510 937 600 dampno
965 511 1061 580 huius
1088 511 1241 581 ecclesie.
1291 509 1408 592 Quanta

289 613 376 679 enim
400 628 557 698 pressura
583 609 760 698 preliorum
787 609 941 678 alllictum
968 609 1066 679 luerit
1090 610 1266 680 claustmm
1285 613 1317 678 in
1334 611 1408 680 idr-

289 710 434 780 stenvelt
468 710 523 777 ibo
554 709 588 776 in
623 714 789 799 tempore,
825 727 892 778 non
926 716 1040 796 potest
1075 709 1117 778 de
1142 709 1230 778 lacili
1256 710 1409 799 explicari.

289 810 463 878 Prosertim
503 825 575 876 cum
611 808 646 874 in
684 809 832 893 grangiis
870 808 966 876 nobis
1002 809 1112 877 ablata
1146 808 1268 877 luerint
1302 809 1410 897 optima

288 927 412 998 pecora
433 913 467 975 et
491 909 638 992 jumenta
645 957 655 996 ,
683 909 813 992 gravati
840 907 1071 977 nichilominus
1098 907 1217 976 luimus
1243 910 1338 976 nimis
1360 924 1410 996 per

288 1009 377 1094 ignis
404 1006 715 1095 concremationem,
742 1023 801 1094 per
817 1011 1001 1075 steurarum
1019 1008 1226 1075 exactionem
1243 1013 1276 1075 et
1290 1009 1410 1076 victua-

288 1107 366 1175 lium
393 1104 708 1174 administrationem
734 1103 920 1193 hospitibus
947 1123 1048 1194 supra
1066 1105 1209 1176 modum.
1235 1106 1316 1175 ldeo
1332 1104 1411 1173 multi

288 1207 395 1274 mirati
429 1203 579 1293 luerunt,
615 1202 782 1290 quomodo
809 1205 904 1272 simul
931 1207 1185 1273 remanserimus
1211 1205 1360 1297 indivisi,
1384 1206 1412 1270 et

289 1308 362 1373 sinc
397 1303 606 1391 dispersione
640 1319 785 1388 unquam
820 1321 989 1371 remanere
1022 1307 1238 1393 potuerimus,
1274 1313 1328 1374 set
1359 1301 1413 1371 Dei
1489 1325 1490 1336 ¹

288 1406 396 1494 pietas
424 1402 489 1470 hoc
515 1400 634 1490 etlecit,
663 1402 718 1488 qui
745 1408 919 1490 sperantes
946 1404 980 1470 in
1006 1420 1043 1471 se
1070 1421 1139 1472 non
1166 1403 1371 1492 derelinquit.

363 1501 467 1588 lgitur
491 1499 671 1568 Ludwicus
698 1498 765 1567 dux
792 1518 933 1569 cernens
960 1518 1029 1570 non
1054 1502 1215 1590 proficere
1236 1503 1298 1571 sed
1317 1500 1412 1587 magis
1489 1509 1490 1512 ’

289 1600 431 1670 deficere
457 1617 517 1690 per
543 1598 631 1666 hunc
656 1599 799 1689 modum,
827 1602 904 1687 quia
929 1601 1030 1669 multa
1054 1603 1202 1690 pretiosa
1223 1601 1341 1690 predia
1357 1615 1411 1689 pro

289 1703 446 1789 expensis
480 1695 686 1784 Augustanis
720 1698 847 1766 civibus
880 1699 1055 1791 obligavit,
1091 1706 1125 1768 et
1153 1701 1209 1789 qui
1230 1704 1299 1786 jam
1327 1702 1411 1770 esset
1487 1721 1490 1728 ·

289 1803 387 1868 etiam
412 1799 590 1888 preliorum
616 1796 832 1865 incommodis
859 1797 1027 1889 fatigatus,
1054 1816 1208 1867 reversus
1229 1801 1263 1867 in
1280 1818 1320 1868 se
1337 1798 1415 1887 cepit

289 1897 331 1966 de
357 1915 440 1988 pace
467 1902 619 1984 tractare,
634 1895 676 1963 ad
704 1894 834 1964 fratrem
861 1896 1005 1990 rediens,
1029 1902 1184 1987 tanquam
1206 1900 1320 1982 Junior
1343 1899 1413 1986 pla-

288 2015 364 2065 care
392 1996 528 2086 cupiens
556 1996 730 2063 seniorem.
769 1992 831 2074 Qui
857 2002 966 2064 motus
990 1998 1115 2085 pietate
1142 1999 1249 2085 ipsum
1274 1997 1414 2084 benigne

289 2097 453 2184 recipiens
480 2100 513 2162 et
539 2095 625 2161 inter
651 2111 711 2162 eos
738 2094 1006 2164 reconciliatione
1033 2095 1120 2164 lacta
1146 2095 1242 2164 arbo
1270 2096 1313 2164 ad
1329 2096 1414 2186 pacis

205 2205 272 2262 1313
290 2194 434 2263 redeunt
462 2194 638 2281 unitatem,
672 2198 724 2259 et
732 2194 842 2261 omnia
874 2212 937 2262 sua
960 2193 1050 2264 bona
1074 2197 1193 2286 partita
1219 2198 1416 2285 componunt

211 2289 270 2398 ’Ὗ
288 2295 414 2383 iterum,
442 2294 527 2360 sicut
552 2282 657 2359 ante¹.

364 2391 444 2460 Cum
469 2392 568 2477 igitur
594 2389 768 2458 Heinrions
795 2408 855 2458 rex
880 2393 1119 2480 suscepisset
1109 2394 1296 2482 rmperium,
1325 2394 1415 2483 ipso-

289 2510 354 2579 que
388 2491 596 2578 gnbemante
630 2490 726 2574 regni
760 2494 865 2558 status
901 2508 970 2559 non
998 2490 1219 2560 mediocribus
1244 2493 1417 2580 proficeret

289 2591 511 2680 incrementis,
539 2595 721 2676 essentque
746 2606 806 2677 per
832 2595 933 2657 totam
957 2586 1187 2659 Alemanniam
1214 2590 1327 2660 divina
1344 2592 1416 2679 opi-

289 2692 414 2759 tulante
441 2691 557 2779 gratia,
584 2689 696 2776 quieta
721 2693 871 2776 tempora
897 2693 931 2756 et
956 2689 1142 2781 tranquilla,
1169 2691 1308 2779 cupiens
1331 2707 1417 2759 rem-

287 2790 451 2878 publicam
478 2792 694 2873 augmentare
720 2789 818 2854 sumit
843 2788 985 2855 animum
1003 2789 1126 2856 intrare
1142 2795 1262 2858 terram
1275 2787 1417 2876 Longo-

287 2887 472 2976 bardorum‚
498 2885 611 2998 ibique
637 2889 778 2952 atterere
806 2891 839 2953 et
864 2887 1056 2974 impugnare
1083 2887 1244 2976 quasdam
1270 2891 1417 2958 civitates

289 2984 345 3054 diu
368 2984 552 3054 Romano
543 2985 679 3072 imperio
706 2983 919 3075 rebellantes,
947 2987 1069 3073 quique
1096 2988 1262 3057 servitutis
1279 3004 1418 3077 pensum

287 3083 393 3170 longo
420 3089 567 3171 tompore
592 3082 785 3172 persolvere
811 3083 1042 3170 neglexerunt

362 3182 494 3251 Interea
539 3199 651 3250 comcs
692 3180 734 3249 de
769 3181 998 3251 Wirtenberch
1039 3184 1095 3272 qui
1128 3201 1258 3274 semper
1297 3183 1421 3253 studuit

287 3282 459 3367 malignari
486 3279 593 3348 adhuc
617 3299 732 3368 pamm
747 3280 873 3349 ducens
890 3299 1012 3396 pacem·
1024 3282 1197 3375 dissipare,
1223 3301 1291 3352 non
1310 3287 1421 3352 cessat

288 3383 448 3448 suscitare
473 3379 586 3467 prelia.
637 3380 688 3447 Ex
719 3398 785 3467 quo
811 3381 903 3448 multi
930 3379 1012 3448 de
1002 3400 1078 3470 rpso
1103 3388 1276 3451 moventes
1305 3384 1419 3471 queri-

287 3481 440 3568 moniam,
468 3496 577 3546 eoram
602 3495 683 3563 rege
709 3498 769 3566 pro
797 3497 849 3570 eo,
876 3478 967 3567 quod
986 3482 1085 3550 variis
1102 3483 1267 3570 pressuris
1282 3484 1421 3550 vexaret

289 3597 348 3647 eos
376 3583 409 3645 et
434 3577 598 3666 turbaret,
625 3577 834 3664 postulantes
857 3577 1032 3669 judicium,
1067 3598 1110 3648 ne
1135 3586 1215 3668 post
1238 3581 1328 3666 regis
1357 3580 1420 3648 ab·

287 3695 437 3747 scessum
464 3693 523 3744 eos
550 3675 643 3743 malis
670 3677 876 3761 gravioribus
902 3685 1106 3765 perurgeret
1131 3677 1202 3747 Rex
1223 3697 1304 3748 vero
1335 3681 1420 3748 sicut

287 3776 452 3846 districtus
476 3774 581 3858 jndex
606 3779 724 3841 tractat
750 3777 821 3844 eius
848 3782 1001 3863 oportere
1032 3777 1208 3846 insultibus
1235 3783 1269 3847 et
1294 3780 1420 3847 errori-
1490 3861 1491 3866 Ἰ

286 3876 348 3946 bus
384 3876 526 3964 obviari,
561 3879 593 3940 et
627 3872 783 3960 expedire
818 3876 849 3942 ei
883 3874 980 3942 talem
1012 3894 1133 3964 penam
1159 3877 1324 3968 inlligere,
1355 3893 1420 3965 quc

287 3977 370 4044 alios
398 3975 515 4044 similia
542 3976 740 4060 temptantes
768 3972 809 4041 ab
835 3973 1022 4044 huiusmodi
1052 3976 1188 4044 ausibus
1215 3975 1362 4044 retrahat
1389 3981 1423 4043 et

287 4080 486 4162 compescat
519 4072 561 4140 Et
587 4076 676 4140 ratus
703 4089 771 4139 non
797 4091 900 4161 posse
934 4091 1008 4141 eum
1033 4076 1098 4142 nisi
1124 4076 1158 4144 in
1183 4093 1281 4144 manu
1306 4073 1423 4144 valida

284 4234 351 4298 l]
370 4233 474 4302 Herzog
490 4232 597 4287 Rndolls
614 4233 716 4287 hieraul
729 4233 882 4302 bezbgliche
905 4234 1020 4289 urhunde
1045 4237 1070 4290 d.
1089 4236 1112 4290 d.
1129 4236 1259 4294 Miinchen
1278 4237 1346 4294 1313
1361 4237 1422 4306 juni

285 4303 316 4356 21
337 4301 406 4357 steht
421 4302 517 4356 Tolncr
534 4303 599 4357 llist.
616 4302 668 4358 Pal.
684 4302 727 4357 80.
762 4303 870 4359 Fischer
887 4302 926 4357 lll.
944 4303 1016 4359 Scbr.
1034 4305 1059 4372 2,
1077 4307 1136 4361 575.
