3028 4878
452 203 596 250 ronnunus
616 203 826 251 urcrcnrrusrs.
863 206 887 270 5,
904 203 928 256 a,
1200 177 1272 246 tili

131 342 239 408 minus
268 337 446 409 eficaciter
471 359 526 410 res
553 340 734 430 disposuit,
763 344 840 431 quia
864 344 1024 414 Salomon
1050 344 1144 412 dicit:
1170 343 1270 433 „llle-
1287 357 1354 412 rato

128 439 191 508 lior
213 443 266 507 ost
284 441 460 529 sapientia,
489 458 587 527 quam
614 459 702 523 arma
729 440 882 532 bellica,“
910 450 943 512 et
957 443 1103 512 Tullius:
1130 443 1270 531 „Parum

129 543 272 626 prosunt
306 557 397 608 arma
430 538 527 628 forlS,
554 539 618 608 nisi
645 542 819 610 consilium
845 540 942 611 fuerit
968 539 1091 611 domi.“
1124 541 1166 609 Et
1190 542 1271 610 licet

130 653 232 704 casus
259 637 322 704 iste
349 643 469 705 terram
496 641 721 728 concusserit,
752 640 820 708 dux
846 646 956 710 tamen
983 644 1046 710 iste
1074 639 1211 726 regibus
1238 647 1272 708 ot

129 737 257 804 cunctis
292 734 491 806 adversariis
520 738 635 825 sepius
660 739 799 807 viriliter
825 742 962 828 restitit,
990 745 1023 808 et
1049 739 1114 809 deo
1143 757 1270 828 ooope-

128 839 222 902 rante
257 839 361 904 terras
397 837 534 922 egregie
566 853 645 904 suas
680 836 879 908 defensavit.
918 839 1065 912 Ducissa
1095 855 1177 906 vero
1204 837 1270 906 de-

128 932 245 1000 functa
280 932 322 1000 ad
355 936 591 1003 monasterium
625 935 876 1005 Novi-Montis
910 937 1124 1026 transfertur,
1157 937 1268 1024 ibique

127 1031 355 1118 sollempniter
388 1033 575 1101 tumulatur.
619 1032 720 1102 Cuius
753 1041 857 1104 morte
885 1041 918 1103 et
944 1037 1053 1104 fratris
1079 1036 1269 1104 infirmitate

125 1129 197 1198 dux
212 1127 291 1199 Otto
315 1138 494 1221 comperta,
521 1131 729 1201 ineffabiliter
747 1133 863 1203 doluit.
897 1136 938 1203 Et
964 1137 1109 1224 peractis
1138 1136 1268 1221 exquiis

126 1247 202 1296 cum
219 1229 541 1298 recommendatione
558 1229 679 1300 dilecte
696 1235 861 1301 consortis
888 1251 959 1324 sue,
987 1234 1066 1302 lietu
1093 1239 1196 1322 terso,
1224 1233 1267 1301 ad

125 1327 333 1396 familiarium
353 1335 386 1396 et
403 1331 581 1398 amicorum
608 1332 782 1399 consilium
809 1334 896 1420 cepit
922 1332 964 1401 de
992 1334 1137 1418 coniuge
1166 1333 1266 1417 cogi-

123 1435 207 1494 tare.
238 1426 351 1494 Fratre
378 1429 474 1496 etiam
501 1423 707 1519 persuaso¹,
735 1432 873 1498 missum
900 1433 1011 1498 estin
1038 1431 1203 1519 Siciliam,
1230 1437 1267 1498 ut

122 1517 304 1613 nepotem2
330 1543 435 1616 suam,
463 1527 561 1595 filiam
588 1527 672 1596 Petri
700 1528 884 1596 Siculorum
911 1531 1013 1618 regie,
1041 1532 1136 1598 ouius
1164 1534 1267 1597 mater

122 1644 168 1692 ex
194 1621 330 1694 Oitone
350 1625 437 1694 duce
470 1625 658 1715 Karinthie,
686 1628 850 1697 avunculo
879 1645 962 1716 suo,
991 1628 1052 1696 fuit
1077 1629 1264 1716 progenita,

121 1723 270 1792 duceret.
306 1723 374 1792 Sed
392 1725 470 1811 quia
493 1727 759 1795 convenientiam
774 1744 842 1794 non
861 1727 985 1816 habuit,
1005 1729 1053 1794 sic
1073 1728 1264 1814 permansit.

120 1821 264 1890 Missum
291 1829 344 1890 est
370 1825 468 1892 etiarn
494 1825 528 1890 in
553 1825 759 1914 Kraooviam,
787 1833 824 1892 ut
840 1824 1004 1894 Lothonis
1031 1827 1122 1911 regis
1141 1831 1264 1914 natam,

119 1921 239 2006 regine
258 1919 405 2007 Ungarie
423 1939 582 2011 sororem,
610 1925 787 2012 acciperet.
822 1923 890 1993 Sed
908 1943 972 1994 nec
988 1925 1052 1992 hoc
1077 1923 1164 1994 adeo
1189 1923 1264 1992 dis-

120 2011 289 2110 positum³
314 2019 430 2110 fuerat,
459 2026 492 2089 et
516 2023 665 2090 similiter
689 2023 890 2109 conquievit

196 2117 328 2188 Interea
345 2121 510 2205 contingit
528 2121 695 2190 Bohemos
715 2126 748 2188 et
763 2119 937 2190 australes
956 2123 992 2190 in
1008 2122 1263 2207 matisgraviter

118 2217 314 2308 dissentire,
342 2226 376 2289 et
391 2236 481 2286 nunc
501 2220 565 2286 hiis
584 2237 672 2288 nunc
697 2220 770 2287 aliis
797 2220 961 2290 fortunam
988 2220 1111 2290 adesse
1138 2225 1172 2288 et
1197 2220 1261 2289 ab·

119 2333 222 2403 esse,
250 2322 284 2384 et
316 2322 427 2386 tannen
456 2319 489 2384 in
516 2318 705 2386 alterutrum
732 2337 787 2388 res
821 2325 892 2386 arte
930 2320 1012 2388 satis
1040 2325 1073 2387 et
1098 2318 1264 2388 hostiliter

117 2420 315 2503 agerentur.
348 2415 539 2484 Novissime
557 2417 776 2485 Bohemorum
802 2418 933 2487 nobiles
952 2418 1103 2506 potiores
1123 2420 1262 2504 capiun-

119 2521 184 2603 tur,
203 2520 238 2581 et
256 2512 299 2580 ad
315 2513 410 2584 ducis
420 2512 545 2582 filberti
561 2517 765 2604 presentiam
784 2515 1003 2584 adducuntur.
1030 2516 1122 2584 Prius
1141 2518 1263 2584 etenim

115 2611 295 2682 Australes
331 2615 480 2682 nonnulli
507 2615 663 2684 Bohemis
698 2615 760 2682 sub
787 2616 883 2684 simili
909 2615 1135 2683 deveniebant
1160 2620 1261 2702 sorte,

116 2713 209 2782 datis
236 2716 313 2780 ante
340 2715 466 2799 treugis
485 2712 527 2780 ad
552 2713 697 2782 curidum
717 2719 750 2780 et
766 2713 981 2782 redeundum.
1015 2712 1154 2781 Bohemi
1170 2730 1261 2780 nun-

116 2813 206 2880 tiant
241 2812 314 2897 regi
349 2829 430 2879 sno:
465 2813 544 2880 utile
581 2829 659 2882 esse
692 2818 727 2880 ut
761 2830 834 2881 cum
866 2813 1006 2881 ducibus
1039 2808 1174 2879 Austrie
1200 2803 1264 2878 de4

115 2909 267 2980 amicitia
292 2915 326 2978 et
360 2910 538 2980 concordia
570 2917 781 2998 tractaretur,
818 2912 900 2980 alias
932 2914 1015 2980 istas
1042 2915 1168 2999 terras,
1196 2915 1261 2979 tarn

114 3027 261 3096 regnum
296 3027 394 3095 quam
422 3008 578 3078 ducatum
603 3029 672 3080 non
697 3027 803 3097 posse
829 3012 1015 3098 aliqualiter
1041 2999 1201 3097 quietari,
1230 3015 1263 3078 et

116 3111 147 3177 si
176 3113 256 3195 apte
290 3107 360 3174 freri
386 3115 522 3195 posset,
549 3108 614 3176 froc
639 3111 748 3197 ipsum
773 3127 833 3197 per
859 3111 995 3198 aliquod
1021 3108 1261 3177 matrimoniale

115 3206 324 3278 connubium
341 3207 532 3276 firmaretur.
559 3207 600 3276 ut
614 3213 788 3276 tractatum
806 3213 858 3276 est
873 3210 958 3276 inter
972 3207 1128 3276 Ottonem
1143 3207 1262 3275 ducem

114 3313 149 3378 et
167 3305 331 3374 Iohannis
351 3308 440 3392 regis
458 3306 678 3376 Bohemorum
705 3305 813 3396 frliam,
840 3303 970 3375 Annam
997 3307 1143 3394 nomine,
1169 3316 1260 3375 'con-

112 3405 258 3494 iugium,
286 3404 394 3474 adlruc
419 3405 641 3497 iuvenculam,
668 3404 758 3494 quod
784 3409 905 3493 postea
931 3405 1070 3475 feliciter
1094 3411 1148 3474 est
1173 3422 1259 3474 con-

115 3505 294 3572 firmatum.

194 3601 270 3670 Hoc
284 3619 373 3670 anno
390 3602 425 3667 in
442 3599 496 3668 die
512 3601 610 3670 beate
627 3600 842 3688 Margaretho
860 3603 989 3672 transiit
1002 3599 1183 3688 lllizabeth,
1202 3619 1259 3668 re·
1284 3629 1337 3668 rm.

112 3703 197 3770 licta
231 3702 322 3787 regis
355 3699 531 3789 friderici,
559 3705 593 3769 et
620 3700 708 3789 apud
735 3689 853 3770 fratres
879 3701 1028 3768 Minores
1054 3700 1089 3766 in
1116 3699 1261 3766 Wienna
1298 3682 1329 3735 ¹3
1406 3727 1409 3735 ·

112 3801 182 3870 sub
199 3817 386 3868 marmoreo
409 3798 588 3884 sarcofago
613 3819 718 3889 prope
736 3802 905 3888 Blankam,
932 3797 1063 3866 Rudolfr
1083 3798 1173 3882 regis
1189 3799 1262 3865 Bo-

112 3901 291 3968 hemorum
319 3899 482 3989 relictam,
509 3899 711 3968 Francorum
738 3902 831 3988 regis
858 3900 976 3988 frliam,
1003 3896 1191 3965 tumulatur.
1234 3893 1262 3964 0

154 4088 185 4151 l]
204 4085 384 4156 persuadente
402 4087 482 4142 sollte
500 4101 529 4140 es
549 4085 663 4138 lreissen.
707 4086 739 4152 2)
755 4101 789 4142 ne
808 4090 860 4140 tem
879 4086 956 4140 sollte
974 4097 1003 4138 es
1027 4083 1143 4137 heissen.
1186 4082 1217 4148 3)
1236 4095 1266 4136 so

113 4155 233 4210 bessere
256 4153 298 4210 ich
321 4157 368 4209 mit
385 4155 437 4208 Pez
455 4156 501 4210 das
522 4151 704 4221 indispositum
722 4155 769 4210 des
786 4103 866 4209 [acb.
906 4155 937 4219 l]
959 4153 991 4208 de
1009 4154 1044 4206 ist
1061 4165 1114 4205 von
1133 4153 1181 4204 mir
1201 4149 1266 4206 naclr

113 4224 221 4278 Pezens
239 4224 376 4292 vorschlag
395 4224 513 4292 ergiiuzt.
