3052 4878
439 191 554 256 mqoum
577 192 620 237 nr.
642 190 783 238 normam.
805 190 938 238 arnume.
1189 163 1256 234 131

124 334 159 398 et
182 347 244 418 per
276 328 409 398 inoolas
443 330 595 398 habitari.
645 327 708 410 Qui
734 329 876 397 libenter
901 329 966 400 hoo
994 329 1161 422 leoerunt,
1189 348 1261 398 oum
1280 345 1346 400 1³¹3

124 428 207 497 alias
234 428 280 496 ibi
304 431 414 496 seouri
441 431 626 497 existentes
653 429 762 496 multis
789 431 897 520 anniS,
924 447 985 517 per
1009 423 1125 516 regem
1150 429 1261 499 Karo-

123 528 190 595 lum
218 534 361 596 oestrum
389 546 502 596 eorum
528 527 651 595 luisset
677 527 878 596 destruetum
908 534 942 596 et
965 547 1026 619 per
1050 530 1261 598 Florentinos

125 625 414 718 condempnatum,
442 626 533 714 quod
560 628 700 715 amplius
732 645 801 694 non
826 626 1035 696 habitaretur.
1077 628 1115 696 ln
1142 628 1262 697 eodem

122 726 201 794 looo
233 727 268 792 in
301 731 410 795 eastra
443 727 604 815 imperiali
635 725 789 794 dominus
823 725 915 794 dedit
947 726 1080 796 domino
1115 726 1262 796 Henrioo

122 823 297 914 Flandrie,
325 843 388 894 suo
413 824 638 915 marascaloo,
666 827 831 893 civitatem
856 825 1069 894 Laudensem
1096 844 1171 894 oum
1197 844 1260 893 oo-

122 925 253 1013 mitatn,
280 930 313 991 et
339 926 368 991 si
394 942 463 992 non
487 923 617 992 valeret
643 923 758 992 deoem
785 923 872 992 milia
893 924 1092 996 llorenorum
1117 926 1151 992 in
1178 925 1261 992 red-

122 1022 256 1112 ditibus,
270 1023 406 1091 volebat
417 1023 508 1111 quod
523 1025 558 1090 in
574 1024 658 1091 loeis
668 1023 962 1112 propinquioribus
974 1024 1082 1092 eidem
1097 1026 1260 1110 assigna-

121 1127 236 1190 rentur
259 1140 368 1210 usque
396 1121 439 1190 ad
456 1121 573 1190 deoem
598 1123 687 1190 milia
712 1122 923 1212 florenorum,
952 1130 985 1191 et
1001 1122 1079 1190 leoit
1101 1141 1175 1190 eum
1196 1141 1261 1190 oo-

120 1222 235 1288 mitem
247 1219 469 1290 laudensem.
510 1221 638 1290 Ibidem
655 1223 764 1289 eomiti
782 1221 825 1289 do
847 1222 985 1290 Foresio
1003 1222 1095 1291 dedit
1117 1227 1262 1289 nastrum

121 1319 167 1387 de
186 1319 331 1388 Suooino
353 1322 387 1387 in
401 1320 602 1389 Lumbardia
620 1324 653 1388 et
671 1327 813 1407 quatuor
832 1321 922 1388 milia
938 1320 1138 1389 florenorum
1154 1323 1261 1406 magis

31 1485 60 1510 „
121 1437 230 1508 prope
256 1425 400 1487 nastrum
427 1419 725 1509 assignandorum,
760 1421 789 1486 si
813 1419 997 1507 prediotum
1024 1425 1166 1488 oastrum
1192 1437 1263 1487 non

118 1517 261 1587 valeret.
301 1518 426 1587 ibidem
445 1519 597 1587 omnibns
615 1518 770 1586 militibus
789 1517 1043 1586 citramontanis
1059 1536 1129 1587 non
1144 1518 1261 1587 Theo-

117 1618 244 1684 toniois
270 1617 449 1686 interduo
476 1619 564 1686 milia
590 1617 791 1686 llorenorum
817 1623 850 1684 et
876 1623 1053 1685 treoentos.
1088 1617 1157 1684 lsta
1184 1617 1261 1684 lne-

118 1722 200 1784 runt
226 1722 389 1807 extrema,
418 1717 632 1804 quianullus
659 1716 775 1784 habuit
799 1717 976 1804 plusquam
1002 1714 1069 1784 duo
1096 1715 1200 1805 milia,
1228 1719 1263 1782 et

120 1815 236 1882 nullus
271 1817 379 1884 minus
413 1835 511 1903 quam
544 1821 725 1885 treoentos
771 1815 874 1884 Dedit
903 1813 1107 1883 huiusmodi
1127 1812 1262 1883 feodum

120 1913 308 1982 seeundum
336 1915 548 1984 conditiones
563 1933 701 1984 eorum.

198 2011 249 2080 De
272 2013 462 2082 huiusmodi
489 2013 599 2084 leodis
626 2012 784 2104 prediotis
815 2017 850 2080 et
870 2013 1008 2080 oomites
1029 2018 1062 2079 et
1086 2012 1140 2078 alii
1161 2015 1283 2080 tene-·
1327 2015 1329 2019 ’

117 2111 246 2180 bantur
276 2111 387 2182 faeere
421 2115 556 2182 servitia
589 2114 727 2201 imperio
755 2111 938 2180 seoundum
969 2110 1100 2180 modum
1129 2117 1163 2178 et
1189 2109 1262 2178 lor-

117 2229 210 2278 mam
242 2230 340 2298 quam
374 2210 504 2280 saoiunt.
530 2213 577 2280 illi
611 2215 667 2299 qui
698 2211 823 2280 babent
848 2210 949 2279 seoda
980 2210 1117 2278 taliam
1143 2227 1261 2299 regno,
1307 2200 1311 2207 “

118 2310 203 2378 licet
229 2312 279 2378 eis
306 2311 425 2379 modus
454 2317 487 2380 et
513 2310 617 2379 sorma
651 2312 764 2398 gravis
793 2315 826 2378 et
852 2309 934 2378 dura
957 2309 1111 2376 videatur
1136 2308 1262 2395 aliqui-

117 2408 204 2498 buS,
233 2417 267 2478 ot
289 2411 439 2498 pluribus
473 2411 660 2496 assignavit
686 2410 736 2477 eis
761 2411 796 2477 in
821 2409 886 2476 illis
912 2407 1059 2496 partibus
1087 2412 1196 2475 eastra
1224 2412 1260 2474 et

120 2509 217 2576 oiroa
251 2516 363 2578 eastra
398 2512 505 2596 magis
539 2527 643 2597 prope
678 2526 836 2576 summam
864 2507 982 2575 datam.
1020 2507 1062 2574 El
1088 2507 1164 2592 quia
1191 2523 1261 2573 nom

3 2605 4 2608 ’
116 2611 175 2676 tot
199 2614 294 2676 erant
321 2614 430 2677 eastra
454 2612 488 2677 in
514 2627 576 2677 sna
602 2607 792 2676 obedientia
831 2607 916 2673 siout
941 2605 1080 2693 milites,
1122 2605 1170 2672 eis
1198 2622 1260 2671 as-

118 2707 271 2791 signavit
293 2707 335 2775 de
358 2726 420 2776 sua
435 2725 565 2776 oamera
588 2708 738 2794 reoipere
765 2706 943 2793 annuatim,
971 2703 1081 2770 donea
1106 2703 1140 2769 in
1165 2703 1262 2770 ltalia

117 2805 157 2871 in
180 2806 346 2894 aliquibus
365 2808 448 2875 loeis
475 2808 572 2875 oertis
598 2807 648 2873 eis
671 2805 822 2895 predicta
847 2805 1065 2888 assignasset.
1100 2798 1262 2869 Omnibus

120 2903 343 2974 Theotoniois
356 2906 523 2995 militibus,
550 2907 667 2993 paneis
689 2905 849 2993 exceptis,
876 2904 910 2970 in
926 2899 1123 2969 Alamannia
1137 2902 1171 2968 in
1189 2901 1261 2969 suis

116 3004 274 3090 partibus
310 3005 394 3073 alias
430 3011 533 3073 terras
565 3006 599 3070 in
624 3002 726 3072 seoda
751 3002 940 3096 assignavit
965 3000 1148 3070 seeundum
1175 3017 1262 3068 oon·

118 3101 268 3172 ditiones
297 3109 331 3173 el
357 3105 472 3173 merita
495 3121 725 3192 personarum.

197 3202 260 3270 His
288 3202 405 3271 diebus
429 3203 599 3271 Senenses
624 3199 891 3286 Augustinianos
913 3199 1030 3288 primo,
1046 3198 1262 3285 posteaPre-

100 3306 302 3392 -dioatoras,
323 3308 444 3390 postea
459 3301 578 3370 iratres
602 3301 727 3370 ordinis
745 3298 1007 3368 Camaldulensis
1035 3299 1195 3364 miserunt
1220 3295 1263 3364 ad

114 3401 363 3472 inveniendum
381 3402 525 3489 aliquam
541 3402 628 3468 viam
644 3401 755 3489 paois3
774 3404 808 3467 et
825 3397 1008 3466 seeundum
1025 3414 1066 3464 ea
1081 3413 1145 3484 que
1161 3401 1262 3484 pete-

114 3503 206 3572 bant
226 3501 308 3569 nibil
325 3507 378 3568 est
395 3504 666 3569 consummatum.
700 3499 825 3566 Tamen
840 3498 897 3588 illi,
918 3497 974 3584 qui
990 3501 1070 3564 tuno
1088 3494 1261 3582 rogabant,

116 3601 396 3690 supplicaverunt
411 3600 609 3688 imperatori,
638 3596 728 3685 quod
747 3616 799 3666 me
815 3597 918 3665 vellet
935 3597 1064 3662 mittere
1081 3592 1124 3660 ad
1141 3611 1200 3660 eos
1218 3591 1262 3659 ad

115 3699 332 3770 tractandum
356 3698 499 3786 aliquam
523 3698 645 3767 bonam
672 3698 767 3765 viam.
815 3696 858 3764 Et
882 3697 958 3783 quia
984 3692 1144 3761 nolebant
1171 3689 1261 3777 qnod

115 3805 238 3890 aperte
263 3817 329 3885 ego
352 3799 443 3888 irem,
462 3797 524 3866 sed
548 3796 689 3886 oooulte,
709 3795 842 3864 domino
856 3812 925 3862 non
940 3793 1074 3881 plaouit,
1097 3809 1171 3857 oum
1191 3807 1260 3857 non

117 3905 217 3969 esset
239 3899 352 3966 honor
378 3914 470 3987 snus,
498 3903 535 3965 nt
559 3895 700 3964 dioebat.
741 3894 884 3962 Litteras
902 3892 1015 3982 plures
1035 3890 1195 3957 habuerat
1217 3887 1260 3956 de

117 3999 236 4087 Senis,
259 3996 352 4084 quod
369 3995 411 4064 ad
430 3995 635 4064 tractandum
654 3994 783 4062 oooulte
803 3993 927 4060 nullum
944 3991 1096 4078 mitteret,
1112 3989 1141 4054 si
1159 3987 1261 4054 vellet

113 4115 185 4187 pro
215 4113 253 4163 se
280 4095 403 4164 babere
430 4095 520 4164 bona
544 4099 658 4183 panta,
685 4092 746 4161 sed
773 4096 886 4180 aperte
913 4104 1142 4175 quemeumque
1158 4086 1262 4155 vellet

117 4197 282 4286 mitteret,
310 4213 384 4262 enm
406 4196 549 4283 populus
572 4200 650 4260 tuno
671 4209 789 4280 paoem
815 4188 1020 4258 desideraret
1028 4209 1038 4275 3
1066 4189 1094 4256 si
1111 4205 1176 4276 pax
1192 4203 1261 4253 non

320 4292 323 4300 ,
1023 4295 1065 4349 9*
