3096 4882
261 205 331 276 168
673 231 766 278 roras
786 230 968 276 msrommu.

179 383 245 438 1325
260 372 440 463 Ambrosii,
468 372 645 461 Bazanum,
672 377 706 438 et
725 371 791 438 alla
809 376 919 438 oasim
937 377 970 439 et
987 370 1149 440 lorlalioie
1165 371 1397 440 Bononiensi-

260 473 324 541 bus
339 472 450 540 ablala
469 477 557 561 sunl,
585 476 618 538 el
632 467 750 559 prosali
768 467 892 536 domini
911 487 985 538 oum
1004 488 1065 539 suo
1090 471 1241 540 exercitu
1259 470 1399 558 burgum

263 591 289 641 s.
319 571 437 639 Felicis
462 569 504 638 de
527 571 691 659 Bononia,
718 569 871 636 Panioalo
895 575 928 636 el
953 570 1019 638 alia
1040 571 1135 658 plura
1160 570 1236 637 looa
1259 570 1340 656 igne
1368 576 1401 638 el

261 670 383 758 gladiis
402 669 595 758 depopulati
611 674 699 758 sunl,
729 673 762 735 el
780 685 839 756 per
856 667 928 736 dies
945 670 991 736 xii
1012 670 1046 737 in
1069 669 1230 738 territorio
1247 668 1400 738 Bononio

262 770 363 839 mulla
386 770 464 838 looa
490 775 523 836 et
548 767 644 836 villas
671 765 829 836 inoorrdio
856 765 1071 837 tradiderunt.

178 871 245 926 1³26
335 865 434 938 Auno
460 867 584 936 domiui
612 867 785 936 moooxxvi
815 864 897 934 obill
915 867 1030 936 Petrus
1049 866 1092 936 de
1117 865 1303 956 columpna
1321 884 1400 936 oar-

262 968 382 1037 dinalis
410 969 466 1054 qui
491 966 610 1034 multas
637 966 800 1033 ecelesias
828 969 1013 1053 oooupavit.
1054 965 1206 1052 Legalus
1223 969 1312 1054 oepit
1330 966 1402 1035 Po-

260 1069 413 1136 lesenum
441 1066 565 1134 Suzare
593 1083 666 1133 oum
694 1071 796 1150 genle
823 1081 884 1132 sua
910 1065 1206 1151 elBurgolorlum.
1246 1065 1400 1153 Logalus

262 1170 354 1236 verril
387 1166 533 1234 Parmam
569 1182 642 1232 cum
678 1163 800 1232 auxilio
834 1162 1023 1233 Ruboorum
1052 1170 1085 1232 el
1112 1166 1280 1234 oivilalem
1306 1164 1402 1234 obli-

262 1267 344 1333 nuit.
386 1263 580 1334 Castrueius
597 1263 810 1331 Florentinos
832 1263 1009 1348 magnifiee
1026 1266 1196 1353 superavit
1210 1267 1304 1333 iuxta
1318 1263 1404 1333 Flo-

228 1363 234 1374 '
262 1365 411 1454 rentiam,
439 1379 620 1450 eommquo
638 1362 778 1450 plurima
803 1366 913 1430 oaslra
938 1365 1027 1452 oopil
1051 1368 1210 1451 eiusque
1227 1362 1404 1452 adportas

263 1464 404 1532 civitatis
438 1463 592 1531 aooossil.
641 1460 744 1549 Apud
771 1461 956 1530 Tarvisium
981 1460 1188 1553 Avogarius‚
1216 1462 1338 1531 Paulus
1361 1461 1406 1532 do

262 1563 384 1650 Dente,
412 1568 445 1630 el
462 1562 576 1651 plures
597 1560 651 1628 alii
670 1562 836 1629 civilatem
855 1560 998 1629 Tarvisii
1021 1567 1271 1650 oeoupaverunt
1286 1563 1405 1630 eieolis

263 1662 482 1730 Theoloniois
515 1660 646 1730 oomilis
682 1659 808 1728 Gorilie
844 1677 916 1727 oum
948 1661 1074 1729 auxilio
1101 1660 1196 1730 ducis
1223 1660 1406 1752 Corinthio,

264 1760 370 1830 olibi
396 1759 485 1830 laolo
510 1760 617 1849 prelio
642 1757 756 1847 plures
784 1766 988 1851 corruerunt,
1021 1761 1108 1828 iuler
1134 1778 1220 1848 quos
1247 1759 1406 1828 dominus

182 1871 246 1912 aov.
263 1857 455 1928 Allonerius
482 1861 515 1927 in
541 1857 648 1927 irusla
667 1859 823 1925 oonoisus
841 1863 894 1926 osi
912 1857 954 1926 de
971 1876 1088 1927 mense
1105 1858 1288 1928 novembri.
1333 1857 1407 1928 Ca-

266 1959 410 2026 struoius
446 1957 566 2027 eodem
598 1973 715 2025 mense
749 1956 816 2024 duo
844 1955 1025 2026 fortissima
1050 1964 1160 2028 castra
1185 1958 1406 2028 lamoensium

261 2059 512 2126 intrinseoorum
539 2057 637 2144 oepit.

337 2154 529 2225 Ludovious
554 2154 775 2223 Romanorum
794 2173 854 2223 rex
873 2158 978 2244 primo
1003 2157 1039 2224 in
1057 2156 1218 2246 bavaria,
1243 2155 1401 2226 seeundo

265 2254 354 2345 apud
380 2255 602 2342 Karinlhiam,
630 2255 733 2322 leroio
765 2254 855 2342 apud
880 2253 1067 2344 Augustam
1095 2255 1297 2343 colloquium
1324 2254 1407 2324 leoil
1525 2311 1526 2322 ,

266 2372 341 2424 oum
359 2353 541 2424 baronibus
558 2351 731 2423 Alemanle
745 2354 954 2443 preparando
971 2373 1010 2423 se
1028 2354 1071 2423 ad
1086 2354 1263 2424 adventum
1279 2356 1314 2422 in
1329 2354 1406 2424 lla-

214 2461 216 2466 “
264 2454 354 2622 liam<
380 2473 478 2623 quem
503 2453 662 2522 laolurum
688 2452 734 2521 ibi
761 2453 900 2523 firmavit
932 2456 1019 2523 oiroa
1044 2453 1187 2523 medium
1213 2453 1403 2524 decembris

263 2572 298 2621 m
355 2573 443 2642 ugus
461 2573 490 2623 a.

338 2653 466 2722 Eodem
492 2653 589 2722 eliam
614 2667 703 2720 anno
728 2649 897 2720 lohannes
922 2671 1010 2741 papa
1031 2653 1141 2720 omnia
1159 2649 1405 2720 benefioiava-
1524 2639 1525 2642 ’

266 2753 374 2820 cantia
389 2771 450 2841 per
468 2757 607 2821 moriem
627 2749 714 2818 Petri
732 2767 752 2818 a
772 2750 956 2838 Columpna
976 2751 1039 2820 sibl
1055 2753 1247 2819 reservavit.
1286 2748 1329 2817 ut
1343 2768 1407 2839 per

266 2858 333 2919 ires
361 2869 468 2920 annos
496 2869 516 2918 a
540 2848 694 2917 kalendis
726 2850 840 2937 aprilis
868 2867 985 2919 omnes
1013 2850 1138 2919 iruoius
1165 2847 1407 2918 benolioiorum

265 2952 455 3018 vaoanlium
480 2950 514 3017 in
541 2948 764 3037 palriarohalu
791 2949 990 3036 aquileiensi
1017 2949 1080 3018 sibi
1106 2950 1248 3017 rolinuil.

188 3107 239 3146 aaa
348 3044 448 3116 Anno
489 3047 614 3116 domini
651 3049 835 3116 moooxxvii
872 3048 1053 3118 indioliono
1087 3068 1109 3116 x
1144 3045 1197 3116 die
1237 3045 1407 3116 dominioo

186 3228 359 3314 132⁷venit
388 3239 608 3314 Tridenlum1.
648 3245 712 3314 Die
735 3247 821 3314 iovis
843 3265 887 3314 xv
911 3247 1053 3315 ianuarii
1074 3246 1227 3326 dominus
1243 3244 1343 3313 Canis
1362 3243 1407 3313 do

191 3311 246 3418 1ῗὲ
268 3346 300 3413 la
328 3344 426 3412 Soala
447 3347 507 3414 ivil
527 3344 570 3413 ad
593 3345 795 3431 colloquium
826 3344 965 3433 predicti
990 3348 1081 3434 regis
1101 3344 1343 3434 Romanorum,
1373 3347 1409 3412 et

269 3446 360 3513 sterit
387 3443 534 3512 Trideuti
558 3461 618 3532 per
640 3463 663 3512 x
684 3443 767 3512 dies.
817 3444 1031 3514 Postmodum
1055 3443 1109 3513 die
1133 3443 1263 3513 sabbati
1286 3443 1406 3512 ultimo

202 3558 234 3612 31
268 3544 407 3612 ianuarii
434 3542 588 3611 dominus
614 3542 812 3611 Passarinus
837 3547 981 3613 vroarius
1006 3544 1144 3613 Manlue
1170 3545 1232 3611 ivit
1257 3540 1299 3610 ad
1327 3543 1406 3610 ool-

198 3131 247 3212 as'
267 3148 369 3216 xxviii
404 3146 589 3216 deoembris
621 3145 805 3240 Ludoyous
841 3146 882 3215 de
916 3148 1060 3217 Bavaria
1092 3145 1313 3216 Romanorum
1345 3163 1408 3213 rex
1523 3165 1524 3206 v

175 3643 415 3732 idemloquium
434 3642 513 3711 dioli
529 3643 619 3727 regis
636 3641 838 3712 Tridentum.
865 3643 1024 3732 Sequenti
1041 3643 1095 3712 die
1112 3645 1199 3711 iovis
1216 3640 1406 3711 viebruarii
1522 3695 1523 3704 ,

212 3731 227 3781 ⁵
269 3741 422 3828 dominus
446 3741 604 3810 Marohus
628 3740 825 3809 Vioeoomes
848 3741 891 3810 de
912 3743 1107 3813 Mediolano
1130 3743 1206 3810 illue
1229 3742 1296 3809 ivit.
1339 3739 1406 3808 Dio

268 3942 385 4011 oolaus
404 3942 476 4010 eius
496 3955 605 4030 nepos
622 3941 754 4009 iverunt
774 3938 818 4007 ad
836 3940 1038 4028 oolloquium
1056 3943 1147 4029 regis
1169 3939 1308 4030 predioli
1325 3937 1405 4005 Tri·-
1521 4015 1522 4032 χ

301 4133 331 4198 1)
349 4133 401 4188 Iler
417 4131 600 4200 labresanlang
617 4130 682 4188 wird
700 4130 757 4186 bier
774 4145 826 4186 von
846 4131 1028 4188 weibnaobteu
1046 4131 1203 4200 gereobuel3
1228 4128 1350 4184 indosseu
1367 4125 1404 4180 isi

266 4201 308 4254 die
326 4200 426 4267 angebo
444 4201 583 4268 auricilla,
602 4201 662 4257 weil
680 4204 728 4253 vvir
746 4215 791 4254 aus
809 4199 941 4255 urkunden
960 4201 1071 4271 missen,
1096 4200 1156 4256 dass
1174 4198 1283 4265 Ludwig
1301 4199 1327 4251 iu
1347 4194 1400 4249 den

265 4275 353 4324 ersten
373 4275 450 4338 lagon
470 4268 516 4323 des
533 4271 624 4324 ianuar
641 4267 707 4324 noob
726 4271 753 4322 in
772 4267 912 4322 lnnsbmolr
931 4283 991 4321 ivm.
