3002 4880
392 205 536 252 cunonrcn
557 205 594 252 ur
616 206 714 252 arsrrs
734 206 901 253 rnrncrruu.
1166 177 1214 248 43

83 346 184 413 Pisam
218 347 467 434 pertransiens,
503 362 601 432 quam
636 346 734 412 etiam
760 362 823 414 suo
847 345 986 434 imperio
1012 343 1213 435 subiugavit,
1231 358 1297 414 1312

82 451 194 512 eontra
232 443 348 512 urbem
380 442 561 512 Romanam
598 443 660 512 iter
693 462 789 512 suum
823 443 979 514 desseotit
1009 441 1105 524 Quo
1141 461 1214 512 oum
1241 441 1293 548 ”7⁸¹

81 545 243 634 venisset,
275 545 349 631 ipse
376 561 451 610 oum
477 543 624 610 exemitu
649 560 711 611 suo
739 561 777 612 se
801 548 959 631 preparat
985 542 1027 610 ad
1051 561 1214 630 puguan-

81 642 169 732 dum,
205 642 263 710 ubi
294 642 407 730 plures
438 643 638 710 munitiones
665 648 699 710 et
725 647 832 710 turres
859 647 893 710 et
917 635 1075 730 palaoia1
1100 643 1213 730 impu-

80 759 185 826 gnans
214 746 248 809 et
273 758 483 831 expugnans,
509 738 678 809 Romanos
705 743 862 810 acerrime
889 743 1068 831 attriverat,
1094 741 1129 808 in
1148 740 1213 810 boo

80 839 212 909 domino
237 840 326 928 Pape
355 839 516 908 exhibens
543 839 739 928 obsequium
766 841 947 929 spirituale.
1022 897 1025 904 .

148 939 312 1007 Dominus
354 956 436 1007 vera
474 937 637 1007 Rudollus
672 939 740 1008 dux
777 940 931 1008 Bawarie
966 937 1082 1007 babuit
1114 939 1212 1008 etiam

80 1036 266 1106 oonlliotum
299 1056 373 1106 oum
406 1036 563 1107 Romanis
598 1039 632 1105 in
664 1043 769 1127 ponte
804 1039 965 1129 hyberis,
991 1037 1048 1105 ubi
1074 1036 1116 1106 de
1143 1039 1212 1107 suis

80 1137 161 1205 duos
195 1138 286 1206 uiros
320 1136 484 1224 perdidit;
521 1135 654 1205 tandem
688 1137 798 1206 multis
834 1137 876 1206 de
908 1135 1065 1206 Romanis
1092 1137 1212 1206 oooisis

80 1236 144 1304 dux
169 1253 244 1304 oum
270 1237 339 1304 suis
365 1236 607 1322 gloriosissime
625 1236 845 1324 triumphavit.
871 1237 1004 1304 Interim
1026 1235 1112 1304 filius
1131 1254 1212 1306 suus

79 1335 256 1402 Ludwiaus
282 1335 572 1424 adolescentulus,
600 1335 737 1404 filiaster
762 1338 872 1427 regis,
899 1337 933 1402 in
955 1337 1110 1404 Bawaria
1135 1353 1212 1404 mo-

80 1437 155 1502 ritur
182 1439 216 1502 et
240 1437 274 1502 in
299 1435 512 1503 Fiirstenvelt
536 1435 571 1501 in
597 1435 774 1523 sepulohro
799 1436 1051 1524 progenitorum
1078 1451 1214 1503 suorum

80 1533 251 1602 honestius
277 1532 446 1622 sepelitur.

158 1631 228 1700 Sed
266 1651 326 1701 rex
359 1631 436 1700 dum
475 1630 643 1702 Romanos
683 1630 845 1700 bellorum
879 1630 1068 1700 discrimine
1104 1632 1213 1700 aerius

82 1730 241 1822 fatigaret,
277 1730 454 1800 oardinalis
483 1750 569 1800 unus
596 1732 717 1800 missus
744 1750 765 1799 a
790 1729 925 1799 dommo
951 1749 1049 1821 papa,
1076 1728 1213 1798 Romam

81 1833 216 1898 veniens
248 1831 283 1898 in
315 1835 485 1918 potestate
517 1831 685 1919 plenaria,
719 1831 848 1918 aceepit
879 1831 921 1899 ab
955 1827 1152 1920 Apostolioo
1178 1831 1214 1898 iu

82 1929 259 2020 mendatis,
294 1930 447 1997 omnibus
481 1929 524 1997 ad
556 1929 619 1997 heo
651 1930 894 2016 pertinentibus
927 1931 989 1997 rite
1015 1929 1212 2019 preparatis

82 2030 114 2096 in
137 2028 267 2117 oapella
293 2028 336 2097 ad
362 2029 427 2096 hoo
452 2029 641 2116 speoialiter
663 2027 832 2118 deputata,
859 2045 974 2114 regem
997 2034 1213 2097 saorosanoto

84 2127 153 2196 oleo
179 2133 359 2217 perunoto,
388 2127 429 2195 ab
456 2126 575 2195 eodem
608 2124 767 2194 cardinali
792 2129 826 2194 in
853 2145 1003 2196 oesarem
1028 2144 1214 2196 oonseora-

84 2231 139 2294 tur.
164 2225 229 2307 Qui
255 2227 296 2294 ab
322 2226 380 2294 illa
405 2226 488 2294 hora
514 2231 547 2294 ot
571 2225 636 2316 die,
663 2233 881 2313 promovente
907 2226 1063 2317 domino,
1090 2243 1213 2295 nomen
1235 2248 1295 2289 aaa.

84 2326 286 2414 imperatoris
314 2330 348 2392 et
373 2327 499 2394 cesaris
527 2331 580 2393 est
605 2326 753 2392 sortitus.
1245 2302 1279 2356 ²9

152 2425 253 2493 Porro
289 2423 357 2491 dux
389 2425 541 2493 Bawarie
575 2430 608 2490 et
641 2424 734 2491 multi
768 2424 823 2490 alii
856 2423 1008 2513 nobiles,
1035 2441 1108 2492 oum
1135 2427 1213 2491 aute

86 2540 134 2590 res
159 2541 236 2591 suas
271 2541 314 2590 ex
339 2541 462 2609 magna
493 2528 589 2610 parto
615 2524 649 2589 in
675 2526 765 2608 regis
792 2524 934 2590 servioio
962 2521 1213 2611 expendissent,
1275 2571 1276 2574 ,

87 2625 118 2687 et
140 2623 298 2690 atentuati
328 2625 471 2709 peounia
504 2625 573 2706 jam
607 2621 790 2688 delicerent
820 2622 855 2687 in
880 2620 1064 2708 sumptibus
1093 2624 1126 2687 et
1152 2637 1214 2688 ex-

86 2722 201 2812 pensis,
230 2726 264 2788 et
289 2721 520 2788 nichilominus
556 2719 644 2808 apud
670 2737 819 2788 oesarem
845 2723 1076 2810 temptassent,
1103 2723 1139 2786 ut
1164 2719 1214 2787 eis

89 2816 126 2884 de
148 2820 261 2888 labore
295 2838 357 2888 suo
393 2818 631 2908 responderet,
658 2819 713 2887 vel
739 2821 772 2886 in
800 2818 984 2906 sumptibus
1012 2819 1061 2888 eis
1086 2834 1213 2886 neees-

89 2919 165 2986 saria
188 2917 389 3009 provideret,
417 2937 485 2987 non
512 2936 572 2986 eos
599 2916 725 2987 audivit
750 2935 813 2985 neo
840 2916 1082 2987 animadvertit
1131 2915 1213 2985 ldeo

89 3014 188 3085 habito
218 3035 319 3106 super
345 3035 386 3084 eo
412 3020 498 3085 inter
525 3035 562 3085 se
589 3017 739 3107 oonsilio,
767 3018 970 3084 necessitate
996 3021 1212 3105 perurgente,

89 3117 251 3202 quingenti
275 3117 336 3185 viri
362 3134 435 3184 oum
469 3117 553 3185 duee
579 3117 731 3185 Bawario
759 3117 831 3184 sine
856 3115 992 3183 lieentia
1017 3117 1142 3184 cesaris
1169 3114 1213 3182 ad

88 3221 187 3298 partes
213 3217 365 3306 proprias
390 3215 568 3284 redierunt.
612 3212 685 3294 Quo
718 3214 807 3283 laeto
839 3231 935 3283 oesar
961 3214 1053 3283 dolet
1079 3221 1113 3282 et
1138 3220 1213 3281 tur·
1239 3251 1299 3290 arro.

90 3311 187 3405 batur,
224 3332 367 3382 oernens
401 3333 496 3383 suum
532 3315 710 3382 exereitum
736 3316 933 3381 minoratum
960 3320 994 3381 et
1019 3313 1213 3382 debiliorem
1248 3304 1283 3356 2¹*

89 3412 198 3482 uiribus
220 3412 262 3482 ad
280 3413 508 3501 pugnandum.
535 3412 618 3481 Mox
636 3412 712 3480 duoi
735 3414 886 3480 Bawarie
902 3418 1067 3500 tamquam
1087 3413 1214 3481 arrotori

91 3511 150 3579 eius
174 3515 221 3581 rei
246 3513 389 3580 minatur
415 3513 519 3602 mala,
547 3530 620 3579 oum
646 3511 709 3579 sibl
734 3512 883 3601 proxime
909 3513 1097 3602 vacaverit,
1125 3514 1211 3580 irro-

91 3625 170 3691 gare.
213 3611 286 3680 lieo
312 3613 491 3698 cogitavit,
518 3611 618 3679 homo
646 3613 732 3678 enim
758 3613 885 3696 oogitat
911 3612 972 3679 sed
997 3611 1090 3679 Deus
1117 3609 1213 3678 ordi-

90 3714 145 3775 nat.
182 3710 306 3779 Postea
344 3711 430 3778 enim
463 3710 599 3778 volente
631 3709 794 3799 Domino,
820 3710 875 3778 uel
907 3711 1031 3779 nostris
1064 3708 1213 3796 peooatis

91 3808 310 3899 erigentibus,
347 3809 443 3876 aliter
475 3809 632 3898 contigit,
667 3811 753 3878 siout
783 3815 903 3898 postea
937 3807 1133 3876 miserabilis
1166 3809 1214 3876 rei

92 3907 186 3975 exitus
211 3909 448 3998 comprobavit.

153 4005 192 4073 Et
216 4025 289 4075 oum
314 4008 361 4074 illi
387 4007 538 4076 abissent
563 4025 659 4076 oesar
684 4024 779 4094 spem
805 4023 899 4073 suam
925 4022 1056 4092 ponens
1083 4005 1116 4071 in
1137 4004 1214 4072 Do·
1234 4034 1293 4075 nnn

93 4102 189 4195 nino,
224 4105 388 4195 intrepide
423 4105 587 4175 reoedens
622 4105 663 4175 ab
696 4105 777 4172 urbe
812 4102 975 4193 Romana,
1009 4105 1215 4193 prooinotum
1251 4089 1284 4142 ²⁰

123 4224 149 4288 l)
166 4228 319 4295 palluniahs
