3002 4880
261 163 287 231 ll
567 190 712 238 cnnourcr
733 192 770 237 on
793 193 891 238 ursrrs
913 193 1083 240 rnrncrrcn.

263 335 324 398 tur.
353 327 425 410 Quo
451 347 517 398 nec
541 331 592 398 sic
615 331 706 416 regis
731 331 1032 400 ammonicionibus
1054 331 1231 419 acquievit.
1257 327 1385 396 Rursum

264 446 406 497 cernens
436 446 556 516 preces
589 447 669 498 suas
698 447 817 497 cassas
846 429 916 497 lieri
940 429 1030 518 apud
1058 448 1188 522 regem,
1218 427 1386 514 indignans

262 530 347 598 truci
365 528 475 617 vultu,
507 530 628 596 minaci
653 546 807 596 sermone
829 530 980 596 maritum
1007 530 1146 619 invehit,
1183 533 1216 597 et
1241 531 1388 614 quantum

263 630 380 714 regine
407 627 501 695 licuit
529 629 726 716 increpavit
759 628 801 695 Et
824 645 913 695 nunc
934 627 1114 716 blanditur,
1136 645 1225 696 nunc
1248 627 1389 693 minatur.

442 775 501 844 Nil
522 777 655 846 coluere
675 795 813 862 preces,
848 777 976 844 addidit
1000 794 1080 863 erqo
1105 778 1221 844 minus.

263 923 366 994 Addit
393 943 475 1011 ergo
497 925 577 1017 hec,
602 931 635 993 et
660 926 904 994 submurmurat
921 924 1056 994 dicens:
1082 927 1252 994 Hactenus
1274 925 1391 993 tiorum

262 1027 387 1110 replum
410 1023 635 1115 frequentavi,
668 1042 755 1092 nunc
788 1027 845 1092 cle
874 1023 1028 1093 tactura
1058 1043 1129 1094 mm
1160 1027 1307 1094 concitem
1332 1039 1391 1109 pro

263 1125 392 1192 morito.
918 1125 922 1130 '

337 1221 410 1290 Hec
435 1223 545 1290 omnia
563 1241 622 1291 rex
638 1224 755 1309 sagaci
775 1221 886 1291 studio
910 1223 1126 1292 dissimulans
1143 1240 1281 1292 uxorem
1305 1236 1391 1288 snum

264 1319 476 1389 discrecione
502 1323 619 1410 previa
643 1322 749 1390 noluit
775 1324 985 1391 contristare.
1037 1322 1118 1391 ldeo
1145 1329 1258 1391 autem
1284 1319 1393 1405 regina

265 1423 330 1486 tam
352 1421 516 1489 instanter
537 1439 577 1488 ac
605 1423 736 1490 seriose
759 1420 935 1489 laborabat
951 1422 1067 1489 ambos
1094 1439 1193 1507 reges
1214 1419 1393 1489 dissociare

196 1581 198 1586 .
265 1536 305 1586 ac
330 1519 416 1586 inter
442 1537 479 1586 se
513 1519 735 1610 contendere,
770 1521 849 1607 quia
872 1521 986 1588 maluit
1016 1521 1167 1588 maritum
1195 1539 1292 1589 suum
1317 1513 1394 1584 mori

265 1635 364 1705 qrram
393 1619 517 1688 vivere.
568 1619 677 1688 Huius
717 1625 827 1687 autem
862 1637 968 1687 causa
998 1625 1118 1707 postea
1149 1619 1184 1686 in
1225 1636 1288 1689 suo
1322 1616 1393 1683 loco
1485 1641 1486 1696 5

264 1717 384 1784 melius
417 1716 616 1787 declaretur.
668 1716 736 1786 Sed
767 1719 846 1804 quia
879 1736 947 1786 non
978 1724 1031 1786 est
1063 1719 1201 1807 sapiens
1210 1771 1220 1809 ,
1255 1734 1322 1785 non
1348 1714 1396 1780 est

266 1815 362 1883 sortis
393 1833 458 1883 nec
483 1815 598 1906 dives,
626 1819 683 1903 qui
712 1833 780 1883 non
811 1835 830 1884 a
858 1816 1006 1884 mulieris
1037 1818 1170 1886 malicia
1193 1816 1394 1901 devincetur,
1485 1811 1486 1898 l

267 1913 465 2001 quodjuris
493 1915 745 1982 assercionibus
773 1921 807 1981 et
824 1915 986 2003 exemplis
1001 1916 1136 2002 probari
1161 1921 1285 2006 potest,
1305 1927 1396 1981 sacra
1485 1907 1486 1992 ἶ

266 2015 391 2102 pagina
422 2017 613 2104 attestante,
640 2013 697 2081 ubi
728 2013 851 2099 legitur
877 2012 920 2082 de
945 2013 1132 2102 Sampsone
1162 2021 1196 2083 et
1222 2015 1395 2084 Salomone
1485 2031 1486 2106 j

267 2118 301 2180 et
324 2112 400 2179 aliis
423 2113 505 2180 viris
524 2113 818 2201 eminencioribus,
841 2114 898 2199 qui
920 2113 1094 2180 multarum
1109 2115 1266 2182 virtutum
1289 2109 1397 2199 gracia

265 2204 460 2298 prepediti1
494 2231 514 2279 a
543 2212 687 2278 leminea
718 2213 874 2278 versucia
907 2213 1056 2280 enervati
1095 2212 1138 2281 ad
1173 2212 1259 2281 mala
1288 2211 1397 2280 ultima
1485 2277 1486 2286 χ

266 2308 484 2377 devenerunt.
526 2309 683 2378 Similiter
702 2316 735 2377 et
758 2311 823 2377 iste
845 2327 915 2401 ren,
943 2313 1000 2397 qui
1023 2311 1103 2378 licet
1129 2312 1228 2378 luerit
1247 2309 1395 2379 sullultus

265 2411 362 2494 regia
377 2413 545 2497 potestate
563 2414 598 2476 et.
614 2408 850 2476 nichilominus
870 2410 1053 2495 insignitus
1080 2427 1207 2478 summe
1228 2406 1396 2496 dignitatis
1485 2415 1486 2496 ᾗ

266 2507 428 2599 culmine,
457 2513 566 2576 tamen
600 2525 619 2575 a
644 2508 792 2575 mulieris
828 2507 945 2576 lruude
966 2515 1166 2600 preventus,
1201 2511 1292 2576 sicut
1318 2504 1399 2575 inlra

265 2607 410 2696 patebit,
448 2609 537 2676 omni
565 2607 675 2694 gloria
702 2608 851 2696 privatus
882 2607 925 2676 ad
952 2608 1084 2676 inmune
1110 2608 1322 2697 precipitium
1345 2611 1398 2673 to·

265 2711 319 2774 tus
347 2707 421 2775 ruit.

340 2805 462 2872 Verum
498 2823 571 2872 cum
605 2804 681 2892 ipsa
717 2807 835 2892 regina
872 2807 1024 2874 maritum
1066 2823 1162 2874 suum
1198 2823 1315 2891 regem
1346 2801 1398 2869 die

264 2909 436 2991 noctuque
458 2920 560 2990 super
582 2903 645 2971 bac
672 2920 708 2971 re
731 2906 949 2995 inquietaret,
980 2909 1014 2972 et
1032 2907 1131 2973 etiam
1154 2910 1247 2972 esset
1270 2905 1301 2972 ei
1324 2918 1398 2972 mo-

263 3001 352 3069 lesta
378 3019 521 3089 vespere
552 3008 585 3069 et
616 3019 731 3093 mane,
763 3002 897 3072 tandem
927 3004 1038 3072 victus
1064 3004 1106 3071 ab
1142 3022 1200 3093 ea,
1231 3000 1400 3091 acquiem't

263 3099 421 3189 precibus
450 3098 682 3192 deprecantis,
717 3108 750 3170 et
782 3119 913 3170 rursum
945 3103 1044 3170 mittit
1080 3104 1215 3170 nuntios
1250 3104 1307 3189 qni
1335 3098 1398 3168 de-

264 3201 417 3266 nuntiant
439 3197 662 3268 Romanorum
686 3201 779 3291 regi,
812 3219 848 3268 se
879 3218 944 3268 non
964 3217 1067 3286 posse
1087 3205 1243 3285 prestare
1268 3201 1323 3268 oet
1342 3197 1399 3281 fd

245 3295 339 3364 'cere
373 3297 463 3382 quod
494 3300 678 3383 spopondit.
728 3299 929 3368 Promiserat
963 3300 1050 3367 enim
1084 3297 1127 3366 ad
1159 3316 1295 3386 queque
1333 3297 1399 3364 im-

264 3399 380 3484 peratu
412 3411 449 3462 se
475 3395 562 3464 velle
589 3415 663 3464 cnm
690 3397 765 3465 aliis
789 3398 997 3487 principibus
1024 3391 1171 3466 obedire.
1209 3397 1292 3465 Post
1316 3412 1399 3464 exe-

266 3495 433 3563 cutionem
456 3495 507 3560 sni
528 3496 664 3580 negocii
684 3494 727 3562 dc
746 3514 826 3582 rege
845 3495 1067 3565 Romanorum
1092 3497 1198 3564 nuntii
1223 3501 1400 3566 reverten-

264 3599 317 3662 tes
341 3592 535 3681 imperlecto
562 3595 702 3679 negotio
733 3593 776 3661 ad
809 3597 944 3682 propria
967 3602 1164 3665 remearunt.

329 3692 484 3760 ,Gavisns
510 3697 620 3759 autem
648 3710 708 3759 rex
732 3690 954 3761 Romanorum
979 3699 1012 3761 et
1036 3695 1163 3762 exultat
1185 3691 1400 3761 letabundus.

265 3791 430 3881 Sperabat
457 3807 503 3858 se
529 3791 720 3878 centuplum
753 3791 973 3882 lucraturum,
1010 3797 1044 3860 et
1070 3794 1140 3861 lore
1167 3791 1231 3860 sibi
1257 3791 1398 3866 bonori-

265 3890 363 3959 lioum
381 3895 415 3958 et
438 3889 616 3957 honestum
634 3907 753 3977 sparsa
773 3891 944 3980 colligere,
966 3891 1078 3959 ablata
1098 3896 1269 3980 repetere,
1298 3889 1399 3958 deni-

265 4006 331 4074 que
354 4007 454 4056 manu
473 3988 596 4056 bellica
616 3988 851 4077 rempublicam
877 3989 1044 4078 ampliare.
1084 3989 1167 4058 Mox
1192 4006 1308 4074 regem
1327 3988 1400 4056 Bo-

263 4087 372 4156 bemie
396 4089 644 4177 proscriptione
666 4087 800 4176 publica
823 4087 980 4176 dampnat
998 4094 1156 4178 tanquam
1173 4089 1306 4158 hostem
1327 4085 1400 4154 Ro-

297 4213 328 4280 1)
349 4211 442 4270 Oelele
461 4215 606 4272 rermutbut
624 4227 653 4270 es
672 4215 711 4269 sei
730 4229 763 4269 zu
781 4214 876 4271 lesen:
895 4215 1001 4285 prediti.
