3096 4882
276 183 347 254 2136
639 215 707 261 3333
728 215 837 261 3333333
856 215 965 271 333333
985 216 1045 261 rur.

193 352 425 421 333313333333
452 352 564 422 13313333
589 359 738 422 mortuus
771 358 874 422 esset.
925 354 1019 424 Tune
1043 357 1279 442 paternoster
1303 349 1394 420 audi-

275 454 316 521 tis
339 452 458 520 litteris
476 451 572 520 dixit:
597 451 758 520 Miramur
774 453 872 520 33133
888 452 1074 539 3333313333,
1100 454 1179 539 puio
1190 453 1279 534 filius
1295 453 1397 548 noster

273 554 408 618 mortem
438 552 541 636 ipsius
572 549 665 631 33333
702 555 778 619 ante
805 552 1011 637 predixerat.
1061 552 1104 620 Et
1133 552 1269 621 multum
1300 549 1397 617 mimti
1480 630 1482 634 ,

273 655 351 718 sunt
375 651 448 738 ipse
475 655 508 718 et
535 650 690 740 Thomas,
717 651 827 719 nullus
851 657 962 720 tamen
982 656 1061 740 post
1083 650 1147 719 1333
1173 651 1216 719 33
1241 652 1305 718 3333
1328 667 1397 716 ma-

278 750 361 817 33333
386 766 461 818 oum
486 750 569 838 ipsis
597 748 657 817 luit
681 748 825 818 loeutus.

345 848 426 916 Post
440 848 505 915 heo
519 853 614 936 pater
631 854 747 916 noster
769 847 888 916 videns
906 847 996 935 3333
1015 865 1164 938 expense
1181 849 1245 916 sibi
1263 847 1396 915 defieie·

190 971 192 976 ·
270 946 352 1014 bant
386 952 420 1014 et
445 965 599 1033 guerram
624 947 763 1016 ulterius
798 947 884 1015 ierne
917 955 1033 1016 eontra
1058 947 1227 1036 predictos
1253 947 1399 1016 dominos

270 1045 469 1114 Lombardie
495 1063 563 1115 non
589 1051 724 1137 posset,
752 1046 913 1132 oogitovit
938 1046 980 1113 (le
1006 1064 1143 1114 reoessu
1170 1065 1253 1136 suo,
1280 1051 1314 1114 et
1339 1063 1398 1114 vo·

270 1144 361 1212 lebat
386 1145 484 1213 nobis
511 1145 714 1214 committere
742 1145 877 1213 easdem
900 1147 1051 1213 civitates
1070 1151 1103 1214 et
1128 1164 1292 1232 guerram.
1330 1143 1396 1212 Nos

269 1258 349 1311 vero
376 1246 618 1332 reousavimus,
651 1245 728 1330 quia
755 1262 828 1312 eum
859 1243 985 1312 honore
1013 1262 1214 1313 conservare
1241 1261 1310 1312 non
1334 1260 1396 1332 po-

269 1347 427 1412 teramus.
469 1343 562 1410 Tune
587 1342 667 1412 3333
692 1342 789 1414 331333
813 1345 954 1411 licencia
971 1343 1150 1412 reoedendi
1172 1345 1323 1432 premisit
1338 1357 1397 1410 nos

269 1459 388 1510 versus
413 1442 594 1512 Boemiam.
637 1443 678 1510 Et
696 1444 838 1530 receptis
862 1443 990 1528 treugis
1010 1460 1084 1511 oum
1110 1443 1251 1511 inimiois
1278 1442 1396 1511 nostris

269 1541 481 1608 transivimus
514 1559 574 1630 per
600 1543 796 1610 territorium
822 1541 1038 1610 Mantuanum
1064 1543 1099 1609 in
1126 1541 1312 1631 Veronam,
1338 1539 1398 1608 ab·

268 1639 346 1707 3333
371 1642 406 1708 33
423 1641 612 1708 eomitatum
627 1642 773 1728 Tyrolis.
816 1641 879 1708 Ubi
900 1642 1085 1710 invenimus
1103 1639 1233 1709 fratrem
1254 1645 1399 1709 nostrum

269 1741 402 1806 nomine
418 1739 610 1828 Iohannem,
633 1757 732 1826 quem
747 1744 841 1827 pater
861 1745 977 1808 noster
995 1740 1211 1828 oopulaverat
1224 1739 1289 1808 filie
1307 1737 1398 1808 33333

269 1837 817 1926 333333333333333333333333133.
859 1836 922 1918 Qui
939 1837 1016 1929 dux,
1038 1856 1137 1907 33333
1160 1838 1267 1908 iratris
1280 1837 1398 1924 nostri,

270 1935 431 2004 habuerat
448 1937 539 2023 prius
558 1954 707 2004 sororem
726 1943 839 2005 matris
853 1943 970 2006 nostre
986 1939 1121 2007 nomine
1138 1935 1278 2027 Annam,
1308 1941 1401 2027 prout

270 2036 425 2122 superius
458 2036 615 2123 seriptum
650 2042 712 2104 est.
759 2036 839 2105 Post
869 2037 995 2105 obitum
1024 2055 1106 2106 vero
1134 2039 1205 2106 eius
1231 2038 1401 2124 receperat

268 2151 406 2201 uxorem
433 2150 581 2202 sororem
607 2133 701 2202 33333
728 2133 770 2202 33
796 2136 1007 2226 Brunswioh,
1035 2154 1107 2204 oum
1134 2155 1201 2224 qua
1223 2135 1401 2224 prediotam

270 2231 368 2300 313333
395 2231 557 2300 habuerat
582 2235 716 2301 nomine
746 2233 990 2320 Margaretham
1026 2235 1067 2303 Et
1093 2254 1166 2304 oum
1194 2235 1313 2303 eadem
1339 2233 1401 2302 33-

268 2330 362 2399 33333
394 2330 485 2399 333333
514 2336 631 2401 333333
663 2338 741 2421 post
772 2333 896 2401 31333333
923 2351 1019 2402 3333
1045 2333 1201 2402 3333333
1227 2332 1395 2402 Κ333331333

267 2435 300 2498 33
327 2432 516 2500 eomitatum
543 2432 693 2522 Tyrolis,
721 2449 796 2499 nam
831 2432 926 2520 prole
959 2433 1145 2501 maseullna
1173 2433 1318 2501 oarebat.
1360 2431 1400 2500 Et

267 2531 316 2598 333
349 2548 415 2618 pax
448 2528 538 2598 laeta
569 2536 641 2599 erat
673 2532 758 2598 inter
792 2549 867 2599 eum
894 2537 926 2598 et
957 2537 1084 2619 patrem
1109 2537 1269 2601 33333333.
1315 2529 1398 2612 Quia

266 2634 343 2696 ante
385 2634 479 2697 erant
512 2629 632 2698 inimioi
669 2635 805 2718 propter
839 2630 1070 2718 expulsionem
1104 2630 1254 2699 eiusdem
1288 2629 1394 2718 33333,

267 2746 364 2814 quem
396 2735 491 2816 pater
523 2734 639 2796 noster
671 2729 844 2816 expulerat
870 2728 911 2797 33
938 2730 1094 2818 Β333333,
1121 2735 1220 2817 prout
1246 2731 1399 2818 superius

267 2828 425 2914 seriptum
451 2831 514 2894 est.
563 2826 694 2895 Deinde
730 2829 941 2896 transivimus
975 2847 1034 2917 per
1059 2829 1233 2897 Bovarium
1260 2827 1398 2896 313333-

265 2927 416 2992 venimus
444 2942 592 2994 33333333
618 2933 766 2994 nostram
792 2929 958 2996 seniorem
985 2929 1117 2995 nomine
1138 2927 1395 3014 Margaretham

268 3041 332 3110 que
358 3025 493 3091 unioum
520 3023 620 3092 hlium
642 3024 785 3094 habebat
811 3044 883 3093 oum
901 3026 1046 3095 Henrioo
1064 3025 1150 3094 3333
1168 3027 1308 3094 Bovario
1330 3031 1397 3094 no-

193 3153 251 3194 333.
270 3123 357 3190 mine
383 3121 575 3192 1313333333.
622 3123 753 3192 Deinde
773 3127 986 3213 pervenimus
1011 3128 1044 3194 in
1062 3126 1248 3217 boemiam,
1277 3125 1319 3194 de
1337 3141 1402 3212 qua

270 3222 396 3289 absens
423 3220 589 3292 lueremus
615 3222 769 3292 undeoim
796 3227 902 3292 33333.

342 3320 533 3390 Invenimus
551 3327 660 3390 autem
679 3322 770 3410 qnod
794 3323 920 3410 aliquot
943 3324 1039 3391 annis
1060 3329 1137 3392 ante
1157 3329 1261 3392 mater
1283 3327 1399 3392 nostra

269 3418 358 3488 diota
399 3420 583 3509 Elyuabeth
622 3429 750 3490 mortua
785 3431 863 3490 erat.
909 3422 988 3510 Ipsa
1020 3439 1101 3490 vero
1136 3425 1270 3491 vivente
1304 3439 1400 3490 soror

267 3525 382 3588 nostra
404 3520 687 3610 seeundogenita,
715 3521 879 3612 filiasue,
906 3522 1040 3590 nomine
1067 3521 1171 3613 Guta,
1202 3523 1306 3590 misse
1331 3521 1401 3590 erat

265 3619 301 3686 in
326 3619 496 3688 Franelam
524 3625 557 3688 et
583 3619 739 3707 eopulata
763 3620 903 3689 Iohanni
922 3621 988 3688 lilio
1012 3621 1233 3708 primogenito
1259 3619 1398 3708 Philippi

267 3719 357 3804 regis
380 3719 530 3809 orarem,
558 3719 653 3786 33133
675 3736 824 3788 sororem
850 3721 985 3788 nomine
1004 3719 1177 3788 Blanozam
1196 3719 1401 3788 habebamus

267 3816 300 3884 333
332 3834 482 3887 uxorem.
532 3817 650 3886 Tereia
683 3835 764 3885 vero
799 3835 895 3886 soror
925 3823 1042 3886 nostra
1068 3825 1102 3888 33
1126 3820 1239 3888 ultima
1264 3819 1398 3886 nomine

266 3911 364 3984 Anna
391 3921 462 3984 erat
488 3923 567 4004 aput
592 3915 712 3984 dietam
740 3934 888 3986 sororem
914 3923 1062 3987 nostram
1086 3920 1121 3988 in
1146 3920 1286 3988 Franoia
1310 3923 1399 3984 tern-

242 4015 403 4101 poribus
436 4015 511 4084 illis.
561 4016 602 4083 Et
637 4033 788 4084 333333
822 4018 1032 4086 venissemus
1065 4019 1099 4085 in
1134 4019 1302 4086 Boemiam
1328 4032 1398 4083 non

266 4114 453 4181 invenimus
480 4132 544 4182 nee
563 4120 689 4202 patrem
716 4132 780 4182 neo
799 4121 933 4184 33333333
960 4133 1023 4184 333
1049 4115 1179 4185 fratrem
1207 4133 1269 4184 neo
1296 4129 1398 4182 soro-

267 4230 320 4280 res
356 4230 418 4280 3333
453 4213 595 4300 aliquem
631 4219 755 4283 notum.
808 4215 949 4286 Ydioma
981 4235 1115 4305 quoque
1140 4217 1327 4286 Boemioum
1356 4230 1398 4281 ex
