3028 4878
430 189 577 237 rouumum
597 190 806 239 rrcrorurusrs.
842 189 867 260 6,
885 194 908 244 5.
1171 165 1242 233 lli
1275 203 1285 215 ·

105 326 175 395 Sed
192 326 288 415 dous,
316 328 371 413 qui
387 336 551 396 merentes
568 329 667 415 erigit
681 331 855 422 sospitato,
884 332 940 418 qui
957 331 1111 400 vuluerat
1124 337 1241 400 etme-
1262 341 1329 397 1336

102 425 209 515 detur,
236 427 363 514 pectori
390 427 585 496 inlirmantis
613 429 869 497 misericorditer
895 431 1085 518 instillavit,
1112 436 1148 498 ut
1175 448 1243 499 vo-

103 530 171 593 tum
198 524 407 610 ingrediendi
435 526 633 612 religionem
659 529 868 615 conciperet3
897 548 916 596 a
942 547 1008 616 quo
1036 528 1148 598 divelli
1175 547 1244 597 non

102 624 211 711 potuit
243 641 306 691 nec
339 624 494 711 precibus
529 643 593 692 nec
628 627 777 693 consiliis
816 627 1019 696 familiarium
1054 629 1244 696 amicorum.

102 720 318 790 Presenlibus
353 723 454 808 igitur
482 731 515 790 et
540 723 699 814 preclaris
735 725 839 793 turbis
871 726 1029 794 nobilium
1057 725 1243 815 adhortata,

102 838 166 888 nec
194 827 261 887 tum
287 839 306 888 a
333 824 506 910 proposito
522 839 596 891 suo
623 829 726 911 mota,
753 825 840 892 intra
866 827 976 893 menia
1001 825 1091 894 urbis
1119 824 1242 892 Wien-

102 921 221 988 nensis
257 937 294 988 se
322 920 436 988 divino
464 923 599 991 servitio
628 921 689 989 sub
723 924 982 1008 regulasancta
1011 923 1105 992 Clare
1133 922 1244 992 devo-

103 1020 230 1086 tissime
248 1020 465 1109 mancipavit,
492 1020 733 1088 sufficientibus
758 1023 788 1088 ci
808 1039 869 1110 pro
888 1024 956 1090 vite
977 1027 1243 1091 sustentamento

102 1117 321 1206 proventibus
342 1117 519 1207 deputatis,
548 1137 661 1187 secum
684 1121 807 1207 pariter
826 1139 900 1188 cum
921 1123 990 1190 suis
1012 1122 1161 1209 pluribus
1181 1138 1245 1189 so·

102 1215 234 1284 delibus
250 1217 470 1285 subeuntibus
480 1217 566 1286 idem
580 1221 705 1305 iugum.
732 1219 854 1306 Sicque
873 1223 993 1307 spretis
1011 1221 1110 1288 buius
1132 1218 1245 1287 mundi

103 1314 339 1405 deliramentis
368 1315 501 1384 claustri
529 1319 623 1403 eligit
649 1317 855 1408 clausuram,
879 1319 934 1386 ubi
962 1337 1000 1387 se
1027 1325 1184 1407 tanquam
1211 1320 1245 1386 in

103 1413 292 1483 cubiculum
319 1433 392 1482 cum
419 1433 546 1502 sponso
572 1416 762 1505 includens,
789 1417 866 1486 velo
894 1435 990 1486 sacro
1015 1425 1175 1507 suscepto
1202 1416 1245 1485 de

102 1512 255 1580 manibus
289 1512 455 1582 Cbunradi
488 1514 690 1583 venerabilis
726 1515 904 1586 Gurcensis
932 1517 1104 1606 episcopi,
1133 1515 1244 1584 dicero

100 1610 277 1680 videbatur
296 1612 377 1681 illud
393 1612 583 1682 Salomonis
610 1617 643 1682 in
670 1612 834 1682 Canticis:
861 1614 1035 1704 „Dilectus
1062 1632 1157 1682 meus
1183 1614 1243 1681 lo-

103 1713 215 1797 quitur
241 1711 338 1780 michi
365 1717 398 1779 et
424 1729 489 1798 ego
516 1710 597 1783 illi.“
637 1713 678 1781 Et
703 1714 797 1780 item:
832 1715 929 1802 „Ego
956 1712 1079 1782 dilecto
1107 1731 1181 1781 meo
1209 1717 1244 1780 et

102 1808 143 1878 ad
170 1827 224 1876 mo
251 1812 428 1880 conversio
457 1810 564 1880 eius.“
599 1811 760 1898 Cogitans
788 1814 897 1903 etiam,
925 1812 1016 1900 quod
1039 1810 1243 1881 Anshelmus

102 1909 198 1977 dicit:

201 2004 291 2097 „Res
319 2007 417 2078 huius
443 2009 555 2078 mundi
582 2013 661 2076 sunt
684 2009 858 2078 instabiles
883 2009 976 2078 velut
1003 2010 1094 2101 bora,

227 2105 289 2174 Pro
316 2107 438 2176 nichilo
466 2108 589 2176 debent
614 2109 759 2197 reputari
786 2115 908 2177 cuncta
930 2106 1089 2179 decora.“

101 2291 153 2358 De
173 2287 383 2374 profectione
409 2286 531 2354 alberti
557 2288 649 2354 ducis
673 2289 722 2355 ud
745 2289 823 2356 locu
847 2292 990 2370 saneim·
1016 2291 1049 2356 et
1072 2289 1113 2356 dc
1137 2288 1245 2356 redito

202 2387 271 2453 nus
297 2388 330 2454 io
354 2386 530 2454 Aesimum.
1097 2389 1178 2473 Cup.
1203 2387 1244 2453 ot.

174 2499 274 2570 Anno
294 2502 417 2570 domini
434 2503 682 2571 mcccxxxuii.
696 2500 854 2572 Albertus
875 2504 943 2572 dux
960 2505 1149 2592 superiores
1169 2501 1244 2570 dis·
1264 2514 1331 2568 1337

99 2602 214 2690 posuit
228 2601 373 2669 invisere
389 2601 559 2687 regiones.
594 2600 636 2668 Et
653 2600 730 2670 dum
754 2604 905 2672 civitates
924 2609 1023 2690 atque
1040 2603 1243 2670 munitiones
1325 2643 1328 2650 ,

101 2719 161 2768 sue
196 2699 334 2768 ditionis
368 2700 562 2789 lustrasset,
591 2716 630 2766 ac
664 2719 725 2789 pro
755 2704 956 2770 necessitate
985 2719 1159 2770 causarum
1184 2717 1245 2788 per

100 2799 345 2887 providentiam
362 2799 563 2886 ordinasset,
582 2803 615 2866 ct
629 2816 702 2866 cum
715 2817 831 2868 sorore
846 2799 981 2887 Agnete
1002 2800 1112 2868 dulcia
1134 2798 1245 2866 collo-

101 2900 180 2985 quia
207 2904 241 2964 et
266 2904 352 2965 terre
380 2899 517 2983 negotia
543 2896 765 2986 disputasset,
793 2917 867 2967 cum
894 2899 1110 2967 familiaribus
1138 2896 1245 2965 bruno

100 2996 266 3083 fuscoque
294 2989 427 3064 habitu¹
453 2996 610 3087 induitur,
638 2997 810 3066 basilicam
835 2998 934 3066 beate
956 3000 1097 3086 virginis
1115 2992 1246 3084 Aquis-

99 3097 198 3181 grani
226 3097 372 3184 concipit
393 3096 538 3164 visitare.
571 3097 612 3163 Et
636 3095 713 3164 dum
737 3096 800 3164 sub
819 3097 932 3166 habitu
947 3097 1139 3166 humilitatis
1162 3095 1247 3163 olam

98 3193 284 3283 procedere
319 3200 496 3264 conaretur
529 3212 572 3262 ne
606 3201 871 3285 agnosceretur,
903 3196 1007 3264 latere
1034 3213 1102 3263 non
1128 3195 1247 3283 potuit.

102 3293 206 3362 Seda
227 3294 414 3362 civitatibus
437 3292 586 3379 undique
608 3295 787 3382 suscipitur
806 3300 839 3362 et
856 3294 1039 3364 honoribce
1057 3298 1247 3382 pertracta-

100 3398 169 3480 tur,
197 3393 391 3461 mirantibus
418 3393 595 3482 universis,
623 3391 702 3478 quid
720 3393 938 3480 portenderet
963 3396 1140 3480 ingressus
1162 3408 1245 3460 suus

101 3490 143 3560 ad
171 3492 245 3559 illas
272 3497 395 3582 partes,
424 3491 534 3559 donec
560 3490 682 3558 lactum
707 3491 816 3578 palam
845 3497 907 3581 cst,
936 3492 1027 3579 quod
1054 3491 1095 3559 ad
1123 3492 1246 3558 immo-

101 3590 238 3658 landum
266 3589 400 3660 domino
431 3591 578 3678 venerit,
606 3596 639 3657 et
665 3589 868 3657 offerendum
897 3607 956 3658 sue
984 3591 1138 3676 genitrici
1164 3588 1246 3656 dul-

100 3691 234 3758 cissime
253 3695 331 3758 vota
353 3707 424 3758 sua.
459 3688 624 3756 insistens
648 3690 761 3776 itaque
784 3688 954 3756 devotioni
976 3695 1009 3756 ct
1031 3688 1180 3776 orationi,
1208 3703 1245 3754 se

103 3806 177 3856 cum
204 3788 356 3858 omnibus
384 3795 543 3856 terrarum
570 3793 670 3873 atque
691 3805 821 3854 suarum
843 3804 1017 3854 causarum
1046 3787 1246 3874 oppressio-

102 3887 200 3955 nibus
228 3886 326 3955 bcate
361 3888 483 3973 virgini
518 3885 770 3954 commendavit.
809 3887 850 3954 Et
877 3888 963 3954 sicut
990 3885 1129 3954 allectus
1157 3901 1246 3951 con-

101 4003 250 4072 sequens
276 3986 439 4076 probavit,
467 4002 527 4073 pro
553 3984 656 4073 prolis
683 3983 773 4054 dono
796 3985 989 4075 suppliciter
1014 3981 1242 4072 interpellans,

102 4085 220 4153 obtulit
252 4085 402 4172 gloriose
435 4085 555 4171 virgini
581 4102 716 4151 aureum
751 4084 902 4176 calicem,
929 4085 1042 4170 magni
1068 4080 1240 4172 ponderis,

137 4203 168 4270 l]
186 4200 274 4258 babitu
291 4203 358 4260 babo
375 4203 416 4259 iob
435 4201 502 4258 nach
518 4201 618 4257 Porcus
636 4202 775 4271 rorscblag
793 4202 908 4271 ergiinzt.
