3002 4880
273 215 319 282 54
583 241 727 288 nonomen
748 240 785 286 nr
806 240 905 286 ersrrs
927 240 1092 286 rnrucreuu.

186 391 253 446 ¹³16
272 379 358 448 serre
391 395 459 448 non
492 378 662 470 valentes,
697 379 768 464 regi
793 377 957 447 Ludwieo
991 379 1127 446 nuntios
1153 378 1188 446 iu
1213 376 1385 446 Bawariam

273 479 474 568 direxerunt,
503 478 732 566 supplicantes
760 477 802 567 ei,
828 482 865 546 ut
888 479 925 544 in
951 477 1007 544 tali
1033 478 1235 546 necessitate
1257 477 1306 544 eis
1328 491 1387 542 noo

271 577 407 666 pigritat
441 576 638 667 subvenire,
673 577 823 663 alioquin
853 580 1007 665 oportere
1041 593 1102 644 eos
1137 593 1211 644 oum
1245 572 1386 642 hostibus

271 693 472 764 componere
499 678 650 762 quamvis
677 677 782 766 inviti,
809 691 852 744 ne
878 692 982 760 grave
1004 674 1180 763 dampnum
1208 680 1265 742 aut
1286 676 1389 758 jaeta-

270 792 339 844 ram
365 774 607 844 intolerabilem
632 777 702 863 pati
728 793 770 842 ex
799 775 856 842 tali
884 775 1076 860 gravamine
1103 773 1347 861 compellantur.

344 872 415 943 Rex
441 890 522 940 vero
549 875 636 942 siout
661 891 761 944 ursus
788 872 894 961 captis
922 873 1042 942 eatulis
1069 889 1107 942 so
1127 877 1232 940 totum
1254 869 1390 960 exponit,

271 975 322 1041 sio
347 974 421 1060 ipse
450 973 619 1040 civitatum
646 972 839 1041 disorimina
865 970 951 1040 ferre
971 989 1040 1040 non
1061 971 1190 1061 valens,
1217 971 1391 1041 vehemen-

270 1078 320 1140 ter
348 1070 467 1158 latigat
501 1071 565 1140 sibi
595 1073 748 1142 divitates
783 1069 983 1140 adherentes
1009 1070 1052 1139 de
1078 1069 1232 1138 lauoibus
1258 1068 1392 1138 hostium

269 1170 410 1238 liberare
442 1176 659 1257 promovente
689 1170 845 1240 Domino.
903 1169 942 1238 ln
978 1169 1071 1238 brevi
1105 1168 1245 1237 oolleoto
1280 1179 1392 1252 magno

272 1271 439 1358 exercitu,
475 1286 549 1336 oum
575 1270 719 1338 honesto
747 1270 904 1337 eomitatn
928 1269 1097 1356 prooessit
1122 1284 1241 1336 versus
1267 1266 1392 1336 Ezzlin-

272 1387 359 1454 gam.
411 1365 486 1448 Quo
513 1385 587 1435 oum
612 1369 841 1458 pervenisset,
868 1364 1035 1436 Australis
1062 1371 1134 1436 erat
1159 1366 1243 1446 ultra
1268 1365 1394 1434 lluvium

271 1467 480 1536 Neotarieum
507 1485 581 1536 eum
608 1483 671 1536 suo
700 1467 863 1556 exereitus
874 1467 972 1534 simul
997 1468 1070 1555 ipse
1093 1483 1277 1553 preparans
1302 1481 1337 1533 se
1356 1457 1393 1529 ud

273 1571 458 1655 eampestre
480 1564 603 1634 bellum
627 1577 711 1636 eum
729 1583 810 1652 rege
833 1564 1006 1633 Lndwioo.
1037 1563 1104 1632 Sed
1123 1581 1197 1632 oum
1223 1567 1339 1632 essent
1354 1559 1394 1628 ibi

272 1664 416 1752 quadam
435 1664 489 1733 die
508 1669 587 1753 post
613 1665 726 1734 horam
751 1679 976 1753 vesperarum,
1003 1681 1084 1732 easu
1111 1662 1298 1753 aonidente,
1325 1659 1395 1748 qoi-

271 1763 346 1834 dam
379 1764 520 1832 oliontes
546 1764 633 1830 inter
659 1782 697 1832 se
723 1761 895 1831 iracundia
926 1763 1084 1830 oonoitoti
1112 1761 1202 1831 bella
1226 1759 1397 1830 movebant

271 1863 306 1930 in
332 1861 466 1930 llnmine
493 1867 527 1930 et
551 1863 585 1928 in
612 1879 671 1930 ora
695 1862 830 1930 littoris.
855 1859 895 1930 Et
912 1859 964 1928 his
981 1861 1210 1950 pugnantibus
1229 1859 1336 1928 faetus
1351 1860 1397 1924 est

272 1961 431 2028 tumultus
449 1977 591 2045 magnus
611 1961 646 2028 in
662 1962 786 2049 populo
804 1966 837 2028 et
855 1961 1031 2049 personuit
1047 1959 1135 2048 apud
1155 1977 1284 2049 omnes,
1307 1954 1396 2045 quasi

271 2057 386 2128 horam
411 2060 536 2126 instare
563 2059 754 2146 pugnandi3
783 2077 850 2147 quo
877 2057 990 2128 audito
1010 2051 1140 2144 'singuli
1167 2075 1206 2126 se
1227 2058 1397 2147 preparant
1488 2141 1489 2148 ἵ

271 2157 315 2226 ad
347 2157 480 2226 bellum.
518 2156 634 2225 Multis
666 2159 767 2244 igilur
798 2157 1000 2226 irruentibus
1036 2163 1069 2225 et
1097 2157 1400 2226 adventantibusa
1488 2155 1490 2248 l

270 2256 421 2345 pluribus
454 2255 500 2322 ibi
535 2255 595 2323 luit
627 2259 784 2324 aoerrime
819 2255 1018 2325 dimioalum.
1076 2254 1196 2328 Comes
1231 2257 1320 2324 enim
1356 2252 1394 2321 de

272 2352 439 2445 Oettinga,
465 2355 521 2442 qui
539 2353 601 2422 luit
622 2354 664 2425 de
684 2362 778 2444 parte
801 2357 892 2441 regis
916 2354 1067 2423 Ludwiei
1091 2355 1136 2423 ibi
1153 2361 1313 2423 strennue
1332 2367 1400 2420 oum
1489 2349 1491 2424 ζ

271 2454 343 2522 suis
365 2455 538 2544 pugnavit,
567 2455 624 2541 qui
648 2456 747 2523 etiam
768 2453 913 2542 perdidit
929 2453 975 2520 ibi
1001 2452 1165 2540 quosdam
1186 2453 1227 2522 de
1245 2452 1397 2522 militibus
1489 2481 1490 2486 =

271 2554 343 2622 suis
369 2554 404 2620 in
430 2552 535 2641 prelio
562 2571 636 2622 oum
662 2554 773 2622 multis
801 2555 906 2641 equis.
933 2551 1092 2620 Nonnulli
1119 2554 1218 2620 etiam
1244 2551 1286 2621 de
1312 2554 1400 2640 parte

269 2649 436 2720 Australis
471 2656 549 2720 suut
582 2653 670 2741 eapti
697 2658 731 2721 et
754 2651 869 2740 plures
902 2649 1017 2736 gladio
1049 2651 1247 2738 interempti.
1288 2650 1400 2734 Pugna
1491 2663 1492 2666 ’

270 2750 327 2818 illa
354 2768 463 2819 errore
498 2749 588 2818 faota
614 2755 683 2840 est,
710 2752 788 2838 quia
814 2768 883 2819 non
909 2755 962 2818 est
987 2755 1066 2838 apto
1092 2751 1170 2818 looo
1197 2754 1231 2817 et
1256 2754 1401 2836 tempore

269 2851 414 2937 inoepta.
447 2848 631 2934 Pugnatum
659 2855 712 2916 est
737 2850 824 2916 enim
850 2850 916 2937 ibi,
943 2848 1004 2916 sed
1031 2848 1097 2916 diei
1122 2847 1197 2916 luoe
1223 2847 1400 2916 reeedente
1490 2875 1491 2878 ¹

270 2952 389 3014 neutra
420 2964 498 3033 pars
524 2947 743 3034 pugnantium
768 2947 874 3034 potita
901 2951 952 3016 est
978 2948 1129 3017 viatoria.
1169 2947 1210 3016 Et
1235 2948 1285 3014 sio
1311 2962 1401 3014 eam-

270 3045 374 3132 postri
400 3044 489 3112 bello
515 3044 673 3130 negleoto
705 3043 874 3134 pendente
899 3045 957 3112 lite
984 3047 1057 3114 sine
1084 3064 1168 3135 paoe
1194 3063 1269 3114 oum
1295 3042 1401 3112 dede-

272 3161 350 3210 eore
376 3144 495 3210 iterum
521 3144 562 3212 ab
589 3145 729 3212 invicem
759 3149 983 3214 recesserunt.

346 3241 425 3310 Post
447 3242 511 3310 heo
538 3240 715 3333 Australis
734 3260 794 3331 per
810 3248 967 3312 montana
991 3240 1216 3332 descendens,
1235 3238 1401 3309 Austriam

271 3340 382 3430 intrat,
402 3339 448 3406 ibi
474 3346 618 3409 moratur
632 3343 690 3411 illo
709 3359 808 3431 anno,
833 3341 932 3410 lratre
957 3358 1019 3410 suo
1034 3338 1208 3428 Leupoldo
1227 3341 1262 3408 in
1282 3337 1404 3408 Suevia

271 3443 474 3507 remanente.
499 3438 699 3510 Revertente
728 3441 816 3508 enim
839 3457 927 3508 anno
954 3444 1025 3508 tota
1048 3444 1157 3508 estate
1181 3435 1349 3506 Australis
1372 3438 1404 3502 et

272 3535 373 3605 irater
407 3553 489 3604 suus
524 3540 558 3605 in
591 3539 727 3606 Swevia
758 3544 937 3628 preparant
971 3556 1008 3606 se
1042 3542 1114 3607 toto
1149 3538 1343 3625 conamine,
1370 3537 1405 3601 ut

273 3634 480 3704 multitudine
507 3643 704 3708 armatorum
730 3637 881 3728 oolleota,
910 3655 1024 3723 rogem
1048 3634 1247 3704 Ludwioum
1271 3636 1307 3703 irr
1334 3633 1403 3702 Ba-

273 3737 379 3804 waria
403 3733 619 3826 invaderent,
647 3742 681 3804 et
706 3742 865 3822 quantum
890 3740 1033 3824 possent
1058 3735 1166 3823 ipsum
1193 3733 1405 3804 destruerent

192 3863 258 3918 1319
274 3839 308 3901 et
326 3834 490 3920 fugarent.
517 3833 590 3902 Heo
613 3836 713 3920 igitur
738 3842 890 3925 agentes,
918 3833 986 3902 dux
1009 3832 1196 3902 Friderious
1218 3835 1253 3901 in
1268 3830 1404 3902 Austria

275 3949 312 4000 se
330 3951 481 4023 movens,
510 3951 584 4002 oum
608 3935 756 4002 exorbito
772 3951 834 4000 suo
855 3949 963 4021 usque
987 3931 1028 4000 ad
1047 3933 1109 4000 Eoi
1128 3931 1263 4000 lluvium
1279 3945 1404 4000 aseen-

274 4030 385 4101 debat.
426 4032 493 4101 Sed
520 4039 551 4100 et
578 4029 771 4121 Leupoldus
805 4029 905 4100 frater
934 4033 1025 4120 eim,
1054 4048 1128 4098 enm
1156 4048 1277 4117 magno
1305 4045 1404 4106 exer-

274 4131 340 4196 citu
372 4133 511 4200 veniens
544 4132 729 4200 Baurariam
761 4132 956 4220 intraturus
985 4129 1054 4198 lixit
1079 4131 1222 4199 tentoria
1246 4130 1280 4196 in
1306 4126 1404 4196 metis

274 4227 408 4296 swern
432 4231 527 4313 juxta
551 4230 676 4299 Linum.
