3052 4878
280 171 325 240 72
592 199 707 246 nrconnr
729 201 774 246 ur.
797 199 936 246 eoraonr.
959 200 1092 246 ununrro.

195 359 264 412 raro
355 339 405 407 De
425 337 536 407 Kierio
559 339 704 407 venitin
725 335 788 406 Ast
812 339 899 406 circa
924 337 1043 408 testum
1068 339 1214 429 Martini,
1241 345 1274 406 et
1298 355 1402 407 secum

197 441 261 549 iffi·
281 442 408 526 partem
435 438 606 526 expulsam
633 437 824 529 introduxit,
851 441 885 505 et
910 436 990 506 lecit
1013 455 1132 527 pacem
1157 440 1243 506 inter
1268 455 1336 507 eos,
1359 437 1403 504 lbi

282 536 359 604 iecit
377 539 533 605 vicarium
552 536 720 606 dominum
737 536 910 605 Nicolaum
934 536 976 605 de
997 537 1263 623 Bonsignoribns
1286 535 1326 604 de
1344 535 1404 604 Se-

282 638 345 704 nis.
372 636 457 705 Pace
485 642 593 705 autern
620 635 708 704 laeta
733 636 819 703 inter
838 653 908 726 eos,
935 636 980 704 ibi
1004 637 1109 723 primo
1130 637 1279 724 percepit
1299 638 1404 702 inten-

283 737 407 803 tionem
434 737 524 821 regis
547 734 692 804 Roberti.
720 733 805 815 Quia
820 735 898 803 licet
915 734 1012 803 luerit
1027 735 1206 825 publicum,
1234 734 1406 821 quodcum

283 852 325 903 eo
352 834 547 903 societatem
572 827 763 925 naberent1,
790 838 827 901 ut
847 852 935 902 unus
955 833 1054 902 alium
1079 835 1209 902 iuvaret
1235 831 1407 902 secundnm
1509 898 1510 907 ,

284 932 427 1020 quedam
458 938 575 1023 pacta,
602 935 675 1002 sinc
709 936 818 1000 tamen
845 933 910 1002 alio
936 934 1120 1002 iuramento
1148 933 1258 1020 aliquo
1284 930 1407 1020 publico
1511 957 1512 960 ¹

284 1032 423 1100 alicuius
450 1031 629 1123 fidelitatis,
656 1050 717 1120 per
742 1031 829 1100 dnos
855 1050 998 1118 magnos
1025 1031 1067 1100 de
1095 1031 1235 1120 Solario,
1263 1033 1407 1119 quiante

284 1130 462 1199 adventum
495 1149 590 1198 suum
617 1131 888 1222 dominabantur,
916 1130 977 1198 luit
1009 1130 1073 1198 sibi
1097 1133 1279 1198 intimatum
1308 1135 1340 1197 et
1361 1130 1409 1194 in-

284 1235 498 1298 strumentum
524 1235 748 1320 apportatum,
776 1229 945 1317 quomodo
977 1248 1060 1316 roge
1085 1228 1230 1298 Roberto
1260 1231 1410 1297 veniente

286 1329 327 1397 de
363 1331 597 1420 coronatione,
625 1331 690 1417 ipsi
722 1335 888 1396 secretum
920 1331 1136 1397 iuramentum
1172 1327 1236 1395 sibi
1268 1327 1413 1396 icoemnt

287 1430 374 1496 siout
400 1427 544 1518 domino,
573 1433 607 1496 et
622 1429 695 1517 ipse
715 1430 774 1496 eis.
802 1426 870 1496 Sed
896 1427 986 1496 istud
1003 1446 1072 1496 uon
1098 1427 1243 1496 debebat
1267 1425 1411 1513 revelari,

286 1526 396 1595 donec
422 1529 581 1597 sanctitas
607 1534 719 1596 vestra
745 1527 877 1615 publice
904 1525 1098 1596 ostenderet
1127 1525 1291 1616 allectum,
1321 1540 1412 1612 quem

286 1625 328 1694 ad
356 1645 430 1695 eum
455 1626 640 1714 habebatis
669 1633 702 1695 et
728 1625 896 1713 quomodo
913 1628 1069 1695 voluntas
1086 1631 1200 1694 vestra
1219 1630 1299 1714 erat,
1329 1619 1413 1712 quod

284 1728 358 1813 ipse
385 1732 553 1795 cresceret
577 1728 610 1793 in
635 1724 844 1813 Lumbardia,
873 1731 905 1792 et
930 1727 964 1792 in
987 1725 1081 1792 brevi
1103 1743 1165 1793 vos
1192 1720 1412 1812 promiseratis

286 1825 349 1893 sibi
371 1824 551 1893 ostendere
571 1843 631 1912 per
654 1824 817 1913 ellectum,
843 1830 943 1913 prout
960 1842 1025 1909 ego
1052 1824 1171 1891 melius
1197 1831 1338 1911 possum
1360 1838 1413 1888 re-

287 1922 427 1991 cordari.
460 1923 527 1990 lsta
554 1921 614 1990 luit
646 1923 813 1991 sententia
847 1923 1021 1990 verborum
1053 1923 1184 1991 illorum
1209 1921 1351 1990 duorum
1376 1917 1413 1986 de

287 2021 437 2106 Solari03
466 2040 551 2108 quos
579 2041 644 2108 ego
672 2024 700 2091 si
726 2022 882 2112 viderem,
905 2039 1168 2112 cognoscerem,
1196 2021 1257 2089 sed
1283 2021 1415 2090 nomina

286 2122 418 2207 ignoro.
444 2121 589 2189 Presens
617 2121 677 2189 luit
698 2122 731 2188 in
758 2120 831 2188 istis
852 2123 978 2212 regina,
1006 2121 1124 2190 iratres
1148 2122 1209 2210 sui,
1237 2121 1414 2209 episcopus

288 2219 496 2287 Gebenensis
519 2225 552 2287 et
570 2238 646 2306 ego.
672 2220 834 2289 Dominus
853 2225 931 2308 post
948 2238 1119 2289 recessum
1136 2220 1264 2287 illorum
1282 2218 1417 2287 duorum

287 2318 364 2385 mihi
396 2321 546 2407 precepit
578 2318 669 2407 quod
701 2318 782 2387 illud
808 2319 1061 2388 instrumentum
1089 2337 1154 2406 ego
1182 2318 1417 2386 comburerom.

287 2416 385 2497 Quod
401 2424 434 2485 et
451 2417 523 2486 leci.
550 2418 694 2487 Nolebut
711 2425 830 2507 autem,
858 2418 949 2506 quod
969 2436 1115 2506 nuquam
1137 2424 1257 2506 posset
1272 2415 1416 2502 ostendi,

287 2534 329 2584 ex
355 2533 421 2604 quo
448 2535 549 2586 unum
580 2535 658 2586 asse
686 2516 853 2586 debebant
880 2524 1012 2606 propter
1038 2517 1241 2606 parentelam
1267 2515 1417 2603 futuram,
1509 2563 1510 2571 κ

286 2621 320 2684 ct
344 2618 451 2704 ipsum
478 2618 671 2707 excusabat,
700 2616 833 2685 dicens:
860 2619 950 2702 qood
969 2617 1057 2698 filius
1083 2621 1150 2682 tum
1170 2615 1268 2701 prodi
1293 2615 1357 2682 uiri
1382 2614 1419 2680 de
1503 2615 1510 2700 ,ᾗ

286 2718 445 2802 conpone
478 2714 564 2783 droti
589 2716 744 2784 Ludootci
768 2721 866 2784 nutus
896 2733 1060 2801 nunquam
1083 2716 1217 2801 luceret
1240 2713 1307 2780 tole
1334 2711 1419 2799 quid,
1509 2745 1512 2788 ;

286 2815 347 2880 red
368 2815 456 2897 sorte
480 2814 650 2882 coendum
675 2833 768 2882 ouum
789 2816 897 2900 potuit
918 2813 982 2882 doc
1005 2815 1132 2900 fucore.

360 2911 398 2979 ln
413 2913 471 2981 illo
489 2913 565 2981 loco
586 2912 737 3000 diligenti
762 2919 794 2981 et
811 2917 937 2982 maturo
963 2914 1105 2982 consilio
1129 2913 1241 2980 habito
1267 2911 1309 2980 dc
1329 2929 1418 2979 mar-

289 3010 446 3078 chionatu
479 3011 717 3082 Montisierrati
749 3014 843 3082 cuins
870 3018 978 3102 esset,
1004 3014 1131 3081 invenit
1156 3010 1246 3099 quod
1273 3010 1420 3079 marchio

289 3108 493 3177 Salaciarum
520 3111 645 3179 nullum
670 3114 722 3180 ius
748 3112 901 3180 habebat.
939 3110 1033 3178 Licet
1058 3117 1168 3178 autem
1193 3112 1278 3178 inter
1303 3109 1421 3177 ambos
1509 3147 1510 3150 =

288 3209 508 3299 marchioneS,
537 3213 592 3296 qui
619 3211 766 3280 eiusdem
793 3211 912 3280 domus
940 3209 1082 3300 luerunt,
1110 3209 1208 3277 luerit
1234 3208 1423 3277 ordinatum

289 3323 348 3394 per
374 3311 572 3376 testamenta
599 3327 722 3401 eorum,
750 3310 840 3398 quod
860 3311 1008 3378 sianum
1034 3310 1223 3394 contigeret
1243 3309 1327 3376 mori
1349 3309 1423 3376 sine

289 3403 423 3496 herede,
451 3406 535 3475 alins
559 3407 767 3499 succederet,
795 3414 828 3476 et
848 3407 994 3476 marchio
1014 3406 1253 3476 Montislerruti
1275 3411 1425 3475 mortuus

290 3501 388 3571 suerit
413 3505 486 3573 sine
513 3506 647 3598 herede,
674 3507 802 3576 habens
824 3526 923 3576 unam
940 3524 1109 3598 sororem,
1136 3506 1225 3575 unde
1243 3507 1306 3573 ista
1323 3509 1425 3573 natus

291 3608 354 3693 est,
381 3605 437 3689 qui
463 3605 526 3671 iam
552 3606 696 3675 marchio
725 3613 788 3696 est,
815 3606 943 3675 ratione
970 3608 1064 3674 cuius
1091 3605 1221 3674 dicebat
1245 3623 1282 3673 se
1299 3603 1427 3672 habere

289 3703 353 3791 ine,
382 3702 511 3770 scilicet
536 3706 666 3795 matris,
695 3723 760 3791 que
786 3703 846 3772 luit
874 3721 970 3774 soror
992 3705 1095 3773 ultimi
1121 3704 1341 3793 marchioniS,
1371 3702 1428 3791 qui

291 3800 390 3868 filiam
422 3803 548 3870 comitis
583 3803 750 3871 Sabaudic
785 3803 928 3871 habebat
960 3805 994 3870 in
1028 3821 1182 3890 uxorem,
1211 3804 1288 3889 quia
1313 3807 1427 3870 tamen

291 3901 325 3966 in
352 3905 417 3967 tam
443 3900 610 3970 nobilibus
644 3901 753 3972 leodis
786 3919 921 3971 sorores
947 3921 1016 3970 non
1042 3901 1246 3991 succedunt,
1273 3918 1338 3968 nec
1366 3918 1429 3971 or-

292 3997 417 4068 dinatio
451 4006 565 4088 potest
598 4001 668 4070 fieri
700 4003 811 4089 aliqua
837 4003 911 4070 sine
938 4019 1107 4070 consensu
1134 4002 1331 4090 superioris,
1361 3998 1429 4068 de-

291 4097 449 4167 claratum
478 4097 537 4167 luit
561 4100 607 4168 ibi
632 4119 692 4189 per
718 4119 849 4192 regem,
878 4101 967 4189 quod
994 4105 1111 4168 neuter
1143 4117 1255 4174 eorum
1281 4097 1431 4168 habehat

328 4224 357 4289 l)
376 4223 491 4280 Nimlich
509 4225 642 4283 Astanses.
