3028 4878
527 197 654 247 urcnnaa
676 201 909 246 uanarroransrs.
955 221 956 224 =
1218 174 1289 244 bit

148 339 336 427 barnaban,
351 337 525 426 sepedicto
542 338 738 426 Burgbardo
756 344 1004 427 cooperatorem
1025 338 1166 428 indolem,
1189 359 1289 426 mag-

146 455 212 504 nas
240 437 371 505 divitias
397 437 637 528 possidentem,
665 437 891 524 Wignandum
919 439 1025 506 civem
1042 438 1288 523 Mogontinen-

147 554 229 625 sem,
259 538 315 623 qui
344 554 514 604 consensu
541 533 727 605 Adilheidis
756 539 910 624 coniugis
936 538 1000 625 ipsi
1016 536 1204 605 omnimode
1221 554 1286 606 oo*-

147 634 357 724 cperabatur.
398 634 500 702 Cuius
528 637 631 703 eciam
666 636 806 704 consilio
833 642 866 704 et
893 653 1027 703 suorum
1053 654 1286 722 germanorum

148 740 182 800 et
208 736 385 802 amicorum
413 733 658 803 collaudatione
685 737 921 802 monasterium
942 733 1109 820 Kamberg
1125 733 1286 803 offerebat

149 838 267 901 sancto
285 832 429 901 blartino
456 832 518 900 sub
544 834 786 921 protectionem
811 833 1120 922 archiepiscopatus
1132 832 1285 920 Mogon-

147 933 302 1015 binensis
330 938 364 998 et
390 931 481 1019 quod
507 932 611 1000 abbas
638 932 898 1018 bambergensis
922 931 1204 1001 confirmationem
1223 950 1285 1002 ac-

150 1031 251 1118 cipiat
275 1029 407 1120 ibidem,
435 1036 468 1098 et
494 1030 535 1098 ab
562 1033 723 1119 episcopo
744 1031 980 1121 Herbipolensi
1007 1030 1283 1122 benedictionem,

146 1128 305 1216 quodque
340 1130 481 1215 singulis
509 1132 605 1198 annis
637 1131 671 1197 in
698 1128 784 1198 sesto
812 1131 919 1198 sancti
944 1130 1076 1197 Martini
1104 1130 1199 1198 detur
1224 1149 1284 1219 pro

143 1246 251 1296 censu
277 1229 372 1295 mitra
396 1229 597 1316 pontificalis
625 1235 658 1296 et
684 1228 750 1297 duo
779 1229 974 1319 corporalia.
1009 1228 1205 1297 Dedicatum
1232 1236 1285 1298 est

143 1334 253 1395 autem
272 1328 509 1396 monasterium
533 1327 700 1414 llamberg
722 1328 763 1395 ab
782 1326 993 1396 Adalberone
1009 1328 1170 1417 episcopo
1193 1327 1284 1396 Her-

143 1426 311 1514 bipolensi
330 1428 364 1494 in
383 1426 511 1494 bonore
535 1428 642 1494 sancti
661 1427 801 1514 Nyoclai
821 1446 910 1496 anno
935 1425 1059 1494 domini
1083 1428 1283 1496 mlxxxviii.

143 1524 326 1592 indictione
341 1527 384 1615 xi,
403 1525 523 1593 xiilral.
534 1525 672 1592 ianuarii
688 1532 850 1612 regnante
870 1525 1026 1593 Heinrico
1042 1532 1171 1612 quarto.
1199 1526 1285 1594 Sunt

143 1626 249 1692 eciam
275 1625 309 1690 in
336 1625 411 1712 ipso
439 1625 581 1692 cenobio
608 1624 736 1713 capelle
763 1632 797 1693 et
823 1625 938 1692 altaria
965 1623 1225 1710 quatuordecim.

216 1722 406 1791 Notandum
424 1724 528 1790 colam
554 1722 646 1810 quod
672 1723 824 1792 dominns
850 1723 1026 1792 Heinrious
1044 1740 1158 1791 eomes
1176 1722 1283 1790 ‘irater

141 1821 499 1910 predictorumpartem
516 1840 576 1890 sue
588 1821 781 1890 hereditatis
794 1822 857 1889 sibi
872 1822 1073 1910 vendicavit,
1088 1840 1128 1889 ac
1146 1840 1281 1890 uxorem

142 1922 277 1990 nomine
305 1921 396 1988 Gaba
422 1919 525 2011 duxit,
553 1926 586 1988 et
612 1921 795 1988 advocatus
822 1923 1034 1990 eeclesiarum
1052 1919 1281 2009 Herbipolen-

142 2023 190 2088 sis
216 2019 478 2106 llambergensis
514 2025 547 2086 et
572 2017 761 2105 Orengewe
796 2018 873 2110 luit,
901 2020 1012 2088 multis
1040 2021 1136 2087 annis
1162 2025 1282 2108 postea

141 2118 210 2187 dux
238 2117 387 2186 allectus.
431 2117 499 2186 Sed
526 2136 599 2186 cum
633 2118 777 2187 heredes
804 2137 871 2187 non
898 2119 1053 2206 baberet,
1080 2120 1194 2206 posuit
1219 2135 1281 2186 sue

141 2219 390 2305 cooperationis
417 2216 560 2305 lapidem
595 2235 696 2306 super
725 2217 972 2286 fundamentum
999 2215 1118 2285 domus
1145 2218 1281 2305 domini,

140 2319 392 2403 construxitque
420 2317 595 2384 ecclesiam
625 2319 732 2384 sancti
759 2316 870 2402 Egidii
896 2319 931 2384 in
957 2314 1280 2405 Minori-bamberg,

140 2417 173 2482 in
210 2433 277 2501 qua
309 2420 452 2502 quatuor
489 2422 567 2482 sunt
598 2415 723 2482 altaria.
764 2413 866 2482 Dedit
898 2414 1131 2482 nichilominus
1166 2415 1281 2481 maiori

139 2514 306 2600 Kamberg
333 2513 433 2602 opida
458 2512 654 2599 Retenburg
681 2518 714 2580 et
746 2513 927 2604 Nirmberg,
964 2513 1076 2581 villas:
1113 2511 1280 2580 Gebscdel

140 2612 309 2681 Vischaoh
355 2611 527 2682 Sultzdcrl
567 2611 746 2680 Otterbaoh
794 2611 954 2700 Talheym
994 2616 1028 2679 et
1069 2609 1280 2678 Markartes-

142 2712 265 2780 boven.

215 2810 297 2878 ltem
316 2828 404 2879 anno
429 2809 552 2878 domini
574 2808 728 2877 mlxxnx.
746 2809 959 2878 Meobtbildis
980 2809 1089 2876 libere
1109 2808 1366 2878 conditio-1090

142 2910 195 2977 nis
221 2915 370 2977 matrona
403 2910 586 2978 construxit
612 2909 773 2996 capellam
807 2912 912 2978 sancti
948 2909 1082 2977 Martini
1108 2909 1143 2976 in
1173 2912 1278 2997 petra,

142 3009 263 3076 dictam
294 3009 476 3093 vulgariter
507 3027 582 3074 zum
616 3007 726 3096 Stein,
755 3027 853 3095 quam
880 3009 989 3076 multis
1015 3005 1141 3095 prediis
1167 3006 1280 3075 homi·
1385 3036 1387 3039 ·

140 3107 239 3174 nibus
267 3113 300 3176 et
325 3106 451 3174 iuribus
478 3106 594 3174 ditavit
627 3125 667 3174 ao
701 3107 829 3175 dotavit
854 3126 893 3175 ac
927 3107 1028 3195 pleno
1063 3107 1133 3174 iure
1161 3110 1280 3174 sancio

138 3206 292 3294 Nycolao
319 3207 352 3272 in
379 3205 545 3291 Kamberg
573 3204 782 3272 contradidit.

214 3304 296 3372 ltem
321 3323 408 3372 anno
433 3305 556 3372 domini
583 3304 796 3393 mc.xnx.vi.,
824 3302 1003 3371 indictione
1031 3303 1111 3391 xiiii,
1138 3303 1173 3369 iii
1199 3319 1278 3371 non.
1295 3309 1361 3363 trae

140 3404 340 3492 septembris
374 3403 526 3472 dominus
562 3401 790 3470 Marowardus
818 3401 860 3470 de
886 3401 1077 3470 Nuzbaume
1104 3408 1138 3469 ot
1163 3400 1277 3469 blare-
1293 3392 1365 3501 Ὗ·

139 3502 276 3571 wardus
303 3509 399 3570 natus
427 3505 498 3570 eius
525 3500 645 3568 dictum
672 3504 814 3568 castrum
835 3500 1005 3568 Nuzbaum
1033 3499 1277 3589 destruxerunt,

139 3607 172 3669 et
189 3602 361 3670 basilicam
378 3606 412 3670 in
427 3602 552 3669 honore
579 3601 687 3668 sancti
713 3599 822 3686 ilgidii
850 3604 1117 3686 construxerunt,
1144 3614 1184 3664 ae
1206 3615 1278 3665 eam
1306 3616 1311 3625 ·

138 3719 212 3768 eum
243 3701 397 3770 omnibus
424 3703 493 3768 suis
520 3699 618 3766 bonis
645 3706 762 3766 sancto
790 3697 940 3785 Nycolao
966 3699 1000 3764 in
1018 3696 1185 3782 llamberg
1211 3695 1278 3764 do-

138 3945 256 3998 dictione
275 3945 308 3997 xi.
327 3945 361 3997 xii
380 3944 428 3997 kal.
447 3945 556 3998 ianuarii
581 3942 726 3997 dedicatum
750 3948 790 3996 est
812 3943 882 3996 idem
901 3941 1084 3996 monasterium
1102 3953 1117 3992 a
1135 3938 1280 3992 venerabili

137 4011 307 4066 Adalberone
330 4011 533 4079 wirziburgensi
561 4014 685 4080 episcopo
711 4011 839 4064 catholico
865 4015 891 4063 in
918 4009 1023 4062 nomine
1041 4011 1147 4062 sanetae
1165 4013 1192 4060 et
1209 4006 1281 4059 indi-

139 4080 233 4134 viduae
252 4081 386 4138 trinilatis.
413 4087 440 4134 et
457 4082 485 4133 in
504 4079 605 4134 bonore
631 4084 737 4133 sanctae
762 4084 789 4133 at
807 4079 1040 4132 victoriosissimae
1058 4076 1156 4142 crucis,
1174 4080 1281 4128 sanctae

140 4148 183 4202 dei
202 4149 338 4215 genitricis
361 4149 471 4214 Mariae,
497 4149 578 4201 saneti
600 4147 717 4202 Nichelai
743 4149 857 4219 episcopi
883 4153 909 4203 et
931 4145 1104 4210 confessoris,
1123 4149 1151 4196 et
1167 4144 1282 4196 omnium

142 4222 298 4271 sanctorum.
335 4216 464 4272 Schannat
482 4215 558 4270 Vind.
576 4217 600 4284 2,
619 4217 660 4270 i2.
744 4250 748 4262 .
1090 4257 1091 4262 1
