<?xml version="1.0" encoding="UTF-8"?>
<!DOCTYPE html PUBLIC "-//W3C//DTD XHTML 1.0 Transitional//EN"
    "http://www.w3.org/TR/xhtml1/DTD/xhtml1-transitional.dtd">
<html xmlns="http://www.w3.org/1999/xhtml" xml:lang="en" lang="en">
 <head>
  <title>
</title>
<meta http-equiv="Content-Type" content="text/html;charset=utf-8" />
  <meta name='ocr-system' content='tesseract 3.04.00' />
  <meta name='ocr-capabilities' content='ocr_page ocr_carea ocr_par ocr_line ocrx_word'/>
</head>
<body>
  <div class='ocr_page' id='page_1' title='image "./fontesrerumgerm02hubegoog_0076.png"; bbox 0 0 3002 4880; ppageno 0'>
   <div class='ocr_carea' id='block_1_1' title="bbox 389 245 1206 317">
    <p class='ocr_par' dir='ltr' id='par_1_1' title="bbox 389 245 1206 317">
     <span class='ocr_line' id='line_1_1' title="bbox 389 245 1206 317; baseline 0.007 -7"><span class='ocrx_word' id='word_1_1' title='bbox 389 265 532 313; x_wconf 82' lang='lat' dir='ltr'>cunomcr</span> <span class='ocrx_word' id='word_1_2' title='bbox 554 268 591 312; x_wconf 82' lang='lat' dir='ltr'>us</span> <span class='ocrx_word' id='word_1_3' title='bbox 612 269 711 314; x_wconf 83' lang='lat' dir='ltr'>ausms</span> <span class='ocrx_word' id='word_1_4' title='bbox 731 269 897 317; x_wconf 83' lang='lat' dir='ltr'>rarncrrun.</span> <span class='ocrx_word' id='word_1_5' title='bbox 1164 245 1206 316; x_wconf 84' lang='lat'>31</span> 
     </span>
    </p>
   </div>
   <div class='ocr_carea' id='block_1_2' title="bbox 16 403 1316 4221">
    <p class='ocr_par' dir='ltr' id='par_1_2' title="bbox 16 403 1316 4221">
     <span class='ocr_line' id='line_1_2' title="bbox 99 403 1209 499; baseline 0.011 -28"><span class='ocrx_word' id='word_1_6' title='bbox 99 403 176 472; x_wconf 85' lang='lat' dir='ltr'>ribus</span> <span class='ocrx_word' id='word_1_7' title='bbox 206 403 420 491; x_wconf 87' lang='lat' dir='ltr'>aequiesoeus</span> <span class='ocrx_word' id='word_1_8' title='bbox 449 405 491 473; x_wconf 92' lang='lat' dir='ltr'>de</span> <span class='ocrx_word' id='word_1_9' title='bbox 527 406 667 475; x_wconf 91' lang='lat' dir='ltr'>oonsilio</span> <span class='ocrx_word' id='word_1_10' title='bbox 694 425 848 499; x_wconf 91' lang='lat' dir='ltr'>suorum,</span> <span class='ocrx_word' id='word_1_11' title='bbox 874 427 936 498; x_wconf 89' lang='lat' dir='ltr'>per</span> <span class='ocrx_word' id='word_1_12' title='bbox 963 411 1104 482; x_wconf 81' lang='lat' dir='ltr'>arbitros</span> <span class='ocrx_word' id='word_1_13' title='bbox 1142 420 1209 482; x_wconf 85' lang='lat' dir='ltr'>ter-</span> 
     </span>
     <span class='ocr_line' id='line_1_3' title="bbox 97 506 1294 597; baseline 0.016 -29"><span class='ocrx_word' id='word_1_14' title='bbox 97 521 154 570; x_wconf 93' lang='lat' dir='ltr'>ram</span> <span class='ocrx_word' id='word_1_15' title='bbox 177 521 264 570; x_wconf 90' lang='lat' dir='ltr'>suam</span> <span class='ocrx_word' id='word_1_16' title='bbox 290 520 361 570; x_wconf 91' lang='lat' dir='ltr'>oum</span> <span class='ocrx_word' id='word_1_17' title='bbox 397 507 466 572; x_wconf 91' lang='lat' dir='ltr'>suis</span> <span class='ocrx_word' id='word_1_18' title='bbox 501 507 680 574; x_wconf 75' lang='lat' dir='ltr'>attinentiis</span> <span class='ocrx_word' id='word_1_19' title='bbox 708 506 906 597; x_wconf 90' lang='lat' dir='ltr'>diviserunt,</span> <span class='ocrx_word' id='word_1_20' title='bbox 934 527 1007 578; x_wconf 88' lang='lat' dir='ltr'>eum</span> <span class='ocrx_word' id='word_1_21' title='bbox 1034 512 1106 580; x_wconf 91' lang='lat' dir='ltr'>aliis</span> <span class='ocrx_word' id='word_1_22' title='bbox 1139 516 1209 583; x_wconf 92' lang='lat' dir='ltr'>suis</span> <span class='ocrx_word' id='word_1_23' title='bbox 1226 533 1294 587; x_wconf 79' lang='lat' dir='ltr'>tato</span> 
     </span>
     <span class='ocr_line' id='line_1_4' title="bbox 96 599 1291 726; baseline 0.012 -59"><span class='ocrx_word' id='word_1_24' title='bbox 96 599 284 670; x_wconf 79' lang='lat' dir='ltr'>facultatibus</span> <span class='ocrx_word' id='word_1_25' title='bbox 312 619 399 688; x_wconf 86' lang='lat' dir='ltr'>equa</span> <span class='ocrx_word' id='word_1_26' title='bbox 422 602 530 672; x_wconf 87' lang='lat' dir='ltr'>lanoe.</span> <span class='ocrx_word' id='word_1_27' title='bbox 556 604 657 674; x_wconf 93' lang='lat' dir='ltr'>Porro</span> <span class='ocrx_word' id='word_1_28' title='bbox 684 607 800 674; x_wconf 85' lang='lat' dir='ltr'>oivitas</span> <span class='ocrx_word' id='word_1_29' title='bbox 823 606 1039 678; x_wconf 86' lang='lat' dir='ltr'>Monaoensis</span> <span class='ocrx_word' id='word_1_30' title='bbox 1067 617 1100 678; x_wconf 96' lang='lat' dir='ltr'>et</span> <span class='ocrx_word' id='word_1_31' title='bbox 1124 630 1210 701; x_wconf 92' lang='lat' dir='ltr'>pro·</span> <span class='ocrx_word' id='word_1_32' title='bbox 1234 617 1291 726; x_wconf 58' lang='lat'>⁰⁰¹¹*-</span> 
     </span>
     <span class='ocr_line' id='line_1_5' title="bbox 95 701 1208 802; baseline 0.013 -36"><span class='ocrx_word' id='word_1_33' title='bbox 95 702 188 768; x_wconf 86' lang='lat' dir='ltr'>rinoia</span> <span class='ocrx_word' id='word_1_34' title='bbox 222 701 304 768; x_wconf 84' lang='lat' dir='ltr'>ultra</span> <span class='ocrx_word' id='word_1_35' title='bbox 343 701 479 792; x_wconf 86' lang='lat' dir='ltr'>Ysram,</span> <span class='ocrx_word' id='word_1_36' title='bbox 521 721 593 771; x_wconf 89' lang='lat' dir='ltr'>enm</span> <span class='ocrx_word' id='word_1_37' title='bbox 628 705 813 774; x_wconf 90' lang='lat' dir='ltr'>eivitatibus</span> <span class='ocrx_word' id='word_1_38' title='bbox 852 712 886 774; x_wconf 87' lang='lat' dir='ltr'>et</span> <span class='ocrx_word' id='word_1_39' title='bbox 923 708 1045 777; x_wconf 91' lang='lat' dir='ltr'>villulis</span> <span class='ocrx_word' id='word_1_40' title='bbox 1079 728 1208 802; x_wconf 87' lang='lat' dir='ltr'>earum,</span> 
     </span>
     <span class='ocr_line' id='line_1_6' title="bbox 95 801 1210 897; baseline 0.013 -33"><span class='ocrx_word' id='word_1_41' title='bbox 95 805 126 869; x_wconf 89' lang='lat' dir='ltr'>et</span> <span class='ocrx_word' id='word_1_42' title='bbox 144 806 223 867; x_wconf 88' lang='lat' dir='ltr'>terra</span> <span class='ocrx_word' id='word_1_43' title='bbox 247 801 333 867; x_wconf 91' lang='lat' dir='ltr'>oiroa</span> <span class='ocrx_word' id='word_1_44' title='bbox 357 801 519 870; x_wconf 85' lang='lat' dir='ltr'>Montana</span> <span class='ocrx_word' id='word_1_45' title='bbox 555 808 588 870; x_wconf 88' lang='lat' dir='ltr'>et</span> <span class='ocrx_word' id='word_1_46' title='bbox 625 805 706 872; x_wconf 86' lang='lat' dir='ltr'>eitra</span> <span class='ocrx_word' id='word_1_47' title='bbox 738 804 844 873; x_wconf 88' lang='lat' dir='ltr'>Enum</span> <span class='ocrx_word' id='word_1_48' title='bbox 879 809 983 874; x_wconf 87' lang='lat' dir='ltr'>eessit</span> <span class='ocrx_word' id='word_1_49' title='bbox 1017 810 1051 876; x_wconf 94' lang='lat' dir='ltr'>iu</span> <span class='ocrx_word' id='word_1_50' title='bbox 1082 816 1210 897; x_wconf 90' lang='lat' dir='ltr'>partem</span> 
     </span>
     <span class='ocr_line' id='line_1_7' title="bbox 95 897 1210 988; baseline 0.012 -24"><span class='ocrx_word' id='word_1_51' title='bbox 95 897 201 965; x_wconf 90' lang='lat' dir='ltr'>domini</span> <span class='ocrx_word' id='word_1_52' title='bbox 231 897 361 967; x_wconf 82' lang='lat' dir='ltr'>Rudollr</span> <span class='ocrx_word' id='word_1_53' title='bbox 387 900 480 968; x_wconf 87' lang='lat' dir='ltr'>duois</span> <span class='ocrx_word' id='word_1_54' title='bbox 512 903 674 988; x_wconf 78' lang='lat' dir='ltr'>senioris3</span> <span class='ocrx_word' id='word_1_55' title='bbox 702 908 788 971; x_wconf 90' lang='lat' dir='ltr'>terra</span> <span class='ocrx_word' id='word_1_56' title='bbox 812 921 894 971; x_wconf 90' lang='lat' dir='ltr'>vero</span> <span class='ocrx_word' id='word_1_57' title='bbox 925 905 1009 974; x_wconf 83' lang='lat' dir='ltr'>intra</span> <span class='ocrx_word' id='word_1_58' title='bbox 1034 906 1148 975; x_wconf 81' lang='lat' dir='ltr'>Ltoum</span> <span class='ocrx_word' id='word_1_59' title='bbox 1175 915 1210 977; x_wconf 90' lang='lat' dir='ltr'>et</span> 
     </span>
     <span class='ocr_line' id='line_1_8' title="bbox 94 996 1208 1084; baseline 0.013 -22"><span class='ocrx_word' id='word_1_60' title='bbox 94 996 214 1064; x_wconf 87' lang='lat' dir='ltr'>lseram</span> <span class='ocrx_word' id='word_1_61' title='bbox 242 1004 275 1065; x_wconf 91' lang='lat' dir='ltr'>et</span> <span class='ocrx_word' id='word_1_62' title='bbox 299 1016 406 1084; x_wconf 85' lang='lat' dir='ltr'>usque</span> <span class='ocrx_word' id='word_1_63' title='bbox 433 998 475 1068; x_wconf 93' lang='lat' dir='ltr'>ad</span> <span class='ocrx_word' id='word_1_64' title='bbox 501 999 688 1069; x_wconf 83' lang='lat' dir='ltr'>Danubium</span> <span class='ocrx_word' id='word_1_65' title='bbox 714 1020 787 1069; x_wconf 93' lang='lat' dir='ltr'>eum</span> <span class='ocrx_word' id='word_1_66' title='bbox 814 1003 998 1074; x_wconf 84' lang='lat' dir='ltr'>eivitatibus</span> <span class='ocrx_word' id='word_1_67' title='bbox 1030 1011 1064 1074; x_wconf 91' lang='lat' dir='ltr'>et</span> <span class='ocrx_word' id='word_1_68' title='bbox 1088 1007 1208 1076; x_wconf 84' lang='lat' dir='ltr'>villulis</span> 
     </span>
     <span class='ocr_line' id='line_1_9' title="bbox 93 1099 1208 1191; baseline 0.013 -31"><span class='ocrx_word' id='word_1_69' title='bbox 93 1113 203 1186; x_wconf 87' lang='lat' dir='ltr'>earnm,</span> <span class='ocrx_word' id='word_1_70' title='bbox 230 1114 303 1164; x_wconf 89' lang='lat' dir='ltr'>oum</span> <span class='ocrx_word' id='word_1_71' title='bbox 342 1101 514 1184; x_wconf 86' lang='lat' dir='ltr'>provinoia</span> <span class='ocrx_word' id='word_1_72' title='bbox 546 1101 634 1168; x_wconf 86' lang='lat' dir='ltr'>eirea</span> <span class='ocrx_word' id='word_1_73' title='bbox 664 1099 835 1191; x_wconf 85' lang='lat' dir='ltr'>Norioum,</span> <span class='ocrx_word' id='word_1_74' title='bbox 863 1119 937 1170; x_wconf 91' lang='lat' dir='ltr'>oum</span> <span class='ocrx_word' id='word_1_75' title='bbox 963 1106 1032 1173; x_wconf 90' lang='lat' dir='ltr'>suis</span> <span class='ocrx_word' id='word_1_76' title='bbox 1059 1108 1208 1175; x_wconf 91' lang='lat' dir='ltr'>attinen-</span> 
     </span>
     <span class='ocr_line' id='line_1_10' title="bbox 91 1195 1209 1285; baseline 0.013 -25"><span class='ocrx_word' id='word_1_77' title='bbox 91 1195 144 1282; x_wconf 86' lang='lat' dir='ltr'>tiis,</span> <span class='ocrx_word' id='word_1_78' title='bbox 169 1197 267 1264; x_wconf 89' lang='lat' dir='ltr'>oessit</span> <span class='ocrx_word' id='word_1_79' title='bbox 291 1197 325 1262; x_wconf 95' lang='lat' dir='ltr'>in</span> <span class='ocrx_word' id='word_1_80' title='bbox 352 1204 475 1265; x_wconf 89' lang='lat' dir='ltr'>sortem</span> <span class='ocrx_word' id='word_1_81' title='bbox 507 1197 630 1267; x_wconf 91' lang='lat' dir='ltr'>domini</span> <span class='ocrx_word' id='word_1_82' title='bbox 652 1199 803 1268; x_wconf 86' lang='lat' dir='ltr'>Ludwioi</span> <span class='ocrx_word' id='word_1_83' title='bbox 829 1199 922 1269; x_wconf 89' lang='lat' dir='ltr'>dueis</span> <span class='ocrx_word' id='word_1_84' title='bbox 944 1204 1097 1285; x_wconf 84' lang='lat' dir='ltr'>junioris.</span> <span class='ocrx_word' id='word_1_85' title='bbox 1140 1205 1209 1275; x_wconf 90' lang='lat' dir='ltr'>Sed</span> 
     </span>
     <span class='ocr_line' id='line_1_11' title="bbox 92 1294 1209 1386; baseline 0.013 -27"><span class='ocrx_word' id='word_1_86' title='bbox 92 1295 235 1362; x_wconf 78' lang='lat' dir='ltr'>domitiam</span> <span class='ocrx_word' id='word_1_87' title='bbox 269 1294 449 1364; x_wconf 87' lang='lat' dir='ltr'>Palatinam</span> <span class='ocrx_word' id='word_1_88' title='bbox 489 1297 578 1386; x_wconf 88' lang='lat' dir='ltr'>apud</span> <span class='ocrx_word' id='word_1_89' title='bbox 616 1296 743 1367; x_wconf 82' lang='lat' dir='ltr'>Renum</span> <span class='ocrx_word' id='word_1_90' title='bbox 779 1298 1000 1370; x_wconf 84' lang='lat' dir='ltr'>deereverrmt</span> <span class='ocrx_word' id='word_1_91' title='bbox 1033 1303 1209 1373; x_wconf 89' lang='lat' dir='ltr'>indivisam</span> 
     </span>
     <span class='ocr_line' id='line_1_12' title="bbox 89 1385 1307 1490; baseline 0.007 -32"><span class='ocrx_word' id='word_1_92' title='bbox 89 1385 271 1461; x_wconf 52' lang='lat' dir='ltr'>remaneret</span> <span class='ocrx_word' id='word_1_93' title='bbox 1306 1487 1307 1490; x_wconf 8' lang='grc' dir='ltr'><strong>Ἴ</strong></span> 
     </span>
     <span class='ocr_line' id='line_1_13' title="bbox 150 1487 1208 1583; baseline 0.007 -25"><span class='ocrx_word' id='word_1_94' title='bbox 150 1491 317 1561; x_wconf 78' lang='lat' dir='ltr'>Diuisione</span> <span class='ocrx_word' id='word_1_95' title='bbox 352 1494 464 1581; x_wconf 86' lang='lat' dir='ltr'>itaque</span> <span class='ocrx_word' id='word_1_96' title='bbox 491 1491 596 1583; x_wconf 84' lang='lat' dir='ltr'>saeta,</span> <span class='ocrx_word' id='word_1_97' title='bbox 625 1499 658 1562; x_wconf 91' lang='lat' dir='ltr'>et</span> <span class='ocrx_word' id='word_1_98' title='bbox 683 1487 844 1563; x_wconf 84' lang='lat' dir='ltr'>duoibus²</span> <span class='ocrx_word' id='word_1_99' title='bbox 870 1515 889 1563; x_wconf 87' lang='lat' dir='ltr'>a</span> <span class='ocrx_word' id='word_1_100' title='bbox 915 1515 952 1564; x_wconf 92' lang='lat' dir='ltr'>se</span> <span class='ocrx_word' id='word_1_101' title='bbox 979 1498 1120 1564; x_wconf 83' lang='lat' dir='ltr'>invicem</span> <span class='ocrx_word' id='word_1_102' title='bbox 1146 1516 1208 1566; x_wconf 90' lang='lat' dir='ltr'>se-</span> 
     </span>
     <span class='ocr_line' id='line_1_14' title="bbox 88 1593 1207 1682; baseline 0.007 -26"><span class='ocrx_word' id='word_1_103' title='bbox 88 1593 207 1680; x_wconf 88' lang='lat' dir='ltr'>paratis,</span> <span class='ocrx_word' id='word_1_104' title='bbox 234 1593 366 1679; x_wconf 91' lang='lat' dir='ltr'>quantis</span> <span class='ocrx_word' id='word_1_105' title='bbox 393 1593 487 1660; x_wconf 86' lang='lat' dir='ltr'>molis</span> <span class='ocrx_word' id='word_1_106' title='bbox 514 1594 623 1660; x_wconf 89' lang='lat' dir='ltr'>attrita</span> <span class='ocrx_word' id='word_1_107' title='bbox 649 1595 692 1662; x_wconf 91' lang='lat' dir='ltr'>sit</span> <span class='ocrx_word' id='word_1_108' title='bbox 717 1594 872 1662; x_wconf 89' lang='lat' dir='ltr'>Bawaria</span> <span class='ocrx_word' id='word_1_109' title='bbox 898 1613 961 1682; x_wconf 73' lang='lat' dir='ltr'>(pre</span> <span class='ocrx_word' id='word_1_110' title='bbox 980 1597 1028 1664; x_wconf 88' lang='lat' dir='ltr'>eis</span> <span class='ocrx_word' id='word_1_111' title='bbox 1048 1595 1207 1664; x_wconf 87' lang='lat' dir='ltr'>subiace-</span> 
     </span>
     <span class='ocr_line' id='line_1_15' title="bbox 88 1685 1209 1782; baseline 0.008 -28"><span class='ocrx_word' id='word_1_112' title='bbox 88 1685 152 1777; x_wconf 86' lang='lat' dir='ltr'>bat,</span> <span class='ocrx_word' id='word_1_113' title='bbox 185 1707 251 1758; x_wconf 92' lang='lat' dir='ltr'>non</span> <span class='ocrx_word' id='word_1_114' title='bbox 276 1696 392 1778; x_wconf 93' lang='lat' dir='ltr'>potest</span> <span class='ocrx_word' id='word_1_115' title='bbox 417 1691 459 1759; x_wconf 87' lang='lat' dir='ltr'>de</span> <span class='ocrx_word' id='word_1_116' title='bbox 485 1690 572 1760; x_wconf 86' lang='lat' dir='ltr'>laoili</span> <span class='ocrx_word' id='word_1_117' title='bbox 599 1693 774 1782; x_wconf 80' lang='lat' dir='ltr'>explicari,</span> <span class='ocrx_word' id='word_1_118' title='bbox 801 1695 975 1781; x_wconf 85' lang='lat' dir='ltr'>presertim</span> <span class='ocrx_word' id='word_1_119' title='bbox 1001 1711 1074 1761; x_wconf 88' lang='lat' dir='ltr'>oum</span> <span class='ocrx_word' id='word_1_120' title='bbox 1100 1693 1209 1764; x_wconf 84' lang='lat' dir='ltr'>adhue</span> 
     </span>
     <span class='ocr_line' id='line_1_16' title="bbox 87 1789 1209 1880; baseline 0.009 -28"><span class='ocrx_word' id='word_1_121' title='bbox 87 1804 190 1858; x_wconf 88' lang='lat' dir='ltr'>reeens</span> <span class='ocrx_word' id='word_1_122' title='bbox 212 1794 317 1858; x_wconf 89' lang='lat' dir='ltr'>&#39;esset</span> <span class='ocrx_word' id='word_1_123' title='bbox 351 1789 518 1858; x_wconf 77' lang='lat' dir='ltr'>discordia</span> <span class='ocrx_word' id='word_1_124' title='bbox 550 1792 636 1859; x_wconf 89' lang='lat' dir='ltr'>inter</span> <span class='ocrx_word' id='word_1_125' title='bbox 671 1809 742 1860; x_wconf 89' lang='lat' dir='ltr'>eos.</span> <span class='ocrx_word' id='word_1_126' title='bbox 792 1791 867 1860; x_wconf 90' lang='lat' dir='ltr'>Nou</span> <span class='ocrx_word' id='word_1_127' title='bbox 899 1791 1036 1880; x_wconf 87' lang='lat' dir='ltr'>quibant</span> <span class='ocrx_word' id='word_1_128' title='bbox 1060 1794 1093 1861; x_wconf 91' lang='lat' dir='ltr'>iu</span> <span class='ocrx_word' id='word_1_129' title='bbox 1120 1797 1209 1862; x_wconf 89' lang='lat' dir='ltr'>terra</span> 
     </span>
     <span class='ocr_line' id='line_1_17' title="bbox 86 1886 1207 1981; baseline 0.009 -29"><span class='ocrx_word' id='word_1_130' title='bbox 86 1886 207 1972; x_wconf 88' lang='lat' dir='ltr'>paeiioe</span> <span class='ocrx_word' id='word_1_131' title='bbox 241 1891 367 1977; x_wconf 83' lang='lat' dir='ltr'>pariter</span> <span class='ocrx_word' id='word_1_132' title='bbox 402 1891 613 1980; x_wconf 77' lang='lat' dir='ltr'>commorari,</span> <span class='ocrx_word' id='word_1_133' title='bbox 641 1889 703 1958; x_wconf 93' lang='lat' dir='ltr'>sed</span> <span class='ocrx_word' id='word_1_134' title='bbox 728 1907 831 1979; x_wconf 93' lang='lat' dir='ltr'>parvo</span> <span class='ocrx_word' id='word_1_135' title='bbox 857 1892 1031 1960; x_wconf 84' lang='lat' dir='ltr'>interieoto</span> <span class='ocrx_word' id='word_1_136' title='bbox 1058 1898 1207 1981; x_wconf 91' lang='lat' dir='ltr'>tempore</span> 
     </span>
     <span class='ocr_line' id='line_1_18' title="bbox 86 1989 1207 2079; baseline 0.007 -29"><span class='ocrx_word' id='word_1_137' title='bbox 86 2002 185 2054; x_wconf 88' lang='lat' dir='ltr'>rursus</span> <span class='ocrx_word' id='word_1_138' title='bbox 219 1993 380 2075; x_wconf 87' lang='lat' dir='ltr'>oeperunt</span> <span class='ocrx_word' id='word_1_139' title='bbox 413 1991 586 2057; x_wconf 86' lang='lat' dir='ltr'>sevissime</span> <span class='ocrx_word' id='word_1_140' title='bbox 619 1989 768 2079; x_wconf 89' lang='lat' dir='ltr'>preliari,</span> <span class='ocrx_word' id='word_1_141' title='bbox 797 1989 897 2058; x_wconf 89' lang='lat' dir='ltr'>etad</span> <span class='ocrx_word' id='word_1_142' title='bbox 925 1992 1056 2059; x_wconf 89' lang='lat' dir='ltr'>maioris</span> <span class='ocrx_word' id='word_1_143' title='bbox 1084 1992 1207 2060; x_wconf 81' lang='lat' dir='ltr'>malitie</span> 
     </span>
     <span class='ocr_line' id='line_1_19' title="bbox 86 2086 1208 2176; baseline 0.008 -26"><span class='ocrx_word' id='word_1_144' title='bbox 86 2086 232 2153; x_wconf 91' lang='lat' dir='ltr'>oumulum</span> <span class='ocrx_word' id='word_1_145' title='bbox 269 2089 448 2156; x_wconf 83' lang='lat' dir='ltr'>exereitum</span> <span class='ocrx_word' id='word_1_146' title='bbox 478 2087 519 2156; x_wconf 93' lang='lat' dir='ltr'>de</span> <span class='ocrx_word' id='word_1_147' title='bbox 546 2106 651 2176; x_wconf 88' lang='lat' dir='ltr'>prope</span> <span class='ocrx_word' id='word_1_148' title='bbox 678 2095 926 2174; x_wconf 88' lang='lat' dir='ltr'>oongregantes</span> <span class='ocrx_word' id='word_1_149' title='bbox 966 2088 1067 2157; x_wconf 89' lang='lat' dir='ltr'>etde</span> <span class='ocrx_word' id='word_1_150' title='bbox 1094 2107 1208 2159; x_wconf 87' lang='lat' dir='ltr'>remo-</span> 
     </span>
     <span class='ocr_line' id='line_1_20' title="bbox 85 2183 1207 2279; baseline 0.009 -31"><span class='ocrx_word' id='word_1_151' title='bbox 85 2183 119 2249; x_wconf 91' lang='lat' dir='ltr'>tis</span> <span class='ocrx_word' id='word_1_152' title='bbox 135 2185 291 2275; x_wconf 88' lang='lat' dir='ltr'>partibus,</span> <span class='ocrx_word' id='word_1_153' title='bbox 316 2191 350 2254; x_wconf 93' lang='lat' dir='ltr'>et</span> <span class='ocrx_word' id='word_1_154' title='bbox 376 2186 418 2255; x_wconf 90' lang='lat' dir='ltr'>ad</span> <span class='ocrx_word' id='word_1_155' title='bbox 444 2189 496 2255; x_wconf 93' lang='lat' dir='ltr'>sui</span> <span class='ocrx_word' id='word_1_156' title='bbox 523 2193 556 2254; x_wconf 92' lang='lat' dir='ltr'>et</span> <span class='ocrx_word' id='word_1_157' title='bbox 581 2205 716 2255; x_wconf 91' lang='lat' dir='ltr'>suorum</span> <span class='ocrx_word' id='word_1_158' title='bbox 742 2187 1000 2256; x_wconf 76' lang='lat' dir='ltr'>destructionem</span> <span class='ocrx_word' id='word_1_159' title='bbox 1026 2187 1207 2279; x_wconf 89' lang='lat' dir='ltr'>adiutores,</span> 
     </span>
     <span class='ocr_line' id='line_1_21' title="bbox 86 2286 1208 2375; baseline 0.006 -25"><span class='ocrx_word' id='word_1_160' title='bbox 86 2298 157 2367; x_wconf 88' lang='lat' dir='ltr'>quos</span> <span class='ocrx_word' id='word_1_161' title='bbox 192 2289 367 2373; x_wconf 85' lang='lat' dir='ltr'>poterant,</span> <span class='ocrx_word' id='word_1_162' title='bbox 405 2286 645 2354; x_wconf 88' lang='lat' dir='ltr'>oonvooabant.</span> <span class='ocrx_word' id='word_1_163' title='bbox 696 2286 737 2354; x_wconf 92' lang='lat' dir='ltr'>Et</span> <span class='ocrx_word' id='word_1_164' title='bbox 768 2287 816 2354; x_wconf 88' lang='lat' dir='ltr'>sie</span> <span class='ocrx_word' id='word_1_165' title='bbox 842 2286 958 2355; x_wconf 90' lang='lat' dir='ltr'>ordine</span> <span class='ocrx_word' id='word_1_166' title='bbox 984 2305 1145 2375; x_wconf 90' lang='lat' dir='ltr'>perverso</span> <span class='ocrx_word' id='word_1_167' title='bbox 1175 2293 1208 2356; x_wconf 90' lang='lat' dir='ltr'>et</span> 
     </span>
     <span class='ocr_line' id='line_1_22' title="bbox 85 2384 1206 2476; baseline 0.006 -30"><span class='ocrx_word' id='word_1_168' title='bbox 85 2389 185 2450; x_wconf 85' lang='lat' dir='ltr'>eontra</span> <span class='ocrx_word' id='word_1_169' title='bbox 205 2385 285 2466; x_wconf 88' lang='lat' dir='ltr'>jura</span> <span class='ocrx_word' id='word_1_170' title='bbox 310 2389 446 2475; x_wconf 87' lang='lat' dir='ltr'>nature,</span> <span class='ocrx_word' id='word_1_171' title='bbox 478 2387 601 2468; x_wconf 87' lang='lat' dir='ltr'>etjam</span> <span class='ocrx_word' id='word_1_172' title='bbox 627 2384 727 2452; x_wconf 85' lang='lat' dir='ltr'>irater</span> <span class='ocrx_word' id='word_1_173' title='bbox 753 2390 867 2452; x_wconf 88' lang='lat' dir='ltr'>eontra</span> <span class='ocrx_word' id='word_1_174' title='bbox 894 2386 1026 2454; x_wconf 83' lang='lat' dir='ltr'>tratrem</span> <span class='ocrx_word' id='word_1_175' title='bbox 1052 2391 1206 2476; x_wconf 88' lang='lat' dir='ltr'>armatur,</span> 
     </span>
     <span class='ocr_line' id='line_1_23' title="bbox 85 2482 1207 2568; baseline 0.009 -23"><span class='ocrx_word' id='word_1_176' title='bbox 85 2486 111 2546; x_wconf 91' lang='lat' dir='ltr'>et</span> <span class='ocrx_word' id='word_1_177' title='bbox 134 2483 185 2568; x_wconf 82' lang='lat' dir='ltr'>qui</span> <span class='ocrx_word' id='word_1_178' title='bbox 210 2487 325 2550; x_wconf 89' lang='lat' dir='ltr'>mutuo</span> <span class='ocrx_word' id='word_1_179' title='bbox 353 2501 390 2550; x_wconf 89' lang='lat' dir='ltr'>se</span> <span class='ocrx_word' id='word_1_180' title='bbox 409 2483 578 2552; x_wconf 86' lang='lat' dir='ltr'>debebant</span> <span class='ocrx_word' id='word_1_181' title='bbox 598 2483 754 2552; x_wconf 89' lang='lat' dir='ltr'>adiuvare</span> <span class='ocrx_word' id='word_1_182' title='bbox 777 2484 960 2552; x_wconf 88' lang='lat' dir='ltr'>seeundum</span> <span class='ocrx_word' id='word_1_183' title='bbox 979 2482 1078 2552; x_wconf 92' lang='lat' dir='ltr'>illud:</span> <span class='ocrx_word' id='word_1_184' title='bbox 1105 2484 1207 2555; x_wconf 86' lang='lat' dir='ltr'>irater</span> 
     </span>
     <span class='ocr_line' id='line_1_24' title="bbox 84 2572 1316 2672; baseline 0.006 -28"><span class='ocrx_word' id='word_1_185' title='bbox 84 2572 254 2650; x_wconf 86' lang='lat' dir='ltr'>adiuvans³</span> <span class='ocrx_word' id='word_1_186' title='bbox 282 2581 425 2672; x_wconf 85' lang='lat' dir='ltr'>fratrem,</span> <span class='ocrx_word' id='word_1_187' title='bbox 445 2586 514 2667; x_wconf 87' lang='lat' dir='ltr'>jam</span> <span class='ocrx_word' id='word_1_188' title='bbox 531 2589 644 2650; x_wconf 92' lang='lat' dir='ltr'>mutuo</span> <span class='ocrx_word' id='word_1_189' title='bbox 661 2581 833 2650; x_wconf 89' lang='lat' dir='ltr'>destruere</span> <span class='ocrx_word' id='word_1_190' title='bbox 851 2600 888 2650; x_wconf 90' lang='lat' dir='ltr'>se</span> <span class='ocrx_word' id='word_1_191' title='bbox 906 2587 1077 2650; x_wconf 83' lang='lat' dir='ltr'>conantur.</span> <span class='ocrx_word' id='word_1_192' title='bbox 1102 2582 1207 2668; x_wconf 86' lang='lat' dir='ltr'>Igitur</span> <span class='ocrx_word' id='word_1_193' title='bbox 1311 2619 1316 2627; x_wconf 88' lang='lat'><em>·</em></span> 
     </span>
     <span class='ocr_line' id='line_1_25' title="bbox 83 2679 1204 2770; baseline 0.007 -28"><span class='ocrx_word' id='word_1_194' title='bbox 83 2692 145 2746; x_wconf 90' lang='lat' dir='ltr'>oum</span> <span class='ocrx_word' id='word_1_195' title='bbox 168 2679 366 2769; x_wconf 86' lang='lat' dir='ltr'>superbiunt</span> <span class='ocrx_word' id='word_1_196' title='bbox 382 2683 482 2770; x_wconf 89' lang='lat' dir='ltr'>impii,</span> <span class='ocrx_word' id='word_1_197' title='bbox 509 2699 675 2770; x_wconf 83' lang='lat' dir='ltr'>pauperes</span> <span class='ocrx_word' id='word_1_198' title='bbox 695 2681 926 2749; x_wconf 79' lang='lat' dir='ltr'>incenduntur.</span> <span class='ocrx_word' id='word_1_199' title='bbox 953 2681 1099 2768; x_wconf 86' lang='lat' dir='ltr'>Uterque</span> <span class='ocrx_word' id='word_1_200' title='bbox 1118 2683 1204 2750; x_wconf 89' lang='lat' dir='ltr'>enim</span> 
     </span>
     <span class='ocr_line' id='line_1_26' title="bbox 16 2769 1205 2871; baseline 0.007 -31"><span class='ocrx_word' id='word_1_201' title='bbox 16 2769 17 2774; x_wconf 73' lang='grc'>’</span> <span class='ocrx_word' id='word_1_202' title='bbox 84 2791 145 2844; x_wconf 85' lang='lat' dir='ltr'>oum</span> <span class='ocrx_word' id='word_1_203' title='bbox 168 2782 248 2870; x_wconf 91' lang='lat' dir='ltr'>suis,</span> <span class='ocrx_word' id='word_1_204' title='bbox 279 2783 374 2847; x_wconf 85' lang='lat' dir='ltr'>aunis</span> <span class='ocrx_word' id='word_1_205' title='bbox 401 2780 534 2849; x_wconf 90' lang='lat' dir='ltr'>duobus</span> <span class='ocrx_word' id='word_1_206' title='bbox 557 2783 644 2848; x_wconf 89' lang='lat' dir='ltr'>inter</span> <span class='ocrx_word' id='word_1_207' title='bbox 665 2796 702 2848; x_wconf 87' lang='lat' dir='ltr'>se</span> <span class='ocrx_word' id='word_1_208' title='bbox 721 2781 948 2871; x_wconf 86' lang='lat' dir='ltr'>preliantibus,</span> <span class='ocrx_word' id='word_1_209' title='bbox 975 2787 1096 2850; x_wconf 90' lang='lat' dir='ltr'>terram</span> <span class='ocrx_word' id='word_1_210' title='bbox 1110 2799 1205 2849; x_wconf 91' lang='lat' dir='ltr'>suam</span> 
     </span>
     <span class='ocr_line' id='line_1_27' title="bbox 85 2877 1207 2969; baseline 0.007 -29"><span class='ocrx_word' id='word_1_211' title='bbox 85 2877 225 2947; x_wconf 86' lang='lat' dir='ltr'>vastabat</span> <span class='ocrx_word' id='word_1_212' title='bbox 250 2879 341 2964; x_wconf 86' lang='lat' dir='ltr'>iguis</span> <span class='ocrx_word' id='word_1_213' title='bbox 368 2881 580 2969; x_wconf 82' lang='lat' dir='ltr'>crematione,</span> <span class='ocrx_word' id='word_1_214' title='bbox 608 2880 717 2968; x_wconf 93' lang='lat' dir='ltr'>spolio</span> <span class='ocrx_word' id='word_1_215' title='bbox 745 2885 779 2948; x_wconf 89' lang='lat' dir='ltr'>et</span> <span class='ocrx_word' id='word_1_216' title='bbox 804 2882 928 2966; x_wconf 90' lang='lat' dir='ltr'>rapina.</span> <span class='ocrx_word' id='word_1_217' title='bbox 977 2879 1093 2948; x_wconf 81' lang='lat' dir='ltr'>Fertur</span> <span class='ocrx_word' id='word_1_218' title='bbox 1120 2881 1207 2948; x_wconf 93' lang='lat' dir='ltr'>enim</span> 
     </span>
     <span class='ocr_line' id='line_1_28' title="bbox 85 2969 1268 3076; baseline 0.003 -34"><span class='ocrx_word' id='word_1_219' title='bbox 85 2975 161 3058; x_wconf 83' lang='lat' dir='ltr'>qrrod</span> <span class='ocrx_word' id='word_1_220' title='bbox 184 2977 368 3046; x_wconf 88' lang='lat' dir='ltr'>Ludwious</span> <span class='ocrx_word' id='word_1_221' title='bbox 396 2977 463 3046; x_wconf 86' lang='lat' dir='ltr'>dux</span> <span class='ocrx_word' id='word_1_222' title='bbox 489 2969 773 3070; x_wconf 67' lang='lat' dir='ltr'>adolescentiorl,</span> <span class='ocrx_word' id='word_1_223' title='bbox 801 2978 861 3046; x_wconf 93' lang='lat' dir='ltr'>sed</span> <span class='ocrx_word' id='word_1_224' title='bbox 887 2985 965 3046; x_wconf 90' lang='lat' dir='ltr'>tuno</span> <span class='ocrx_word' id='word_1_225' title='bbox 990 2979 1206 3048; x_wconf 82' lang='lat' dir='ltr'>insolescen-</span> <span class='ocrx_word' id='word_1_226' title='bbox 1266 3070 1268 3076; x_wconf 13' lang='lat'><strong>¹</strong></span> 
     </span>
     <span class='ocr_line' id='line_1_29' title="bbox 84 3072 1206 3166; baseline 0.01 -29"><span class='ocrx_word' id='word_1_227' title='bbox 84 3072 155 3166; x_wconf 85' lang='lat' dir='ltr'>otor,</span> <span class='ocrx_word' id='word_1_228' title='bbox 196 3079 311 3163; x_wconf 88' lang='lat' dir='ltr'>iguem</span> <span class='ocrx_word' id='word_1_229' title='bbox 346 3079 532 3166; x_wconf 89' lang='lat' dir='ltr'>arripuerit,</span> <span class='ocrx_word' id='word_1_230' title='bbox 569 3083 603 3145; x_wconf 92' lang='lat' dir='ltr'>et</span> <span class='ocrx_word' id='word_1_231' title='bbox 635 3095 734 3144; x_wconf 88' lang='lat' dir='ltr'>manu</span> <span class='ocrx_word' id='word_1_232' title='bbox 767 3079 901 3166; x_wconf 85' lang='lat' dir='ltr'>propria</span> <span class='ocrx_word' id='word_1_233' title='bbox 934 3078 1062 3148; x_wconf 90' lang='lat' dir='ltr'>vehens</span> <span class='ocrx_word' id='word_1_234' title='bbox 1095 3078 1206 3148; x_wconf 87' lang='lat' dir='ltr'>villum</span> 
     </span>
     <span class='ocr_line' id='line_1_30' title="bbox 82 3173 1205 3264; baseline 0.005 -27"><span class='ocrx_word' id='word_1_235' title='bbox 82 3173 190 3256; x_wconf 90' lang='lat' dir='ltr'>primus</span> <span class='ocrx_word' id='word_1_236' title='bbox 216 3174 377 3264; x_wconf 89' lang='lat' dir='ltr'>iuoendit,</span> <span class='ocrx_word' id='word_1_237' title='bbox 406 3182 440 3244; x_wconf 92' lang='lat' dir='ltr'>et</span> <span class='ocrx_word' id='word_1_238' title='bbox 465 3175 553 3244; x_wconf 88' lang='lat' dir='ltr'>laeto</span> <span class='ocrx_word' id='word_1_239' title='bbox 579 3193 702 3261; x_wconf 85' lang='lat' dir='ltr'>magno</span> <span class='ocrx_word' id='word_1_240' title='bbox 730 3193 814 3262; x_wconf 87' lang='lat' dir='ltr'>rogo</span> <span class='ocrx_word' id='word_1_241' title='bbox 841 3179 978 3262; x_wconf 88' lang='lat' dir='ltr'>gavisus</span> <span class='ocrx_word' id='word_1_242' title='bbox 1003 3183 1056 3246; x_wconf 91' lang='lat' dir='ltr'>est</span> <span class='ocrx_word' id='word_1_243' title='bbox 1081 3176 1205 3263; x_wconf 88' lang='lat' dir='ltr'>gaudio</span> 
     </span>
     <span class='ocr_line' id='line_1_31' title="bbox 78 3273 1204 3363; baseline 0.007 -27"><span class='ocrx_word' id='word_1_244' title='bbox 78 3285 208 3362; x_wconf 39' lang='lat' dir='ltr'>,magn03</span> <span class='ocrx_word' id='word_1_245' title='bbox 245 3274 425 3362; x_wconf 88' lang='lat' dir='ltr'>dampnum</span> <span class='ocrx_word' id='word_1_246' title='bbox 453 3276 621 3363; x_wconf 91' lang='lat' dir='ltr'>proprium</span> <span class='ocrx_word' id='word_1_247' title='bbox 646 3275 890 3363; x_wconf 84' lang='lat' dir='ltr'>parvipendit.</span> <span class='ocrx_word' id='word_1_248' title='bbox 942 3273 1011 3344; x_wconf 88' lang='lat' dir='ltr'>Sed</span> <span class='ocrx_word' id='word_1_249' title='bbox 1036 3293 1105 3344; x_wconf 90' lang='lat' dir='ltr'>non</span> <span class='ocrx_word' id='word_1_250' title='bbox 1131 3277 1204 3344; x_wconf 90' lang='lat' dir='ltr'>sine</span> 
     </span>
     <span class='ocr_line' id='line_1_32' title="bbox 83 3365 1206 3461; baseline 0.012 -31"><span class='ocrx_word' id='word_1_251' title='bbox 83 3365 176 3440; x_wconf 87' lang='lat' dir='ltr'>truetu</span> <span class='ocrx_word' id='word_1_252' title='bbox 201 3375 234 3442; x_wconf 91' lang='lat' dir='ltr'>iu</span> <span class='ocrx_word' id='word_1_253' title='bbox 263 3373 495 3442; x_wconf 85' lang='lat' dir='ltr'>adnleseentia</span> <span class='ocrx_word' id='word_1_254' title='bbox 520 3373 737 3461; x_wconf 88' lang='lat' dir='ltr'>preliabatur:</span> <span class='ocrx_word' id='word_1_255' title='bbox 766 3374 879 3443; x_wconf 84' lang='lat' dir='ltr'>didicit</span> <span class='ocrx_word' id='word_1_256' title='bbox 906 3377 992 3442; x_wconf 90' lang='lat' dir='ltr'>enim</span> <span class='ocrx_word' id='word_1_257' title='bbox 1011 3380 1089 3444; x_wconf 89' lang='lat' dir='ltr'>tuuo</span> <span class='ocrx_word' id='word_1_258' title='bbox 1115 3373 1206 3461; x_wconf 83' lang='lat' dir='ltr'>quod</span> 
     </span>
     <span class='ocr_line' id='line_1_33' title="bbox 82 3473 1205 3562; baseline 0.006 -27"><span class='ocrx_word' id='word_1_259' title='bbox 82 3476 187 3552; x_wconf 89' lang='lat' dir='ltr'>postea</span> <span class='ocrx_word' id='word_1_260' title='bbox 221 3491 286 3542; x_wconf 93' lang='lat' dir='ltr'>suo</span> <span class='ocrx_word' id='word_1_261' title='bbox 320 3475 528 3562; x_wconf 88' lang='lat' dir='ltr'>intempore</span> <span class='ocrx_word' id='word_1_262' title='bbox 556 3473 712 3561; x_wconf 87' lang='lat' dir='ltr'>explevit.</span> <span class='ocrx_word' id='word_1_263' title='bbox 750 3473 833 3542; x_wconf 89' lang='lat' dir='ltr'>Nam</span> <span class='ocrx_word' id='word_1_264' title='bbox 859 3491 1022 3562; x_wconf 85' lang='lat' dir='ltr'>praeessu</span> <span class='ocrx_word' id='word_1_265' title='bbox 1047 3474 1205 3561; x_wconf 87' lang='lat' dir='ltr'>temporis</span> 
     </span>
     <span class='ocr_line' id='line_1_34' title="bbox 83 3563 1204 3662; baseline 0.008 -31"><span class='ocrx_word' id='word_1_266' title='bbox 83 3563 228 3640; x_wconf 79' lang='lat' dir='ltr'>coaetus5</span> <span class='ocrx_word' id='word_1_267' title='bbox 261 3572 432 3641; x_wconf 86' lang='lat' dir='ltr'>laboriosa</span> <span class='ocrx_word' id='word_1_268' title='bbox 464 3573 644 3640; x_wconf 91' lang='lat' dir='ltr'>oertamina</span> <span class='ocrx_word' id='word_1_269' title='bbox 683 3571 757 3641; x_wconf 91' lang='lat' dir='ltr'>Deo</span> <span class='ocrx_word' id='word_1_270' title='bbox 799 3575 942 3660; x_wconf 90' lang='lat' dir='ltr'>propitio</span> <span class='ocrx_word' id='word_1_271' title='bbox 982 3572 1204 3662; x_wconf 83' lang='lat' dir='ltr'>persolvebat</span> 
     </span>
     <span class='ocr_line' id='line_1_35' title="bbox 83 3661 1204 3761; baseline 0.006 -30"><span class='ocrx_word' id='word_1_272' title='bbox 83 3661 139 3734; x_wconf 91' lang='lat' dir='ltr'>Sed</span> <span class='ocrx_word' id='word_1_273' title='bbox 163 3669 319 3740; x_wconf 90' lang='lat' dir='ltr'>dominus</span> <span class='ocrx_word' id='word_1_274' title='bbox 345 3670 507 3740; x_wconf 84' lang='lat' dir='ltr'>lludollus</span> <span class='ocrx_word' id='word_1_275' title='bbox 530 3671 598 3740; x_wconf 85' lang='lat' dir='ltr'>dux</span> <span class='ocrx_word' id='word_1_276' title='bbox 622 3672 744 3761; x_wconf 90' lang='lat' dir='ltr'>senior,</span> <span class='ocrx_word' id='word_1_277' title='bbox 772 3671 814 3742; x_wconf 89' lang='lat' dir='ltr'>ad</span> <span class='ocrx_word' id='word_1_278' title='bbox 829 3671 1038 3761; x_wconf 88' lang='lat' dir='ltr'>preliandum</span> <span class='ocrx_word' id='word_1_279' title='bbox 1056 3672 1204 3760; x_wconf 76' lang='lat' dir='ltr'>segnior,</span> 
     </span>
     <span class='ocr_line' id='line_1_36' title="bbox 83 3766 1204 3857; baseline 0.01 -30"><span class='ocrx_word' id='word_1_280' title='bbox 83 3766 179 3836; x_wconf 85' lang='lat' dir='ltr'>sciens</span> <span class='ocrx_word' id='word_1_281' title='bbox 212 3788 292 3839; x_wconf 87' lang='lat' dir='ltr'>esse</span> <span class='ocrx_word' id='word_1_282' title='bbox 325 3769 472 3839; x_wconf 85' lang='lat' dir='ltr'>dedeous</span> <span class='ocrx_word' id='word_1_283' title='bbox 508 3775 541 3840; x_wconf 90' lang='lat' dir='ltr'>et</span> <span class='ocrx_word' id='word_1_284' title='bbox 576 3770 797 3857; x_wconf 86' lang='lat' dir='ltr'>multiplieiter</span> <span class='ocrx_word' id='word_1_285' title='bbox 836 3771 1033 3840; x_wconf 88' lang='lat' dir='ltr'>inhonorum</span> <span class='ocrx_word' id='word_1_286' title='bbox 1073 3770 1204 3854; x_wconf 80' lang='lat' dir='ltr'>litigare</span> 
     </span>
     <span class='ocr_line' id='line_1_37' title="bbox 82 3869 1216 3959; baseline 0.003 -29"><span class='ocrx_word' id='word_1_287' title='bbox 82 3869 201 3954; x_wconf 87' lang='lat' dir='ltr'>proprio</span> <span class='ocrx_word' id='word_1_288' title='bbox 229 3887 304 3938; x_wconf 88' lang='lat' dir='ltr'>eum</span> <span class='ocrx_word' id='word_1_289' title='bbox 331 3887 501 3959; x_wconf 88' lang='lat' dir='ltr'>germano,</span> <span class='ocrx_word' id='word_1_290' title='bbox 529 3875 639 3937; x_wconf 88' lang='lat' dir='ltr'>tamen</span> <span class='ocrx_word' id='word_1_291' title='bbox 666 3872 868 3938; x_wconf 81' lang='lat' dir='ltr'>necessitate</span> <span class='ocrx_word' id='word_1_292' title='bbox 895 3873 1096 3958; x_wconf 84' lang='lat' dir='ltr'>perurgente</span> <span class='ocrx_word' id='word_1_293' title='bbox 1121 3886 1216 3956; x_wconf 44' lang='lat' dir='ltr'>par-w</span> 
     </span>
     <span class='ocr_line' id='line_1_38' title="bbox 16 4013 1205 4086; baseline 0.006 -22"><span class='ocrx_word' id='word_1_294' title='bbox 16 4029 17 4032; x_wconf 43' lang='lat'>¹</span> <span class='ocrx_word' id='word_1_295' title='bbox 110 4013 136 4079; x_wconf 88' lang='lat' dir='ltr'>l)</span> <span class='ocrx_word' id='word_1_296' title='bbox 155 4015 204 4070; x_wconf 85' lang='lat' dir='ltr'>iiie</span> <span class='ocrx_word' id='word_1_297' title='bbox 217 4017 469 4084; x_wconf 86' lang='lat' dir='ltr'>tlreilungsurlmnde</span> <span class='ocrx_word' id='word_1_298' title='bbox 481 4018 505 4072; x_wconf 73' lang='lat' dir='ltr'>d,</span> <span class='ocrx_word' id='word_1_299' title='bbox 521 4015 536 4068; x_wconf 90' lang='lat' dir='ltr'>d</span> <span class='ocrx_word' id='word_1_300' title='bbox 558 4016 696 4085; x_wconf 79' lang='lat' dir='ltr'>Minclen,</span> <span class='ocrx_word' id='word_1_301' title='bbox 715 4017 783 4071; x_wconf 86' lang='lat'>1310</span> <span class='ocrx_word' id='word_1_302' title='bbox 795 4023 845 4070; x_wconf 84' lang='lat' dir='ltr'>oet.</span> <span class='ocrx_word' id='word_1_303' title='bbox 856 4019 868 4072; x_wconf 89' lang='lat' dir='ltr'>l</span> <span class='ocrx_word' id='word_1_304' title='bbox 880 4019 914 4072; x_wconf 91' lang='lat' dir='ltr'>ist</span> <span class='ocrx_word' id='word_1_305' title='bbox 926 4013 1052 4086; x_wconf 84' lang='lat' dir='ltr'>gedruckt</span> <span class='ocrx_word' id='word_1_306' title='bbox 1065 4015 1205 4083; x_wconf 76' lang='lat' dir='ltr'>(Scheidt)</span> 
     </span>
     <span class='ocr_line' id='line_1_39' title="bbox 16 4076 1205 4144; baseline 0.008 -15"><span class='ocrx_word' id='word_1_307' title='bbox 16 4109 17 4144; x_wconf 81' lang='lat'>3</span> <span class='ocrx_word' id='word_1_308' title='bbox 82 4076 138 4135; x_wconf 83' lang='lat' dir='ltr'>titi.</span> <span class='ocrx_word' id='word_1_309' title='bbox 159 4084 216 4138; x_wconf 83' lang='lat' dir='ltr'>trist</span> <span class='ocrx_word' id='word_1_310' title='bbox 246 4084 316 4139; x_wconf 76' lang='lat' dir='ltr'>dart.</span> <span class='ocrx_word' id='word_1_311' title='bbox 343 4085 400 4140; x_wconf 83' lang='lat'>223.</span> <span class='ocrx_word' id='word_1_312' title='bbox 437 4085 625 4141; x_wconf 79' lang='lat' dir='ltr'>Aettenlilroler</span> <span class='ocrx_word' id='word_1_313' title='bbox 648 4084 740 4140; x_wconf 87' lang='lat' dir='ltr'>Gescli.</span> <span class='ocrx_word' id='word_1_314' title='bbox 759 4099 811 4138; x_wconf 85' lang='lat' dir='ltr'>ron</span> <span class='ocrx_word' id='word_1_315' title='bbox 830 4087 923 4140; x_wconf 86' lang='lat' dir='ltr'>Baiem</span> <span class='ocrx_word' id='word_1_316' title='bbox 950 4086 1008 4139; x_wconf 80' lang='lat'><strong>207.</strong></span> <span class='ocrx_word' id='word_1_317' title='bbox 1044 4085 1150 4140; x_wconf 70' lang='lat' dir='ltr'>Fischer</span> <span class='ocrx_word' id='word_1_318' title='bbox 1166 4085 1205 4140; x_wconf 84' lang='lat' dir='ltr'>lll.</span> 
     </span>
     <span class='ocr_line' id='line_1_40' title="bbox 16 4145 1206 4221; baseline 0.009 -25"><span class='ocrx_word' id='word_1_319' title='bbox 16 4147 17 4208; x_wconf 63' lang='grc' dir='ltr'>Ϊ</span> <span class='ocrx_word' id='word_1_320' title='bbox 83 4145 198 4205; x_wconf 78' lang='lat' dir='ltr'>Solriden</span> <span class='ocrx_word' id='word_1_321' title='bbox 219 4155 243 4212; x_wconf 84' lang='lat'>2.</span> <span class='ocrx_word' id='word_1_322' title='bbox 263 4154 320 4207; x_wconf 82' lang='lat'>530.</span> <span class='ocrx_word' id='word_1_323' title='bbox 358 4155 389 4221; x_wconf 83' lang='lat'>2)</span> <span class='ocrx_word' id='word_1_324' title='bbox 409 4155 482 4209; x_wconf 80' lang='lat' dir='ltr'>ducis</span> <span class='ocrx_word' id='word_1_325' title='bbox 501 4154 540 4208; x_wconf 82' lang='lat' dir='ltr'>rs.</span> <span class='ocrx_word' id='word_1_326' title='bbox 577 4153 1206 4219; x_wconf 81' lang='lat' dir='ltr'>3)adiuvaresioutlmteradiuvatltatOelele‚</span> 
     </span>
    </p>
   </div>
   <div class='ocr_carea' id='block_1_3' title="bbox 16 4216 1205 4356">
    <p class='ocr_par' dir='ltr' id='par_1_3' title="bbox 16 4216 1205 4356">
     <span class='ocr_line' id='line_1_41' title="bbox 16 4216 1205 4290; baseline 0.006 -21"><span class='ocrx_word' id='word_1_327' title='bbox 16 4221 17 4224; x_wconf 75' lang='grc'>’</span> <span class='ocrx_word' id='word_1_328' title='bbox 82 4216 284 4278; x_wconf 82' lang='lat' dir='ltr'>ualrsdreiulioh</span> <span class='ocrx_word' id='word_1_329' title='bbox 301 4222 364 4276; x_wconf 82' lang='lat' dir='ltr'>weil</span> <span class='ocrx_word' id='word_1_330' title='bbox 382 4222 425 4278; x_wconf 91' lang='lat' dir='ltr'>die</span> <span class='ocrx_word' id='word_1_331' title='bbox 444 4223 593 4284; x_wconf 77' lang='lat' dir='ltr'>abldrzuug</span> <span class='ocrx_word' id='word_1_332' title='bbox 609 4236 630 4276; x_wconf 87' lang='lat' dir='ltr'>s.</span> <span class='ocrx_word' id='word_1_333' title='bbox 648 4220 679 4276; x_wconf 72' lang='lat' dir='ltr'>ii.</span> <span class='ocrx_word' id='word_1_334' title='bbox 697 4223 767 4276; x_wconf 80' lang='lat' dir='ltr'>nictit</span> <span class='ocrx_word' id='word_1_335' title='bbox 779 4221 938 4277; x_wconf 84' lang='lat' dir='ltr'>varstandeu</span> <span class='ocrx_word' id='word_1_336' title='bbox 955 4221 1054 4278; x_wconf 85' lang='lat' dir='ltr'>warda.</span> <span class='ocrx_word' id='word_1_337' title='bbox 1089 4225 1121 4290; x_wconf 80' lang='lat' dir='ltr'>t]</span> <span class='ocrx_word' id='word_1_338' title='bbox 1138 4221 1205 4278; x_wconf 89' lang='lat' dir='ltr'>ado-</span> 
     </span>
     <span class='ocr_line' id='line_1_42' title="bbox 82 4281 491 4356; baseline 0.024 -20"><span class='ocrx_word' id='word_1_339' title='bbox 82 4281 200 4342; x_wconf 80' lang='lat' dir='ltr'>lescentia</span> <span class='ocrx_word' id='word_1_340' title='bbox 220 4290 259 4343; x_wconf 87' lang='lat' dir='ltr'>trs.</span> <span class='ocrx_word' id='word_1_341' title='bbox 295 4291 326 4356; x_wconf 84' lang='lat'>5)</span> <span class='ocrx_word' id='word_1_342' title='bbox 346 4296 434 4348; x_wconf 85' lang='lat' dir='ltr'>cactus</span> <span class='ocrx_word' id='word_1_343' title='bbox 452 4292 491 4346; x_wconf 84' lang='lat' dir='ltr'>trs.</span> 
     </span>
    </p>
   </div>
   <div class='ocr_carea' id='block_1_4' title="bbox 0 0 1506 4880">
    <p class='ocr_par' dir='ltr' id='par_1_4' title="bbox 0 0 1506 4880">
     <span class='ocr_line' id='line_1_43' title="bbox 0 0 1506 4880; baseline 0 5"><span class='ocrx_word' id='word_1_344' title='bbox 0 0 1506 4880; x_wconf 95' lang='lat' dir='ltr'> </span> 
     </span>
    </p>
   </div>
  </div>
 </body>
</html>
