3028 4878
438 211 579 258 ronannss
601 211 811 256 vroronmnsrs.
847 208 872 275 6,
894 211 932 263 10.
1184 182 1256 250 t39

191 351 265 419 Hoc
288 368 377 419 anno
399 367 457 418 rex
482 350 622 418 Francia
647 353 680 418 et
700 345 823 434 Anglie
846 367 889 418 err
912 351 1061 439 partibus
1079 348 1257 436 Pyhardo-
1278 361 1344 414 ram

121 469 188 518 rum
213 450 425 518 conveniunt.
460 449 647 516 Tornacum
674 447 791 516 civitas
817 468 837 516 a
864 467 946 536 rege
966 447 1089 536 Anglic
1116 447 1257 516 obside-

121 556 190 639 tur,
215 547 275 617 sed
303 549 451 616 instante
477 547 597 635 hyeme
630 565 704 615 cum
730 550 856 633 treugis
888 548 929 616 ab
955 550 1096 619 invicem
1122 547 1257 618 disces-

122 653 246 716 semnt.
279 647 460 734 Imperator
486 663 601 732 regem
625 642 747 732 Anglie
780 647 939 716 vicariatu
964 645 1178 735 quarumdam
1205 648 1257 714 ci·-

121 748 254 814 vitatum
280 746 408 834 imperii
433 746 468 812 in
493 745 643 832 partibus
669 743 880 814 inferioribus
897 746 1064 836 spoliavit,
1093 763 1178 834 quas
1194 745 1259 812 sibi

118 844 243 934 pridem
260 845 295 912 in
316 843 528 912 defensionis
546 843 701 912 auxilium
720 843 980 932 commendavit3
1009 851 1043 914 et
1063 844 1153 935 ideo,
1180 845 1259 932 quia

119 963 175 1012 rex
212 961 306 1033 eum,
346 960 387 1011 eo
422 942 513 1029 quod
547 944 582 1011 in
620 941 804 1010 subsidium
837 945 909 1011 cius
944 961 1012 1012 non
1047 949 1185 1012 venerat
1223 950 1258 1010 ut

117 1044 283 1131 promisit,
317 1041 505 1110 civitatibus
540 1046 574 1108 et
604 1041 807 1129 principibus
841 1041 1008 1112 detulerit.
1049 1042 1133 1110 Nam
1166 1044 1257 1110 iuxta

119 1140 347 1210 Salomonem:
382 1137 636 1231 „Occasionem
667 1141 792 1229 querit,
827 1141 883 1228 qui
918 1141 988 1210 vult
1021 1141 1179 1210 recedere
1215 1140 1256 1209 ab

119 1237 260 1309 amico.“

189 1339 265 1408 Hoc
277 1358 366 1409 anno
380 1358 480 1428 reges
498 1340 644 1410 Castelle
661 1344 694 1407 et
707 1335 896 1424 Arragonie
914 1346 1030 1408 contra
1041 1339 1257 1428 Sarracenos,

118 1439 244 1506 scilicet
260 1457 400 1527 regnum
418 1440 647 1528 Granatorum,
669 1456 741 1505 oum
762 1437 890 1506 infinita
910 1438 1118 1507 multitudine
1137 1455 1176 1505 se
1192 1456 1257 1525 pa-

118 1537 246 1606 rabant.
279 1539 317 1606 ln
335 1537 390 1608 die
406 1531 615 1608 sanctorum¹
633 1538 864 1605 communione
879 1555 976 1606 sacra
992 1536 1035 1606 de
1052 1554 1153 1604 manu
1170 1554 1257 1624 pape

115 1642 283 1726 percepta,
312 1639 452 1725 eiusque
478 1636 717 1708 benedictione
742 1635 868 1726 firmati,
897 1636 1059 1704 abeuntes
1088 1651 1143 1702 res
1169 1651 1257 1720 ege-

114 1743 195 1803 runt.
230 1737 271 1804 Et
297 1739 472 1824 prostratis
498 1737 680 1805 innumeris
708 1735 786 1802 viris
813 1739 847 1801 et
866 1734 1069 1825 mulieribus,
1097 1751 1162 1821 que
1182 1749 1257 1800 oum

113 1835 190 1902 viris
216 1833 259 1902 ad
277 1836 416 1922 prelium
431 1840 601 1924 venerant,
630 1852 704 1902 cum
729 1831 854 1918 gaudio
881 1833 1062 1903 redierunt.
1094 1831 1166 1899 Rex
1186 1830 1256 1899 Ca-

115 1934 211 2000 stelle
239 1935 394 2002 vexillum
422 1952 483 2004 sue
509 1935 662 2022 victoria,
688 1931 751 2002 sub
778 1948 845 2019 quo
871 1933 1101 2021 triumphavit,
1128 1948 1257 1999 summo

112 2032 264 2119 pontifici
297 2031 486 2102 destinavit.
526 2032 590 2114 Qui
625 2033 801 2118 sollempni
834 2048 943 2099 voce:
976 2031 1133 2122 „vexilla
1166 2031 1257 2115 regis

115 2128 318 2222 prodeunt,“
354 2131 555 2202 decantavit
596 2131 689 2199 Fecit
723 2147 857 2217 quoque
893 2145 1080 2199 sermonem
1107 2129 1149 2197 de
1174 2129 1258 2196 libro

114 2228 279 2319 Indicum,
298 2230 354 2302 ubi
370 2231 411 2300 de
430 2232 568 2300 victoria
584 2229 713 2319 ¹Barach
731 2234 765 2296 et
782 2227 939 2296 Debbore
956 2234 990 2296 et
1009 2237 1114 2298 morte
1132 2228 1257 2314 Syzare

117 2330 238 2417 agitur,
267 2329 396 2398 dicens:
422 2329 504 2420 „Sic
530 2334 670 2417 percant
695 2327 818 2396 inimici
835 2329 882 2394 tui
898 2327 1049 2413 domine,
1078 2329 1257 2414 quiautem

117 2426 263 2514 diligunt
289 2433 337 2517 te,
373 2429 459 2496 sieut
486 2428 538 2496 sol
564 2430 597 2495 in
624 2432 699 2494 ortu
725 2444 787 2494 suo
814 2424 992 2514 splendet,
1020 2428 1065 2493 ita
1092 2421 1259 2493 rrrtilent.“

111 2525 245 2596 Milites
272 2525 458 2597 Kalatravie
486 2526 528 2595 de
553 2524 768 2615 professione
800 2523 1033 2592 Cisterciensis
1061 2523 1186 2592 ordinis
1213 2523 1258 2590 ibi

113 2625 309 2694 mirabiliter
334 2632 368 2694 et
394 2627 544 2713 gloriose
572 2628 816 2714 pugnaverunt,
843 2629 877 2690 et
893 2623 1146 2691 inestimabilem
1174 2623 1258 2689 mul-

112 2724 288 2794 titudinem
305 2725 419 2813 populi
438 2724 601 2793 barbarici
619 2727 880 2812 prostraverunt.
912 2722 1036 2811 Fertur,
1063 2721 1153 2809 quod
1171 2722 1258 2788 inter

111 2820 322 2893 Christianos
352 2830 386 2892 et
411 2824 579 2893 Barbaros
606 2829 761 2908 stagnum
787 2820 888 2888 latum
907 2822 979 2888 sive
995 2818 1161 2907 quoddam
1176 2818 1257 2886 bra-

115 2921 226 2990 chium
246 2923 343 2992 maris
361 2922 470 3013 luerit,
498 2922 588 3010 quod
611 2921 766 2990 dominus
782 2918 825 2987 ad
852 2918 1112 2988 Christianorum
1137 2935 1259 3008 preces

113 3021 274 3111 siccavit,
300 3027 337 3088 ut
360 3027 504 3110 possent
528 3023 562 3089 in
589 3021 727 3109 prelium
753 3020 945 3088 convenire.
980 3017 1122 3099 Quidam
1147 3018 1260 3104 magni

113 3117 376 3188 Sarracenorum
408 3121 571 3209 principis
607 3119 695 3186 hlius
728 3135 802 3186 cum
833 3117 984 3205 pluribus
1017 3122 1155 3207 captus,
1181 3115 1258 3183 dum

114 3215 215 3286 fidem
241 3217 362 3288 Christi
386 3219 641 3307 blasphemaret,
669 3216 844 3302 occiditur,
872 3214 915 3283 de
933 3232 1000 3302 quo
1018 3216 1257 3304 gloriabantur,

110 3317 205 3403 quod
231 3319 266 3386 in
286 3317 414 3386 bortum
431 3317 609 3386 Machmeti
631 3314 840 3383 introductus
868 3314 965 3382 melle
992 3315 1080 3382 lacte
1107 3314 1257 3383 balsamo

107 3422 142 3483 et
168 3415 301 3484 deliciis
328 3416 605 3484 inestimabilibus
632 3413 835 3502 perfruatur;
863 3417 896 3479 et
925 3413 974 3481 sic
992 3419 1086 3501 pater
1105 3419 1139 3481 et
1155 3418 1258 3480 mater

107 3515 383 3605 consolabantur,
410 3521 444 3582 at
470 3516 525 3583 alii
552 3514 595 3582 ad
623 3513 764 3602 prelium
796 3510 859 3578 sub
887 3529 948 3600 spe
974 3511 1090 3579 harum
1116 3511 1258 3579 delicia-

108 3631 185 3682 rum
216 3613 357 3682 alacrius
385 3614 606 3682 armabantur.

189 3711 265 3781 Hoc
296 3714 396 3781 ctiam
424 3730 513 3781 anno
544 3708 729 3782 Friderlcus
758 3707 948 3778 Libertious
969 3705 1012 3775 de
1037 3695 1195 3776 Sunech²
1216 3705 1259 3773 ab

149 3895 182 3958 l)
204 3893 421 3948 wahrschoinlich
447 3894 523 3947 sollte
547 3905 577 3946 es
599 3893 722 3962 beissen:
748 3893 862 3946 omnium
885 3891 1055 3958 Sanctorum
1079 3889 1126 3944 der
1149 3891 1191 3954 tog
1211 3887 1261 3940 der

111 3961 236 4015 schlacht
259 3961 327 4015 wrrd
348 3961 523 4017 verschiedeu
549 3959 721 4028 angegeben,
747 3959 814 4014 nach
841 3961 928 4013 anita
951 3973 1006 4012 war
1032 3959 1071 4012 sie
1094 3971 1135 4010 am
1157 3955 1191 4009 30
1209 3963 1259 4010 oet.

111 4031 145 4095 2)
166 4043 199 4084 so
218 4030 273 4084 lese
291 4030 331 4083 ich
351 4031 397 4082 mit
414 4029 586 4094 Wiirdtwelm
604 4027 859 4092 sicambrorum
881 4026 1006 4094 libripens
1024 4031 1112 4082 sctzen
1131 4023 1261 4092 Wissgrill

110 4098 166 4150 und
194 4097 325 4162 Biisching
353 4099 427 4152 diese
451 4097 586 4165 erbbhung
611 4099 653 4150 ius
679 4097 735 4150 iabr
761 4097 834 4150 rati.
870 4097 937 4150 llerr
960 4096 1020 4148 Birlr
1037 4097 1065 4148 in
1092 4092 1168 4148 Wieu
1193 4093 1259 4148 wind

108 4165 230 4219 darirber
253 4163 407 4233 gewissheit
433 4165 595 4219 verschailen
622 4178 702 4218 wenn
727 4177 756 4216 er
775 4165 850 4218 seine
868 4163 1018 4230 geschichte
1036 4162 1082 4216 der
1100 4159 1189 4228 graleu
1208 4175 1260 4218 vau

109 4234 173 4288 Cilli
196 4233 373 4302 harausgiabt,
392 4235 473 4288 deren
491 4232 647 4302 grilndlicbe
666 4229 833 4288 vcrarbciteu
851 4231 893 4288 ich
912 4232 1028 4299 gesehcn
1047 4229 1122 4284 babo.
