<?xml version="1.0" encoding="UTF-8"?>
<!DOCTYPE html PUBLIC "-//W3C//DTD XHTML 1.0 Transitional//EN"
    "http://www.w3.org/TR/xhtml1/DTD/xhtml1-transitional.dtd">
<html xmlns="http://www.w3.org/1999/xhtml" xml:lang="en" lang="en">
 <head>
  <title>
</title>
<meta http-equiv="Content-Type" content="text/html;charset=utf-8" />
  <meta name='ocr-system' content='tesseract 3.04.00' />
  <meta name='ocr-capabilities' content='ocr_page ocr_carea ocr_par ocr_line ocrx_word'/>
</head>
<body>
  <div class='ocr_page' id='page_1' title='image "./fontesrerumgerm02hubegoog_0433.png"; bbox 0 0 3028 4878; ppageno 0'>
   <div class='ocr_carea' id='block_1_1' title="bbox 906 33 918 68">
    <p class='ocr_par' dir='ltr' id='par_1_1' title="bbox 906 33 918 68">
     <span class='ocr_line' id='line_1_1' title="bbox 906 33 918 68; baseline 0 0"><span class='ocrx_word' id='word_1_1' title='bbox 906 33 918 68; x_wconf 69' lang='lat' dir='ltr'><strong>b</strong></span> 
     </span>
    </p>
   </div>
   <div class='ocr_carea' id='block_1_2' title="bbox 275 167 1068 262">
    <p class='ocr_par' dir='ltr' id='par_1_2' title="bbox 275 167 1068 262">
     <span class='ocr_line' id='line_1_2' title="bbox 275 167 1068 262; baseline 0.014 -26"><span class='ocrx_word' id='word_1_2' title='bbox 275 167 345 236; x_wconf 83' lang='lat'><strong>388</strong></span> <span class='ocrx_word' id='word_1_3' title='bbox 599 195 740 242; x_wconf 84' lang='lat' dir='ltr'><strong>ronnunrrs</strong></span> <span class='ocrx_word' id='word_1_4' title='bbox 761 196 966 242; x_wconf 85' lang='lat' dir='ltr'><strong>vrcromrrsvs.</strong></span> <span class='ocrx_word' id='word_1_5' title='bbox 1003 197 1026 262; x_wconf 87' lang='lat'><strong>5,</strong></span> <span class='ocrx_word' id='word_1_6' title='bbox 1045 194 1068 247; x_wconf 85' lang='lat'><strong>3.</strong></span> 
     </span>
    </p>
   </div>
   <div class='ocr_carea' id='block_1_3' title="bbox 191 321 1499 1902">
    <p class='ocr_par' dir='ltr' id='par_1_3' title="bbox 191 321 1499 1902">
     <span class='ocr_line' id='line_1_3' title="bbox 191 321 1499 425; baseline 0 -21"><span class='ocrx_word' id='word_1_7' title='bbox 191 321 258 375; x_wconf 73' lang='lat'><strong>¹3¹⁶</strong></span> <span class='ocrx_word' id='word_1_8' title='bbox 277 336 437 424; x_wconf 88' lang='lat' dir='ltr'><strong>captivis,</strong></span> <span class='ocrx_word' id='word_1_9' title='bbox 464 333 604 422; x_wconf 89' lang='lat' dir='ltr'><strong>prelium</strong></span> <span class='ocrx_word' id='word_1_10' title='bbox 630 332 841 424; x_wconf 82' lang='lat' dir='ltr'><strong>dissolvitur,</strong></span> <span class='ocrx_word' id='word_1_11' title='bbox 877 341 910 405; x_wconf 90' lang='lat' dir='ltr'><strong>ct</strong></span> <span class='ocrx_word' id='word_1_12' title='bbox 936 337 1043 404; x_wconf 78' lang='lat' dir='ltr'><strong>neutri</strong></span> <span class='ocrx_word' id='word_1_13' title='bbox 1070 335 1155 425; x_wconf 87' lang='lat' dir='ltr'><strong>parti</strong></span> <span class='ocrx_word' id='word_1_14' title='bbox 1178 335 1320 421; x_wconf 87' lang='lat' dir='ltr'><strong>victoria</strong></span> <span class='ocrx_word' id='word_1_15' title='bbox 1344 353 1405 424; x_wconf 94' lang='lat' dir='ltr'><strong>po·</strong></span> <span class='ocrx_word' id='word_1_16' title='bbox 1498 367 1499 418; x_wconf 73' lang='lat'>;</span> 
     </span>
     <span class='ocr_line' id='line_1_4' title="bbox 274 433 1499 526; baseline -0.003 -25"><span class='ocrx_word' id='word_1_17' title='bbox 274 440 359 503; x_wconf 86' lang='lat' dir='ltr'><strong>terat</strong></span> <span class='ocrx_word' id='word_1_18' title='bbox 384 433 566 501; x_wconf 90' lang='lat' dir='ltr'><strong>acclamari.</strong></span> <span class='ocrx_word' id='word_1_19' title='bbox 678 435 681 442; x_wconf 81' lang='grc'>’</span> <span class='ocrx_word' id='word_1_20' title='bbox 1498 433 1499 526; x_wconf 68' lang='lat' dir='ltr'>J</span> 
     </span>
     <span class='ocr_line' id='line_1_5' title="bbox 348 530 1499 620; baseline -0.001 -21"><span class='ocrx_word' id='word_1_21' title='bbox 348 533 515 601; x_wconf 88' lang='lat' dir='ltr'><strong>lohannes</strong></span> <span class='ocrx_word' id='word_1_22' title='bbox 541 549 628 620; x_wconf 88' lang='lat' dir='ltr'><strong>papa</strong></span> <span class='ocrx_word' id='word_1_23' title='bbox 654 531 838 616; x_wconf 80' lang='lat' dir='ltr'><strong>vigesimus</strong></span> <span class='ocrx_word' id='word_1_24' title='bbox 857 533 1027 602; x_wconf 89' lang='lat' dir='ltr'><strong>secundus</strong></span> <span class='ocrx_word' id='word_1_25' title='bbox 1054 530 1184 601; x_wconf 89' lang='lat' dir='ltr'><strong>Avionc</strong></span> <span class='ocrx_word' id='word_1_26' title='bbox 1208 531 1249 599; x_wconf 92' lang='lat' dir='ltr'><strong>ab</strong></span> <span class='ocrx_word' id='word_1_27' title='bbox 1270 531 1405 600; x_wconf 76' lang='lat' dir='ltr'><strong>inclusis</strong></span> <span class='ocrx_word' id='word_1_28' title='bbox 1498 533 1499 582; x_wconf 66' lang='grc' dir='ltr'>ἒ</span> 
     </span>
     <span class='ocr_line' id='line_1_6' title="bbox 275 629 1406 717; baseline -0.002 -19"><span class='ocrx_word' id='word_1_29' title='bbox 275 631 497 700; x_wconf 88' lang='lat' dir='ltr'><strong>cardinalibus</strong></span> <span class='ocrx_word' id='word_1_30' title='bbox 524 637 576 698; x_wconf 92' lang='lat' dir='ltr'><strong>est</strong></span> <span class='ocrx_word' id='word_1_31' title='bbox 602 630 730 697; x_wconf 89' lang='lat' dir='ltr'><strong>electus</strong></span> <span class='ocrx_word' id='word_1_32' title='bbox 757 646 845 698; x_wconf 87' lang='lat' dir='ltr'><strong>anno</strong></span> <span class='ocrx_word' id='word_1_33' title='bbox 872 629 997 700; x_wconf 91' lang='lat' dir='ltr'><strong>domini</strong></span> <span class='ocrx_word' id='word_1_34' title='bbox 1023 631 1212 700; x_wconf 78' lang='lat' dir='ltr'><strong>moconvi.</strong></span> <span class='ocrx_word' id='word_1_35' title='bbox 1238 631 1271 697; x_wconf 92' lang='lat' dir='ltr'><strong>in</strong></span> <span class='ocrx_word' id='word_1_36' title='bbox 1298 631 1406 717; x_wconf 84' lang='lat' dir='ltr'><strong>vigilia</strong></span> 
     </span>
     <span class='ocr_line' id='line_1_7' title="bbox 275 725 1499 820; baseline -0.002 -22"><span class='ocrx_word' id='word_1_37' title='bbox 275 731 444 820; x_wconf 85' lang='lat' dir='ltr'><strong>passionis</strong></span> <span class='ocrx_word' id='word_1_38' title='bbox 478 729 705 817; x_wconf 91' lang='lat' dir='ltr'><strong>apostolorum</strong></span> <span class='ocrx_word' id='word_1_39' title='bbox 732 727 819 795; x_wconf 89' lang='lat' dir='ltr'><strong>Petri</strong></span> <span class='ocrx_word' id='word_1_40' title='bbox 845 736 879 797; x_wconf 90' lang='lat' dir='ltr'><strong>ot</strong></span> <span class='ocrx_word' id='word_1_41' title='bbox 903 725 1025 799; x_wconf 80' lang='lat' dir='ltr'><strong>raurrt</strong></span> <span class='ocrx_word' id='word_1_42' title='bbox 1060 730 1123 798; x_wconf 91' lang='lat' dir='ltr'><strong>Hic</strong></span> <span class='ocrx_word' id='word_1_43' title='bbox 1155 747 1243 819; x_wconf 91' lang='lat' dir='ltr'><strong>papa</strong></span> <span class='ocrx_word' id='word_1_44' title='bbox 1275 734 1346 797; x_wconf 91' lang='lat' dir='ltr'><strong>erat</strong></span> <span class='ocrx_word' id='word_1_45' title='bbox 1371 729 1406 796; x_wconf 90' lang='lat' dir='ltr'><strong>ab</strong></span> <span class='ocrx_word' id='word_1_46' title='bbox 1498 731 1499 774; x_wconf 71' lang='lat' dir='ltr'><strong>l</strong></span> 
     </span>
     <span class='ocr_line' id='line_1_8' title="bbox 275 827 1408 917; baseline -0.003 -21"><span class='ocrx_word' id='word_1_47' title='bbox 275 830 441 917; x_wconf 80' lang='lat' dir='ltr'><strong>aliquibus</strong></span> <span class='ocrx_word' id='word_1_48' title='bbox 469 827 630 915; x_wconf 90' lang='lat' dir='ltr'><strong>deceptus</strong></span> <span class='ocrx_word' id='word_1_49' title='bbox 657 843 768 893; x_wconf 90' lang='lat' dir='ltr'><strong>errore</strong></span> <span class='ocrx_word' id='word_1_50' title='bbox 795 827 868 895; x_wconf 88' lang='lat' dir='ltr'><strong>tali:</strong></span> <span class='ocrx_word' id='word_1_51' title='bbox 904 828 995 915; x_wconf 93' lang='lat' dir='ltr'><strong>quod</strong></span> <span class='ocrx_word' id='word_1_52' title='bbox 1028 831 1135 897; x_wconf 89' lang='lat' dir='ltr'><strong>arrimo</strong></span> <span class='ocrx_word' id='word_1_53' title='bbox 1162 835 1352 896; x_wconf 91' lang='lat' dir='ltr'><strong>sanctorum</strong></span> <span class='ocrx_word' id='word_1_54' title='bbox 1380 833 1408 894; x_wconf 93' lang='lat' dir='ltr'><strong>et</strong></span> 
     </span>
     <span class='ocr_line' id='line_1_9' title="bbox 274 925 1407 1017; baseline -0.003 -21"><span class='ocrx_word' id='word_1_55' title='bbox 274 934 491 1017; x_wconf 81' lang='lat' dir='ltr'><strong>purgatorum</strong></span> <span class='ocrx_word' id='word_1_56' title='bbox 517 945 536 993; x_wconf 88' lang='lat' dir='ltr'><strong>a</strong></span> <span class='ocrx_word' id='word_1_57' title='bbox 564 925 758 1013; x_wconf 78' lang='lat' dir='ltr'><strong>corporibus</strong></span> <span class='ocrx_word' id='word_1_58' title='bbox 792 931 946 1014; x_wconf 83' lang='lat' dir='ltr'><strong>separate</strong></span> <span class='ocrx_word' id='word_1_59' title='bbox 980 946 1048 996; x_wconf 94' lang='lat' dir='ltr'><strong>non</strong></span> <span class='ocrx_word' id='word_1_60' title='bbox 1085 933 1200 996; x_wconf 91' lang='lat' dir='ltr'><strong>essent</strong></span> <span class='ocrx_word' id='word_1_61' title='bbox 1231 925 1343 994; x_wconf 91' lang='lat' dir='ltr'><strong>adhuc</strong></span> <span class='ocrx_word' id='word_1_62' title='bbox 1377 928 1407 992; x_wconf 95' lang='lat' dir='ltr'><strong>in</strong></span> 
     </span>
     <span class='ocr_line' id='line_1_10' title="bbox 275 1024 1408 1115; baseline -0.004 -21"><span class='ocrx_word' id='word_1_63' title='bbox 275 1028 359 1115; x_wconf 88' lang='lat' dir='ltr'><strong>celo,</strong></span> <span class='ocrx_word' id='word_1_64' title='bbox 386 1026 502 1093; x_wconf 93' lang='lat' dir='ltr'><strong>necin</strong></span> <span class='ocrx_word' id='word_1_65' title='bbox 523 1025 693 1091; x_wconf 91' lang='lat' dir='ltr'><strong>consortio</strong></span> <span class='ocrx_word' id='word_1_66' title='bbox 722 1024 919 1108; x_wconf 77' lang='lat' dir='ltr'><strong>angelorum</strong></span> <span class='ocrx_word' id='word_1_67' title='bbox 945 1031 1145 1114; x_wconf 90' lang='lat' dir='ltr'><strong>sanctorum,</strong></span> <span class='ocrx_word' id='word_1_68' title='bbox 1172 1042 1236 1093; x_wconf 92' lang='lat' dir='ltr'><strong>nec</strong></span> <span class='ocrx_word' id='word_1_69' title='bbox 1261 1025 1408 1093; x_wconf 89' lang='lat' dir='ltr'><strong>viderent</strong></span> 
     </span>
     <span class='ocr_line' id='line_1_11' title="bbox 275 1121 1406 1213; baseline -0.003 -20"><span class='ocrx_word' id='word_1_70' title='bbox 275 1125 359 1193; x_wconf 82' lang='lat' dir='ltr'><strong>facie</strong></span> <span class='ocrx_word' id='word_1_71' title='bbox 387 1123 430 1192; x_wconf 88' lang='lat' dir='ltr'><strong>ad</strong></span> <span class='ocrx_word' id='word_1_72' title='bbox 455 1121 571 1190; x_wconf 90' lang='lat' dir='ltr'><strong>iaciem</strong></span> <span class='ocrx_word' id='word_1_73' title='bbox 597 1122 779 1189; x_wconf 88' lang='lat' dir='ltr'><strong>claritatem</strong></span> <span class='ocrx_word' id='word_1_74' title='bbox 806 1121 987 1192; x_wconf 89' lang='lat' dir='ltr'><strong>divinitatis</strong></span> <span class='ocrx_word' id='word_1_75' title='bbox 1013 1142 1121 1212; x_wconf 90' lang='lat' dir='ltr'><strong>usque</strong></span> <span class='ocrx_word' id='word_1_76' title='bbox 1152 1130 1229 1213; x_wconf 92' lang='lat' dir='ltr'><strong>post</strong></span> <span class='ocrx_word' id='word_1_77' title='bbox 1256 1141 1406 1211; x_wconf 88' lang='lat' dir='ltr'><strong>resump-</strong></span> 
     </span>
     <span class='ocr_line' id='line_1_12' title="bbox 276 1219 1407 1310; baseline -0.003 -19"><span class='ocrx_word' id='word_1_78' title='bbox 276 1226 399 1291; x_wconf 89' lang='lat' dir='ltr'><strong>tionem</strong></span> <span class='ocrx_word' id='word_1_79' title='bbox 426 1238 611 1310; x_wconf 91' lang='lat' dir='ltr'><strong>corporum,</strong></span> <span class='ocrx_word' id='word_1_80' title='bbox 639 1226 672 1287; x_wconf 91' lang='lat' dir='ltr'><strong>et</strong></span> <span class='ocrx_word' id='word_1_81' title='bbox 698 1225 776 1307; x_wconf 93' lang='lat' dir='ltr'><strong>post</strong></span> <span class='ocrx_word' id='word_1_82' title='bbox 802 1219 889 1288; x_wconf 92' lang='lat' dir='ltr'><strong>diem</strong></span> <span class='ocrx_word' id='word_1_83' title='bbox 917 1225 1054 1290; x_wconf 89' lang='lat' dir='ltr'><strong>extremi</strong></span> <span class='ocrx_word' id='word_1_84' title='bbox 1078 1223 1201 1291; x_wconf 89' lang='lat' dir='ltr'><strong>iudicii.</strong></span> <span class='ocrx_word' id='word_1_85' title='bbox 1240 1221 1309 1290; x_wconf 91' lang='lat' dir='ltr'><strong>Sed</strong></span> <span class='ocrx_word' id='word_1_86' title='bbox 1336 1229 1407 1289; x_wconf 88' lang='lat' dir='ltr'><strong>ante</strong></span> 
     </span>
     <span class='ocr_line' id='line_1_13' title="bbox 274 1318 1406 1408; baseline 0.001 -20"><span class='ocrx_word' id='word_1_87' title='bbox 274 1327 413 1389; x_wconf 92' lang='lat' dir='ltr'><strong>mortem</strong></span> <span class='ocrx_word' id='word_1_88' title='bbox 448 1336 541 1386; x_wconf 90' lang='lat' dir='ltr'><strong>suam</strong></span> <span class='ocrx_word' id='word_1_89' title='bbox 575 1318 684 1407; x_wconf 86' lang='lat' dir='ltr'><strong>palam</strong></span> <span class='ocrx_word' id='word_1_90' title='bbox 712 1323 745 1385; x_wconf 91' lang='lat' dir='ltr'><strong>ct</strong></span> <span class='ocrx_word' id='word_1_91' title='bbox 770 1319 802 1386; x_wconf 93' lang='lat' dir='ltr'><strong>in</strong></span> <span class='ocrx_word' id='word_1_92' title='bbox 830 1322 961 1408; x_wconf 91' lang='lat' dir='ltr'><strong>scriptis</strong></span> <span class='ocrx_word' id='word_1_93' title='bbox 994 1323 1165 1391; x_wconf 89' lang='lat' dir='ltr'><strong>revocavit</strong></span> <span class='ocrx_word' id='word_1_94' title='bbox 1189 1323 1288 1389; x_wconf 91' lang='lat' dir='ltr'><strong>istum</strong></span> <span class='ocrx_word' id='word_1_95' title='bbox 1316 1338 1406 1389; x_wconf 80' lang='lat' dir='ltr'><strong>erro-</strong></span> 
     </span>
     <span class='ocr_line' id='line_1_14' title="bbox 274 1417 1407 1509; baseline -0.001 -22"><span class='ocrx_word' id='word_1_96' title='bbox 274 1437 353 1488; x_wconf 91' lang='lat' dir='ltr'><strong>rem.</strong></span> <span class='ocrx_word' id='word_1_97' title='bbox 386 1417 454 1486; x_wconf 89' lang='lat' dir='ltr'><strong>Sed</strong></span> <span class='ocrx_word' id='word_1_98' title='bbox 479 1417 614 1485; x_wconf 89' lang='lat' dir='ltr'><strong>multum</strong></span> <span class='ocrx_word' id='word_1_99' title='bbox 642 1419 783 1508; x_wconf 89' lang='lat' dir='ltr'><strong>timetur,</strong></span> <span class='ocrx_word' id='word_1_100' title='bbox 811 1418 901 1504; x_wconf 92' lang='lat' dir='ltr'><strong>quod</strong></span> <span class='ocrx_word' id='word_1_101' title='bbox 930 1420 1074 1488; x_wconf 90' lang='lat' dir='ltr'><strong>ecclesia</strong></span> <span class='ocrx_word' id='word_1_102' title='bbox 1100 1419 1283 1509; x_wconf 72' lang='lat' dir='ltr'><strong>katholico,</strong></span> <span class='ocrx_word' id='word_1_103' title='bbox 1312 1426 1407 1487; x_wconf 89' lang='lat' dir='ltr'><strong>anto-</strong></span> 
     </span>
     <span class='ocr_line' id='line_1_15' title="bbox 275 1513 1407 1608; baseline -0.001 -22"><span class='ocrx_word' id='word_1_104' title='bbox 275 1537 375 1606; x_wconf 88' lang='lat' dir='ltr'><strong>quam</strong></span> <span class='ocrx_word' id='word_1_105' title='bbox 399 1517 513 1586; x_wconf 91' lang='lat' dir='ltr'><strong>veniat</strong></span> <span class='ocrx_word' id='word_1_106' title='bbox 537 1513 780 1606; x_wconf 83' lang='lat' dir='ltr'><strong>Antichristus,</strong></span> <span class='ocrx_word' id='word_1_107' title='bbox 806 1517 970 1586; x_wconf 86' lang='lat' dir='ltr'><strong>inficiatur</strong></span> <span class='ocrx_word' id='word_1_108' title='bbox 995 1520 1060 1586; x_wconf 90' lang='lat' dir='ltr'><strong>ista</strong></span> <span class='ocrx_word' id='word_1_109' title='bbox 1085 1518 1216 1608; x_wconf 92' lang='lat' dir='ltr'><strong>heresi,</strong></span> <span class='ocrx_word' id='word_1_110' title='bbox 1244 1524 1279 1587; x_wconf 91' lang='lat' dir='ltr'><strong>et</strong></span> <span class='ocrx_word' id='word_1_111' title='bbox 1305 1517 1407 1587; x_wconf 92' lang='lat' dir='ltr'><strong>scdu-</strong></span> 
     </span>
     <span class='ocr_line' id='line_1_16' title="bbox 275 1615 1442 1706; baseline -0.003 -20"><span class='ocrx_word' id='word_1_112' title='bbox 275 1625 368 1686; x_wconf 89' lang='lat' dir='ltr'><strong>catur</strong></span> <span class='ocrx_word' id='word_1_113' title='bbox 393 1615 538 1684; x_wconf 92' lang='lat' dir='ltr'><strong>totaliter</strong></span> <span class='ocrx_word' id='word_1_114' title='bbox 563 1617 628 1682; x_wconf 94' lang='lat' dir='ltr'><strong>isto</strong></span> <span class='ocrx_word' id='word_1_115' title='bbox 657 1633 783 1683; x_wconf 88' lang='lat' dir='ltr'><strong>errore:</strong></span> <span class='ocrx_word' id='word_1_116' title='bbox 817 1616 907 1703; x_wconf 92' lang='lat' dir='ltr'><strong>quod</strong></span> <span class='ocrx_word' id='word_1_117' title='bbox 934 1619 1041 1685; x_wconf 91' lang='lat' dir='ltr'><strong>anime</strong></span> <span class='ocrx_word' id='word_1_118' title='bbox 1068 1623 1183 1685; x_wconf 88' lang='lat' dir='ltr'><strong>sancte</strong></span> <span class='ocrx_word' id='word_1_119' title='bbox 1210 1623 1244 1684; x_wconf 92' lang='lat' dir='ltr'><strong>et</strong></span> <span class='ocrx_word' id='word_1_120' title='bbox 1268 1623 1407 1706; x_wconf 81' lang='lat' dir='ltr'><strong>purgate</strong></span> <span class='ocrx_word' id='word_1_121' title='bbox 1438 1698 1442 1704; x_wconf 25' lang='lat'><strong>,</strong></span> 
     </span>
     <span class='ocr_line' id='line_1_17' title="bbox 274 1713 1408 1806; baseline -0.003 -22"><span class='ocrx_word' id='word_1_122' title='bbox 274 1735 343 1786; x_wconf 95' lang='lat' dir='ltr'><strong>non</strong></span> <span class='ocrx_word' id='word_1_123' title='bbox 371 1717 439 1783; x_wconf 91' lang='lat' dir='ltr'><strong>sint</strong></span> <span class='ocrx_word' id='word_1_124' title='bbox 470 1714 578 1782; x_wconf 89' lang='lat' dir='ltr'><strong>adbuc</strong></span> <span class='ocrx_word' id='word_1_125' title='bbox 603 1715 638 1781; x_wconf 92' lang='lat' dir='ltr'><strong>in</strong></span> <span class='ocrx_word' id='word_1_126' title='bbox 664 1713 812 1801; x_wconf 87' lang='lat' dir='ltr'><strong>perlecta</strong></span> <span class='ocrx_word' id='word_1_127' title='bbox 847 1714 1070 1806; x_wconf 88' lang='lat' dir='ltr'><strong>beatitudine,</strong></span> <span class='ocrx_word' id='word_1_128' title='bbox 1106 1720 1140 1783; x_wconf 93' lang='lat' dir='ltr'><strong>et</strong></span> <span class='ocrx_word' id='word_1_129' title='bbox 1173 1733 1246 1783; x_wconf 90' lang='lat' dir='ltr'><strong>oum</strong></span> <span class='ocrx_word' id='word_1_130' title='bbox 1282 1716 1408 1802; x_wconf 82' lang='lat' dir='ltr'><strong>angelis</strong></span> 
     </span>
     <span class='ocr_line' id='line_1_18' title="bbox 276 1811 1406 1902; baseline -0.004 -19"><span class='ocrx_word' id='word_1_131' title='bbox 276 1817 403 1884; x_wconf 92' lang='lat' dir='ltr'><strong>sanctis</strong></span> <span class='ocrx_word' id='word_1_132' title='bbox 438 1817 472 1880; x_wconf 96' lang='lat' dir='ltr'><strong>in</strong></span> <span class='ocrx_word' id='word_1_133' title='bbox 502 1814 632 1882; x_wconf 90' lang='lat' dir='ltr'><strong>visione</strong></span> <span class='ocrx_word' id='word_1_134' title='bbox 666 1811 857 1880; x_wconf 92' lang='lat' dir='ltr'><strong>divinitatis.</strong></span> <span class='ocrx_word' id='word_1_135' title='bbox 901 1812 987 1894; x_wconf 83' lang='lat' dir='ltr'><strong>Quia</strong></span> <span class='ocrx_word' id='word_1_136' title='bbox 1020 1832 1062 1883; x_wconf 86' lang='lat' dir='ltr'><strong>ex</strong></span> <span class='ocrx_word' id='word_1_137' title='bbox 1100 1814 1156 1882; x_wconf 90' lang='lat' dir='ltr'><strong>tali</strong></span> <span class='ocrx_word' id='word_1_138' title='bbox 1192 1831 1305 1882; x_wconf 91' lang='lat' dir='ltr'><strong>errore</strong></span> <span class='ocrx_word' id='word_1_139' title='bbox 1337 1817 1406 1902; x_wconf 91' lang='lat' dir='ltr'><strong>ipse</strong></span> 
     </span>
    </p>
   </div>
   <div class='ocr_carea' id='block_1_4' title="bbox 227 1936 1410 4248">
    <p class='ocr_par' dir='ltr' id='par_1_4' title="bbox 275 1936 1410 2890">
     <span class='ocr_line' id='line_1_19' title="bbox 310 1936 1407 2008; baseline -0.002 -13"><span class='ocrx_word' id='word_1_140' title='bbox 310 1942 341 2005; x_wconf 86' lang='lat' dir='ltr'><strong>l)</strong></span> <span class='ocrx_word' id='word_1_141' title='bbox 359 1941 400 1995; x_wconf 83' lang='lat' dir='ltr'><strong>An</strong></span> <span class='ocrx_word' id='word_1_142' title='bbox 420 1940 479 1993; x_wconf 88' lang='lat' dir='ltr'><strong>dem</strong></span> <span class='ocrx_word' id='word_1_143' title='bbox 496 1942 646 2006; x_wconf 84' lang='lat' dir='ltr'><strong>genanuten</strong></span> <span class='ocrx_word' id='word_1_144' title='bbox 665 1937 698 1990; x_wconf 87' lang='grc'><strong>28</strong></span> <span class='ocrx_word' id='word_1_145' title='bbox 714 1937 769 1990; x_wconf 93' lang='lat' dir='ltr'><strong>iuni</strong></span> <span class='ocrx_word' id='word_1_146' title='bbox 793 1936 896 2005; x_wconf 85' lang='lat' dir='ltr'><strong>bogann</strong></span> <span class='ocrx_word' id='word_1_147' title='bbox 924 1940 969 1994; x_wconf 89' lang='lat' dir='ltr'><strong>das</strong></span> <span class='ocrx_word' id='word_1_148' title='bbox 996 1941 1134 2003; x_wconf 88' lang='lat' dir='ltr'><strong>conclave,</strong></span> <span class='ocrx_word' id='word_1_149' title='bbox 1154 1938 1195 1993; x_wconf 90' lang='lat' dir='ltr'><strong>die</strong></span> <span class='ocrx_word' id='word_1_150' title='bbox 1213 1939 1283 1993; x_wconf 88' lang='lat' dir='ltr'><strong>wahl</strong></span> <span class='ocrx_word' id='word_1_151' title='bbox 1303 1939 1407 2008; x_wconf 76' lang='lat' dir='ltr'><strong>eriolqte</strong></span> 
     </span>
     <span class='ocr_line' id='line_1_20' title="bbox 275 2006 1408 2074; baseline 0 -11"><span class='ocrx_word' id='word_1_152' title='bbox 275 2010 338 2065; x_wconf 91' lang='lat' dir='ltr'><strong>aber</strong></span> <span class='ocrx_word' id='word_1_153' title='bbox 356 2015 409 2062; x_wconf 88' lang='lat' dir='ltr'><strong>erst</strong></span> <span class='ocrx_word' id='word_1_154' title='bbox 426 2009 523 2074; x_wconf 85' lang='lat' dir='ltr'><strong>vierzig</strong></span> <span class='ocrx_word' id='word_1_155' title='bbox 541 2012 600 2072; x_wconf 83' lang='lat' dir='ltr'><strong>tage</strong></span> <span class='ocrx_word' id='word_1_156' title='bbox 618 2006 706 2073; x_wconf 85' lang='lat' dir='ltr'><strong>sp&#39;aiter</strong></span> <span class='ocrx_word' id='word_1_157' title='bbox 724 2021 765 2060; x_wconf 93' lang='lat' dir='ltr'><strong>am</strong></span> <span class='ocrx_word' id='word_1_158' title='bbox 783 2008 806 2058; x_wconf 81' lang='lat' dir='ltr'><strong>l.</strong></span> <span class='ocrx_word' id='word_1_159' title='bbox 825 2022 890 2074; x_wconf 85' lang='lat' dir='ltr'><strong>aug,</strong></span> <span class='ocrx_word' id='word_1_160' title='bbox 908 2010 961 2062; x_wconf 91' lang='lat' dir='ltr'><strong>uud</strong></span> <span class='ocrx_word' id='word_1_161' title='bbox 980 2023 1052 2062; x_wconf 83' lang='lat' dir='ltr'><strong>zrvar</strong></span> <span class='ocrx_word' id='word_1_162' title='bbox 1068 2009 1141 2062; x_wconf 89' lang='lat' dir='ltr'><strong>nicht</strong></span> <span class='ocrx_word' id='word_1_163' title='bbox 1158 2023 1189 2060; x_wconf 87' lang='lat' dir='ltr'><strong>zu</strong></span> <span class='ocrx_word' id='word_1_164' title='bbox 1204 2008 1326 2074; x_wconf 77' lang='lat' dir='ltr'><strong>hvignou</strong></span> <span class='ocrx_word' id='word_1_165' title='bbox 1347 2024 1408 2063; x_wconf 88' lang='lat' dir='ltr'><strong>son-</strong></span> 
     </span>
     <span class='ocr_line' id='line_1_21' title="bbox 275 2073 1409 2142; baseline -0.001 -11"><span class='ocrx_word' id='word_1_166' title='bbox 275 2077 339 2131; x_wconf 90' lang='lat' dir='ltr'><strong>dern</strong></span> <span class='ocrx_word' id='word_1_167' title='bbox 360 2092 390 2129; x_wconf 92' lang='lat' dir='ltr'><strong>zu</strong></span> <span class='ocrx_word' id='word_1_168' title='bbox 407 2076 490 2142; x_wconf 83' lang='lat' dir='ltr'><strong>hvon.</strong></span> <span class='ocrx_word' id='word_1_169' title='bbox 507 2115 510 2119; x_wconf 85' lang='lat'><em>.</em></span> <span class='ocrx_word' id='word_1_170' title='bbox 526 2075 597 2128; x_wconf 90' lang='lat' dir='ltr'><strong>Beim</strong></span> <span class='ocrx_word' id='word_1_171' title='bbox 618 2074 700 2126; x_wconf 84' lang='lat' dir='ltr'><strong>huon.</strong></span> <span class='ocrx_word' id='word_1_172' title='bbox 725 2073 796 2127; x_wconf 89' lang='lat' dir='ltr'><strong>Leob</strong></span> <span class='ocrx_word' id='word_1_173' title='bbox 832 2076 896 2142; x_wconf 85' lang='lat' dir='ltr'><strong>lolgt</strong></span> <span class='ocrx_word' id='word_1_174' title='bbox 919 2090 971 2128; x_wconf 93' lang='lat' dir='ltr'><strong>nun</strong></span> <span class='ocrx_word' id='word_1_175' title='bbox 990 2077 1059 2130; x_wconf 86' lang='lat' dir='ltr'><strong>noch</strong></span> <span class='ocrx_word' id='word_1_176' title='bbox 1079 2079 1122 2130; x_wconf 92' lang='lat' dir='ltr'><strong>ein</strong></span> <span class='ocrx_word' id='word_1_177' title='bbox 1139 2077 1273 2130; x_wconf 89' lang='lat' dir='ltr'><strong>mehreres</strong></span> <span class='ocrx_word' id='word_1_178' title='bbox 1293 2092 1348 2130; x_wconf 89' lang='lat' dir='ltr'><strong>was</strong></span> <span class='ocrx_word' id='word_1_179' title='bbox 1366 2079 1409 2130; x_wconf 91' lang='lat' dir='ltr'><strong>mir</strong></span> 
     </span>
     <span class='ocr_line' id='line_1_22' title="bbox 276 2141 1409 2214; baseline 0 -16"><span class='ocrx_word' id='word_1_180' title='bbox 276 2147 395 2214; x_wconf 83' lang='lat' dir='ltr'><strong>spiiterer</strong></span> <span class='ocrx_word' id='word_1_181' title='bbox 413 2149 500 2197; x_wconf 87' lang='lat' dir='ltr'><strong>zusatz</strong></span> <span class='ocrx_word' id='word_1_182' title='bbox 518 2143 617 2196; x_wconf 90' lang='lat' dir='ltr'><strong>schcint</strong></span> <span class='ocrx_word' id='word_1_183' title='bbox 634 2141 687 2194; x_wconf 91' lang='lat' dir='ltr'><strong>und</strong></span> <span class='ocrx_word' id='word_1_184' title='bbox 706 2155 760 2194; x_wconf 89' lang='lat' dir='ltr'><strong>was</strong></span> <span class='ocrx_word' id='word_1_185' title='bbox 778 2141 819 2194; x_wconf 91' lang='lat' dir='ltr'><strong>ich</strong></span> <span class='ocrx_word' id='word_1_186' title='bbox 838 2142 918 2197; x_wconf 90' lang='lat' dir='ltr'><strong>daher</strong></span> <span class='ocrx_word' id='word_1_187' title='bbox 936 2144 993 2196; x_wconf 90' lang='lat' dir='ltr'><strong>hier</strong></span> <span class='ocrx_word' id='word_1_188' title='bbox 1009 2146 1036 2196; x_wconf 93' lang='lat' dir='ltr'><strong>in</strong></span> <span class='ocrx_word' id='word_1_189' title='bbox 1054 2144 1101 2197; x_wconf 91' lang='lat' dir='ltr'><strong>der</strong></span> <span class='ocrx_word' id='word_1_190' title='bbox 1119 2149 1181 2197; x_wconf 90' lang='lat' dir='ltr'><strong>note</strong></span> <span class='ocrx_word' id='word_1_191' title='bbox 1199 2145 1341 2199; x_wconf 89' lang='lat' dir='ltr'><strong>mittheile:</strong></span> <span class='ocrx_word' id='word_1_192' title='bbox 1367 2146 1409 2198; x_wconf 91' lang='lat' dir='ltr'><strong>llic</strong></span> 
     </span>
     <span class='ocr_line' id='line_1_23' title="bbox 275 2209 1409 2282; baseline -0.002 -16"><span class='ocrx_word' id='word_1_193' title='bbox 275 2229 343 2282; x_wconf 85' lang='lat' dir='ltr'><strong>papa</strong></span> <span class='ocrx_word' id='word_1_194' title='bbox 368 2216 486 2266; x_wconf 89' lang='lat' dir='ltr'><strong>sanctum</strong></span> <span class='ocrx_word' id='word_1_195' title='bbox 509 2210 674 2263; x_wconf 89' lang='lat' dir='ltr'><strong>Ludewicum</strong></span> <span class='ocrx_word' id='word_1_196' title='bbox 702 2209 734 2261; x_wconf 90' lang='lat' dir='ltr'><strong>dc</strong></span> <span class='ocrx_word' id='word_1_197' title='bbox 760 2209 852 2263; x_wconf 91' lang='lat' dir='ltr'><strong>ordine</strong></span> <span class='ocrx_word' id='word_1_198' title='bbox 877 2211 982 2265; x_wconf 82' lang='lat' dir='ltr'><strong>tratrem</strong></span> <span class='ocrx_word' id='word_1_199' title='bbox 1005 2212 1134 2266; x_wconf 88' lang='lat' dir='ltr'><strong>Minorem</strong></span> <span class='ocrx_word' id='word_1_200' title='bbox 1159 2215 1331 2267; x_wconf 83' lang='lat' dir='ltr'><strong>canonizavit.</strong></span> <span class='ocrx_word' id='word_1_201' title='bbox 1367 2214 1409 2266; x_wconf 90' lang='lat' dir='ltr'><strong>llic</strong></span> 
     </span>
     <span class='ocr_line' id='line_1_24' title="bbox 277 2277 1410 2349; baseline -0.002 -13"><span class='ocrx_word' id='word_1_202' title='bbox 277 2287 355 2336; x_wconf 90' lang='lat' dir='ltr'><strong>etiam</strong></span> <span class='ocrx_word' id='word_1_203' title='bbox 379 2281 544 2334; x_wconf 86' lang='lat' dir='ltr'><strong>canonizavit</strong></span> <span class='ocrx_word' id='word_1_204' title='bbox 567 2281 685 2332; x_wconf 89' lang='lat' dir='ltr'><strong>sanctum</strong></span> <span class='ocrx_word' id='word_1_205' title='bbox 706 2277 828 2330; x_wconf 86' lang='lat' dir='ltr'><strong>Thomam</strong></span> <span class='ocrx_word' id='word_1_206' title='bbox 851 2278 883 2331; x_wconf 91' lang='lat' dir='ltr'><strong>de</strong></span> <span class='ocrx_word' id='word_1_207' title='bbox 905 2281 996 2333; x_wconf 90' lang='lat' dir='ltr'><strong>ordine</strong></span> <span class='ocrx_word' id='word_1_208' title='bbox 1013 2279 1220 2344; x_wconf 88' lang='lat' dir='ltr'><strong>Predicatorum‚</strong></span> <span class='ocrx_word' id='word_1_209' title='bbox 1239 2283 1410 2349; x_wconf 87' lang='lat' dir='ltr'><strong>expositorem</strong></span> 
     </span>
     <span class='ocr_line' id='line_1_25' title="bbox 276 2347 1409 2418; baseline 0.001 -16"><span class='ocrx_word' id='word_1_210' title='bbox 276 2353 401 2404; x_wconf 83' lang='lat' dir='ltr'><strong>eximium</strong></span> <span class='ocrx_word' id='word_1_211' title='bbox 425 2348 575 2412; x_wconf 82' lang='lat' dir='ltr'><strong>theologie,</strong></span> <span class='ocrx_word' id='word_1_212' title='bbox 590 2352 615 2399; x_wconf 90' lang='lat' dir='ltr'><strong>et</strong></span> <span class='ocrx_word' id='word_1_213' title='bbox 639 2348 716 2399; x_wconf 87' lang='lat' dir='ltr'><strong>etiam</strong></span> <span class='ocrx_word' id='word_1_214' title='bbox 742 2349 819 2398; x_wconf 92' lang='lat' dir='ltr'><strong>totius</strong></span> <span class='ocrx_word' id='word_1_215' title='bbox 845 2347 1020 2416; x_wconf 90' lang='lat' dir='ltr'><strong>philosophie.</strong></span> <span class='ocrx_word' id='word_1_216' title='bbox 1055 2348 1135 2401; x_wconf 88' lang='lat' dir='ltr'><strong>Huius</strong></span> <span class='ocrx_word' id='word_1_217' title='bbox 1154 2354 1270 2418; x_wconf 90' lang='lat' dir='ltr'><strong>tempore</strong></span> <span class='ocrx_word' id='word_1_218' title='bbox 1289 2364 1409 2404; x_wconf 83' lang='lat' dir='ltr'><strong>surrexe-</strong></span> 
     </span>
     <span class='ocr_line' id='line_1_26' title="bbox 276 2413 1409 2484; baseline -0.001 -12"><span class='ocrx_word' id='word_1_219' title='bbox 276 2424 334 2472; x_wconf 89' lang='lat' dir='ltr'><strong>runt</strong></span> <span class='ocrx_word' id='word_1_220' title='bbox 352 2417 402 2469; x_wconf 93' lang='lat' dir='ltr'><strong>duo</strong></span> <span class='ocrx_word' id='word_1_221' title='bbox 419 2416 534 2480; x_wconf 91' lang='lat' dir='ltr'><strong>heretici,</strong></span> <span class='ocrx_word' id='word_1_222' title='bbox 543 2413 671 2467; x_wconf 87' lang='lat' dir='ltr'><strong>hlarsilius</strong></span> <span class='ocrx_word' id='word_1_223' title='bbox 690 2413 828 2468; x_wconf 77' lang='lat' dir='ltr'><strong>del&#39;adua</strong></span> <span class='ocrx_word' id='word_1_224' title='bbox 846 2419 873 2468; x_wconf 93' lang='lat' dir='ltr'><strong>et</strong></span> <span class='ocrx_word' id='word_1_225' title='bbox 889 2415 1018 2469; x_wconf 89' lang='lat' dir='ltr'><strong>lohannes</strong></span> <span class='ocrx_word' id='word_1_226' title='bbox 1038 2416 1069 2468; x_wconf 93' lang='lat' dir='ltr'><strong>de</strong></span> <span class='ocrx_word' id='word_1_227' title='bbox 1089 2415 1232 2482; x_wconf 85' lang='lat' dir='ltr'><strong>Ganduno,</strong></span> <span class='ocrx_word' id='word_1_228' title='bbox 1251 2418 1295 2484; x_wconf 92' lang='lat' dir='ltr'><strong>qui</strong></span> <span class='ocrx_word' id='word_1_229' title='bbox 1314 2421 1409 2472; x_wconf 89' lang='lat' dir='ltr'><strong>intrar-</strong></span> 
     </span>
     <span class='ocr_line' id='line_1_27' title="bbox 275 2485 1410 2553; baseline -0.002 -13"><span class='ocrx_word' id='word_1_230' title='bbox 275 2491 317 2541; x_wconf 90' lang='lat' dir='ltr'><strong>tes</strong></span> <span class='ocrx_word' id='word_1_231' title='bbox 341 2487 428 2538; x_wconf 90' lang='lat' dir='ltr'><strong>curias</strong></span> <span class='ocrx_word' id='word_1_232' title='bbox 450 2485 606 2553; x_wconf 85' lang='lat' dir='ltr'><strong>principum,</strong></span> <span class='ocrx_word' id='word_1_233' title='bbox 632 2495 697 2549; x_wconf 92' lang='lat' dir='ltr'><strong>quos</strong></span> <span class='ocrx_word' id='word_1_234' title='bbox 721 2488 901 2548; x_wconf 82' lang='lat' dir='ltr'><strong>cognoverunt</strong></span> <span class='ocrx_word' id='word_1_235' title='bbox 924 2485 1077 2537; x_wconf 87' lang='lat' dir='ltr'><strong>contrariari</strong></span> <span class='ocrx_word' id='word_1_236' title='bbox 1098 2490 1189 2538; x_wconf 84' lang='lat' dir='ltr'><strong>sancte</strong></span> <span class='ocrx_word' id='word_1_237' title='bbox 1207 2486 1282 2537; x_wconf 92' lang='lat' dir='ltr'><strong>matri</strong></span> <span class='ocrx_word' id='word_1_238' title='bbox 1300 2488 1410 2540; x_wconf 82' lang='lat' dir='ltr'><strong>ecclesie</strong></span> 
     </span>
     <span class='ocr_line' id='line_1_28' title="bbox 276 2551 1408 2622; baseline -0.002 -15"><span class='ocrx_word' id='word_1_239' title='bbox 276 2553 403 2607; x_wconf 89' lang='lat' dir='ltr'><strong>catholice</strong></span> <span class='ocrx_word' id='word_1_240' title='bbox 422 2592 529 2605; x_wconf 91' lang='lat'>.....</span> <span class='ocrx_word' id='word_1_241' title='bbox 549 2552 607 2617; x_wconf 89' lang='lat' dir='ltr'><strong>quia</strong></span> <span class='ocrx_word' id='word_1_242' title='bbox 631 2551 715 2618; x_wconf 88' lang='lat' dir='ltr'><strong>palam</strong></span> <span class='ocrx_word' id='word_1_243' title='bbox 742 2551 811 2603; x_wconf 90' lang='lat' dir='ltr'><strong>inter</strong></span> <span class='ocrx_word' id='word_1_244' title='bbox 835 2557 924 2604; x_wconf 90' lang='lat' dir='ltr'><strong>cetera</strong></span> <span class='ocrx_word' id='word_1_245' title='bbox 943 2557 1053 2619; x_wconf 90' lang='lat' dir='ltr'><strong>quinque</strong></span> <span class='ocrx_word' id='word_1_246' title='bbox 1072 2565 1173 2605; x_wconf 89' lang='lat' dir='ltr'><strong>errores</strong></span> <span class='ocrx_word' id='word_1_247' title='bbox 1192 2554 1408 2622; x_wconf 73' lang='lat' dir='ltr'><strong>conscripserunt.</strong></span> 
     </span>
     <span class='ocr_line' id='line_1_29' title="bbox 275 2615 1408 2691; baseline -0.002 -16"><span class='ocrx_word' id='word_1_248' title='bbox 275 2621 370 2688; x_wconf 89' lang='lat' dir='ltr'><strong>Primo,</strong></span> <span class='ocrx_word' id='word_1_249' title='bbox 388 2619 459 2688; x_wconf 94' lang='lat' dir='ltr'><strong>quod</strong></span> <span class='ocrx_word' id='word_1_250' title='bbox 477 2619 596 2674; x_wconf 87' lang='lat' dir='ltr'><strong>Christus</strong></span> <span class='ocrx_word' id='word_1_251' title='bbox 614 2618 692 2671; x_wconf 91' lang='lat' dir='ltr'><strong>solvit</strong></span> <span class='ocrx_word' id='word_1_252' title='bbox 706 2615 826 2672; x_wconf 88' lang='lat' dir='ltr'><strong>tributum</strong></span> <span class='ocrx_word' id='word_1_253' title='bbox 842 2618 939 2682; x_wconf 86' lang='lat' dir='ltr'><strong>Cesari,</strong></span> <span class='ocrx_word' id='word_1_254' title='bbox 957 2621 1023 2673; x_wconf 90' lang='lat' dir='ltr'><strong>sicut</strong></span> <span class='ocrx_word' id='word_1_255' title='bbox 1033 2621 1060 2672; x_wconf 95' lang='lat' dir='ltr'><strong>in</strong></span> <span class='ocrx_word' id='word_1_256' title='bbox 1069 2619 1184 2673; x_wconf 87' lang='lat' dir='ltr'><strong>Mattheo</strong></span> <span class='ocrx_word' id='word_1_257' title='bbox 1197 2619 1299 2688; x_wconf 84' lang='lat' dir='ltr'><strong>legitur,</strong></span> <span class='ocrx_word' id='word_1_258' title='bbox 1310 2621 1408 2691; x_wconf 88' lang='lat' dir='ltr'><strong>quaudo</strong></span> 
     </span>
     <span class='ocr_line' id='line_1_30' title="bbox 276 2686 1408 2756; baseline -0.002 -12"><span class='ocrx_word' id='word_1_259' title='bbox 276 2695 400 2744; x_wconf 88' lang='lat' dir='ltr'><strong>staterem</strong></span> <span class='ocrx_word' id='word_1_260' title='bbox 423 2693 549 2755; x_wconf 89' lang='lat' dir='ltr'><strong>sumptum</strong></span> <span class='ocrx_word' id='word_1_261' title='bbox 574 2699 607 2738; x_wconf 85' lang='lat' dir='ltr'><strong>ex</strong></span> <span class='ocrx_word' id='word_1_262' title='bbox 634 2699 681 2738; x_wconf 92' lang='lat' dir='ltr'><strong>cre</strong></span> <span class='ocrx_word' id='word_1_263' title='bbox 705 2687 784 2753; x_wconf 93' lang='lat' dir='ltr'><strong>piscis</strong></span> <span class='ocrx_word' id='word_1_264' title='bbox 802 2687 869 2745; x_wconf 82' lang='lat' dir='ltr'><strong>illis.</strong></span> <span class='ocrx_word' id='word_1_265' title='bbox 896 2689 938 2753; x_wconf 93' lang='lat' dir='ltr'><strong>qui</strong></span> <span class='ocrx_word' id='word_1_266' title='bbox 961 2686 1084 2755; x_wconf 89' lang='lat' dir='ltr'><strong>petebant</strong></span> <span class='ocrx_word' id='word_1_267' title='bbox 1102 2688 1236 2754; x_wconf 90' lang='lat' dir='ltr'><strong>drachma,</strong></span> <span class='ocrx_word' id='word_1_268' title='bbox 1254 2690 1332 2743; x_wconf 91' lang='lat' dir='ltr'><strong>iussit</strong></span> <span class='ocrx_word' id='word_1_269' title='bbox 1351 2691 1408 2756; x_wconf 90' lang='lat' dir='ltr'><strong>dari,</strong></span> 
     </span>
     <span class='ocr_line' id='line_1_31' title="bbox 277 2753 1406 2826; baseline -0.001 -15"><span class='ocrx_word' id='word_1_270' title='bbox 277 2757 345 2826; x_wconf 93' lang='lat' dir='ltr'><strong>quod</strong></span> <span class='ocrx_word' id='word_1_271' title='bbox 363 2771 417 2809; x_wconf 90' lang='lat' dir='ltr'><strong>non</strong></span> <span class='ocrx_word' id='word_1_272' title='bbox 434 2756 495 2809; x_wconf 92' lang='lat' dir='ltr'><strong>lecit</strong></span> <span class='ocrx_word' id='word_1_273' title='bbox 511 2769 545 2807; x_wconf 84' lang='lat' dir='ltr'><strong>ex</strong></span> <span class='ocrx_word' id='word_1_274' title='bbox 562 2753 790 2808; x_wconf 80' lang='lat' dir='ltr'><strong>condescensione</strong></span> <span class='ocrx_word' id='word_1_275' title='bbox 808 2759 834 2808; x_wconf 89' lang='lat' dir='ltr'><strong>et</strong></span> <span class='ocrx_word' id='word_1_276' title='bbox 852 2753 1004 2810; x_wconf 91' lang='lat' dir='ltr'><strong>liberalitate</strong></span> <span class='ocrx_word' id='word_1_277' title='bbox 1023 2769 1070 2808; x_wconf 93' lang='lat' dir='ltr'><strong>sue</strong></span> <span class='ocrx_word' id='word_1_278' title='bbox 1084 2759 1230 2825; x_wconf 89' lang='lat' dir='ltr'><strong>potestatis,</strong></span> <span class='ocrx_word' id='word_1_279' title='bbox 1246 2758 1295 2811; x_wconf 92' lang='lat' dir='ltr'><strong>sed</strong></span> <span class='ocrx_word' id='word_1_280' title='bbox 1316 2772 1406 2812; x_wconf 90' lang='lat' dir='ltr'><strong>ueces-</strong></span> 
     </span>
     <span class='ocr_line' id='line_1_32' title="bbox 278 2821 1407 2890; baseline -0.001 -12"><span class='ocrx_word' id='word_1_281' title='bbox 278 2827 353 2880; x_wconf 89' lang='lat' dir='ltr'><strong>sitatc</strong></span> <span class='ocrx_word' id='word_1_282' title='bbox 371 2829 482 2878; x_wconf 91' lang='lat' dir='ltr'><strong>coactus.</strong></span> <span class='ocrx_word' id='word_1_283' title='bbox 518 2822 557 2876; x_wconf 83' lang='lat' dir='ltr'><strong>Ex</strong></span> <span class='ocrx_word' id='word_1_284' title='bbox 581 2821 630 2873; x_wconf 92' lang='lat' dir='ltr'><strong>hcc</strong></span> <span class='ocrx_word' id='word_1_285' title='bbox 653 2822 794 2874; x_wconf 91' lang='lat' dir='ltr'><strong>voluerunt</strong></span> <span class='ocrx_word' id='word_1_286' title='bbox 816 2822 987 2876; x_wconf 89' lang='lat' dir='ltr'><strong>concludere:</strong></span> <span class='ocrx_word' id='word_1_287' title='bbox 1010 2825 1032 2876; x_wconf 91' lang='lat' dir='ltr'><strong>si</strong></span> <span class='ocrx_word' id='word_1_288' title='bbox 1050 2822 1167 2878; x_wconf 87' lang='lat' dir='ltr'><strong>Christus</strong></span> <span class='ocrx_word' id='word_1_289' title='bbox 1191 2823 1262 2877; x_wconf 88' lang='lat' dir='ltr'><strong>dedit</strong></span> <span class='ocrx_word' id='word_1_290' title='bbox 1286 2825 1407 2890; x_wconf 91' lang='lat' dir='ltr'><strong>tributum,</strong></span> 
     </span>
    </p>

    <p class='ocr_par' dir='ltr' id='par_1_5' title="bbox 227 2887 1408 4248">
     <span class='ocr_line' id='line_1_33' title="bbox 227 2887 1407 2961; baseline -0.002 -14"><span class='ocrx_word' id='word_1_291' title='bbox 227 2887 237 2898; x_wconf 81' lang='grc'><strong>’</strong></span> <span class='ocrx_word' id='word_1_292' title='bbox 279 2907 341 2961; x_wconf 84' lang='lat' dir='ltr'><strong>ergo</strong></span> <span class='ocrx_word' id='word_1_293' title='bbox 368 2907 434 2961; x_wconf 92' lang='lat' dir='ltr'><strong>papa</strong></span> <span class='ocrx_word' id='word_1_294' title='bbox 459 2898 486 2944; x_wconf 93' lang='lat' dir='ltr'><strong>et</strong></span> <span class='ocrx_word' id='word_1_295' title='bbox 508 2891 647 2958; x_wconf 89' lang='lat' dir='ltr'><strong>episcopus</strong></span> <span class='ocrx_word' id='word_1_296' title='bbox 674 2894 701 2942; x_wconf 92' lang='lat' dir='ltr'><strong>et</strong></span> <span class='ocrx_word' id='word_1_297' title='bbox 723 2891 806 2942; x_wconf 92' lang='lat' dir='ltr'><strong>omnis</strong></span> <span class='ocrx_word' id='word_1_298' title='bbox 829 2889 905 2943; x_wconf 93' lang='lat' dir='ltr'><strong>homo</strong></span> <span class='ocrx_word' id='word_1_299' title='bbox 930 2894 963 2945; x_wconf 92' lang='lat' dir='ltr'><strong>sit</strong></span> <span class='ocrx_word' id='word_1_300' title='bbox 981 2890 1128 2944; x_wconf 88' lang='lat' dir='ltr'><strong>tributarius</strong></span> <span class='ocrx_word' id='word_1_301' title='bbox 1145 2894 1317 2959; x_wconf 87' lang='lat' dir='ltr'><strong>imperatoris.</strong></span> <span class='ocrx_word' id='word_1_302' title='bbox 1351 2895 1407 2947; x_wconf 89' lang='lat' dir='ltr'><strong>ltenr</strong></span> 
     </span>
     <span class='ocr_line' id='line_1_34' title="bbox 279 2956 1408 3030; baseline -0.004 -14"><span class='ocrx_word' id='word_1_303' title='bbox 279 2964 409 3026; x_wconf 85' lang='lat' dir='ltr'><strong>dixerunt,</strong></span> <span class='ocrx_word' id='word_1_304' title='bbox 429 2957 499 3026; x_wconf 90' lang='lat' dir='ltr'><strong>qood</strong></span> <span class='ocrx_word' id='word_1_305' title='bbox 517 2957 608 3012; x_wconf 90' lang='lat' dir='ltr'><strong>beatus</strong></span> <span class='ocrx_word' id='word_1_306' title='bbox 625 2957 717 3010; x_wconf 89' lang='lat' dir='ltr'><strong>Petrus</strong></span> <span class='ocrx_word' id='word_1_307' title='bbox 735 2959 866 3024; x_wconf 91' lang='lat' dir='ltr'><strong>apostolus</strong></span> <span class='ocrx_word' id='word_1_308' title='bbox 884 2973 937 3012; x_wconf 91' lang='lat' dir='ltr'><strong>non</strong></span> <span class='ocrx_word' id='word_1_309' title='bbox 957 2956 1003 3012; x_wconf 87' lang='lat' dir='ltr'><strong>init</strong></span> <span class='ocrx_word' id='word_1_310' title='bbox 1020 2959 1079 3027; x_wconf 91' lang='lat' dir='ltr'><strong>plus</strong></span> <span class='ocrx_word' id='word_1_311' title='bbox 1097 2967 1173 3027; x_wconf 90' lang='lat' dir='ltr'><strong>caput</strong></span> <span class='ocrx_word' id='word_1_312' title='bbox 1192 2960 1321 3027; x_wconf 88' lang='lat' dir='ltr'><strong>ecclesie,</strong></span> <span class='ocrx_word' id='word_1_313' title='bbox 1341 2975 1408 3030; x_wconf 88' lang='lat' dir='ltr'><strong>quam</strong></span> 
     </span>
     <span class='ocr_line' id='line_1_35' title="bbox 280 3024 1408 3096; baseline -0.001 -15"><span class='ocrx_word' id='word_1_314' title='bbox 280 3027 385 3096; x_wconf 86' lang='lat' dir='ltr'><strong>quilibet</strong></span> <span class='ocrx_word' id='word_1_315' title='bbox 407 3026 517 3080; x_wconf 80' lang='lat' dir='ltr'><strong>aliorum</strong></span> <span class='ocrx_word' id='word_1_316' title='bbox 539 3024 728 3092; x_wconf 77' lang='lat' dir='ltr'><strong>apostolorum3</strong></span> <span class='ocrx_word' id='word_1_317' title='bbox 747 3037 796 3076; x_wconf 92' lang='lat' dir='ltr'><strong>nec</strong></span> <span class='ocrx_word' id='word_1_318' title='bbox 813 3024 900 3079; x_wconf 88' lang='lat' dir='ltr'><strong>habuit</strong></span> <span class='ocrx_word' id='word_1_319' title='bbox 916 3026 973 3094; x_wconf 91' lang='lat' dir='ltr'><strong>plus</strong></span> <span class='ocrx_word' id='word_1_320' title='bbox 992 3029 1159 3093; x_wconf 85' lang='lat' dir='ltr'><strong>auctoritatis,</strong></span> <span class='ocrx_word' id='word_1_321' title='bbox 1177 3042 1253 3095; x_wconf 87' lang='lat' dir='ltr'><strong>quam</strong></span> <span class='ocrx_word' id='word_1_322' title='bbox 1270 3028 1408 3083; x_wconf 89' lang='lat' dir='ltr'><strong>habuemnt</strong></span> 
     </span>
     <span class='ocr_line' id='line_1_36' title="bbox 279 3092 1407 3168; baseline -0.001 -19"><span class='ocrx_word' id='word_1_323' title='bbox 279 3098 321 3149; x_wconf 93' lang='lat' dir='ltr'><strong>alii</strong></span> <span class='ocrx_word' id='word_1_324' title='bbox 341 3095 468 3164; x_wconf 87' lang='lat' dir='ltr'><strong>apostoli;</strong></span> <span class='ocrx_word' id='word_1_325' title='bbox 485 3099 512 3148; x_wconf 90' lang='lat' dir='ltr'><strong>et</strong></span> <span class='ocrx_word' id='word_1_326' title='bbox 529 3093 597 3161; x_wconf 93' lang='lat' dir='ltr'><strong>quod</strong></span> <span class='ocrx_word' id='word_1_327' title='bbox 616 3092 730 3147; x_wconf 85' lang='lat' dir='ltr'><strong>Christus</strong></span> <span class='ocrx_word' id='word_1_328' title='bbox 749 3093 846 3147; x_wconf 91' lang='lat' dir='ltr'><strong>nullum</strong></span> <span class='ocrx_word' id='word_1_329' title='bbox 864 3094 986 3148; x_wconf 87' lang='lat' dir='ltr'><strong>dimmisit</strong></span> <span class='ocrx_word' id='word_1_330' title='bbox 1003 3102 1079 3163; x_wconf 92' lang='lat' dir='ltr'><strong>caput</strong></span> <span class='ocrx_word' id='word_1_331' title='bbox 1097 3097 1218 3163; x_wconf 88' lang='lat' dir='ltr'><strong>ecclesie,</strong></span> <span class='ocrx_word' id='word_1_332' title='bbox 1237 3110 1288 3150; x_wconf 90' lang='lat' dir='ltr'><strong>nec</strong></span> <span class='ocrx_word' id='word_1_333' title='bbox 1304 3097 1407 3168; x_wconf 85' lang='lat' dir='ltr'><strong>aliquem</strong></span> 
     </span>
     <span class='ocr_line' id='line_1_37' title="bbox 280 3158 1406 3234; baseline -0.002 -16"><span class='ocrx_word' id='word_1_334' title='bbox 280 3164 343 3218; x_wconf 91' lang='lat' dir='ltr'><strong>lecit</strong></span> <span class='ocrx_word' id='word_1_335' title='bbox 361 3163 485 3216; x_wconf 90' lang='lat' dir='ltr'><strong>vicarium</strong></span> <span class='ocrx_word' id='word_1_336' title='bbox 502 3177 580 3216; x_wconf 90' lang='lat' dir='ltr'><strong>suum.</strong></span> <span class='ocrx_word' id='word_1_337' title='bbox 616 3161 696 3226; x_wconf 92' lang='lat' dir='ltr'><strong>ltem,</strong></span> <span class='ocrx_word' id='word_1_338' title='bbox 722 3158 790 3227; x_wconf 90' lang='lat' dir='ltr'><strong>quod</strong></span> <span class='ocrx_word' id='word_1_339' title='bbox 808 3161 839 3214; x_wconf 88' lang='lat' dir='ltr'><strong>ad</strong></span> <span class='ocrx_word' id='word_1_340' title='bbox 857 3165 1040 3230; x_wconf 89' lang='lat' dir='ltr'><strong>imperatorem</strong></span> <span class='ocrx_word' id='word_1_341' title='bbox 1058 3170 1159 3232; x_wconf 88' lang='lat' dir='ltr'><strong>spectat</strong></span> <span class='ocrx_word' id='word_1_342' title='bbox 1176 3166 1306 3230; x_wconf 83' lang='lat' dir='ltr'><strong>corrigere</strong></span> <span class='ocrx_word' id='word_1_343' title='bbox 1323 3178 1406 3234; x_wconf 87' lang='lat' dir='ltr'><strong>papam</strong></span> 
     </span>
     <span class='ocr_line' id='line_1_38' title="bbox 280 3229 1407 3301; baseline -0.002 -16"><span class='ocrx_word' id='word_1_344' title='bbox 280 3232 426 3299; x_wconf 78' lang='lat' dir='ltr'><strong>popurus,</strong></span> <span class='ocrx_word' id='word_1_345' title='bbox 446 3236 471 3283; x_wconf 90' lang='lat' dir='ltr'><strong>et</strong></span> <span class='ocrx_word' id='word_1_346' title='bbox 488 3231 622 3282; x_wconf 88' lang='lat' dir='ltr'><strong>instituere</strong></span> <span class='ocrx_word' id='word_1_347' title='bbox 641 3243 672 3281; x_wconf 90' lang='lat' dir='ltr'><strong>ac</strong></span> <span class='ocrx_word' id='word_1_348' title='bbox 691 3229 842 3282; x_wconf 89' lang='lat' dir='ltr'><strong>destituere.</strong></span> <span class='ocrx_word' id='word_1_349' title='bbox 877 3230 955 3295; x_wconf 90' lang='lat' dir='ltr'><strong>item,</strong></span> <span class='ocrx_word' id='word_1_350' title='bbox 981 3231 1048 3298; x_wconf 93' lang='lat' dir='ltr'><strong>quod</strong></span> <span class='ocrx_word' id='word_1_351' title='bbox 1066 3245 1158 3285; x_wconf 88' lang='lat' dir='ltr'><strong>omnes</strong></span> <span class='ocrx_word' id='word_1_352' title='bbox 1177 3233 1340 3301; x_wconf 86' lang='lat' dir='ltr'><strong>sacerdotes,</strong></span> <span class='ocrx_word' id='word_1_353' title='bbox 1358 3235 1407 3284; x_wconf 88' lang='lat' dir='ltr'><strong>sive</strong></span> 
     </span>
     <span class='ocr_line' id='line_1_39' title="bbox 281 3297 1408 3380; baseline -0.003 -27"><span class='ocrx_word' id='word_1_354' title='bbox 281 3302 314 3353; x_wconf 92' lang='lat' dir='ltr'><strong>sit</strong></span> <span class='ocrx_word' id='word_1_355' title='bbox 331 3313 398 3367; x_wconf 91' lang='lat' dir='ltr'><strong>papa</strong></span> <span class='ocrx_word' id='word_1_356' title='bbox 416 3299 472 3351; x_wconf 88' lang='lat' dir='ltr'><strong>sive</strong></span> <span class='ocrx_word' id='word_1_357' title='bbox 490 3297 698 3374; x_wconf 83' lang='lat' dir='ltr'><strong>archiepiscopus</strong></span> <span class='ocrx_word' id='word_1_358' title='bbox 724 3299 781 3349; x_wconf 88' lang='lat' dir='ltr'><strong>sive</strong></span> <span class='ocrx_word' id='word_1_359' title='bbox 800 3297 921 3351; x_wconf 89' lang='lat' dir='ltr'><strong>sacerdos</strong></span> <span class='ocrx_word' id='word_1_360' title='bbox 939 3299 1048 3366; x_wconf 87' lang='lat' dir='ltr'><strong>simplex</strong></span> <span class='ocrx_word' id='word_1_361' title='bbox 1066 3302 1228 3380; x_wconf 83' lang='lat' dir='ltr'><strong>quicunque,</strong></span> <span class='ocrx_word' id='word_1_362' title='bbox 1247 3303 1302 3355; x_wconf 89' lang='lat' dir='ltr'><strong>sint</strong></span> <span class='ocrx_word' id='word_1_363' title='bbox 1319 3300 1408 3368; x_wconf 78' lang='lat' dir='ltr'><strong>equalis</strong></span> 
     </span>
     <span class='ocr_line' id='line_1_40' title="bbox 281 3365 1407 3438; baseline -0.002 -16"><span class='ocrx_word' id='word_1_364' title='bbox 281 3367 438 3422; x_wconf 86' lang='lat' dir='ltr'><strong>auctoritatis</strong></span> <span class='ocrx_word' id='word_1_365' title='bbox 462 3380 493 3419; x_wconf 90' lang='lat' dir='ltr'><strong>ac</strong></span> <span class='ocrx_word' id='word_1_366' title='bbox 515 3365 713 3430; x_wconf 86' lang='lat' dir='ltr'><strong>iurisdictionis,</strong></span> <span class='ocrx_word' id='word_1_367' title='bbox 739 3377 773 3416; x_wconf 87' lang='lat' dir='ltr'><strong>ex</strong></span> <span class='ocrx_word' id='word_1_368' title='bbox 789 3365 960 3430; x_wconf 67' lang='lat' dir='ltr'><strong>{institutione</strong></span> <span class='ocrx_word' id='word_1_369' title='bbox 985 3366 1094 3431; x_wconf 84' lang='lat' dir='ltr'><strong>Christ1;</strong></span> <span class='ocrx_word' id='word_1_370' title='bbox 1117 3368 1164 3423; x_wconf 90' lang='lat' dir='ltr'><strong>sed</strong></span> <span class='ocrx_word' id='word_1_371' title='bbox 1184 3369 1253 3436; x_wconf 90' lang='lat' dir='ltr'><strong>quod</strong></span> <span class='ocrx_word' id='word_1_372' title='bbox 1272 3384 1339 3424; x_wconf 89' lang='lat' dir='ltr'><strong>unus</strong></span> <span class='ocrx_word' id='word_1_373' title='bbox 1355 3370 1407 3438; x_wconf 89' lang='lat' dir='ltr'><strong>ptus</strong></span> 
     </span>
     <span class='ocr_line' id='line_1_41' title="bbox 280 3432 1406 3504; baseline 0 -17"><span class='ocrx_word' id='word_1_374' title='bbox 280 3435 374 3489; x_wconf 89' lang='lat' dir='ltr'><strong>habeat</strong></span> <span class='ocrx_word' id='word_1_375' title='bbox 392 3433 459 3502; x_wconf 91' lang='lat' dir='ltr'><strong>alio,</strong></span> <span class='ocrx_word' id='word_1_376' title='bbox 486 3432 536 3485; x_wconf 93' lang='lat' dir='ltr'><strong>hoc</strong></span> <span class='ocrx_word' id='word_1_377' title='bbox 559 3434 593 3487; x_wconf 92' lang='lat' dir='ltr'><strong>sit</strong></span> <span class='ocrx_word' id='word_1_378' title='bbox 618 3434 764 3486; x_wconf 88' lang='lat' dir='ltr'><strong>secundum</strong></span> <span class='ocrx_word' id='word_1_379' title='bbox 787 3433 855 3500; x_wconf 92' lang='lat' dir='ltr'><strong>qnod</strong></span> <span class='ocrx_word' id='word_1_380' title='bbox 873 3435 1013 3502; x_wconf 90' lang='lat' dir='ltr'><strong>imperator</strong></span> <span class='ocrx_word' id='word_1_381' title='bbox 1030 3438 1164 3489; x_wconf 90' lang='lat' dir='ltr'><strong>concessit</strong></span> <span class='ocrx_word' id='word_1_382' title='bbox 1180 3437 1237 3504; x_wconf 91' lang='lat' dir='ltr'><strong>plus</strong></span> <span class='ocrx_word' id='word_1_383' title='bbox 1256 3438 1298 3490; x_wconf 92' lang='lat' dir='ltr'><strong>vel</strong></span> <span class='ocrx_word' id='word_1_384' title='bbox 1315 3439 1406 3497; x_wconf 72' lang='lat' dir='ltr'><strong>minus,</strong></span> 
     </span>
     <span class='ocr_line' id='line_1_42' title="bbox 282 3501 1407 3572; baseline -0.002 -16"><span class='ocrx_word' id='word_1_385' title='bbox 282 3508 309 3556; x_wconf 89' lang='lat' dir='ltr'><strong>et</strong></span> <span class='ocrx_word' id='word_1_386' title='bbox 326 3504 391 3556; x_wconf 90' lang='lat' dir='ltr'><strong>sicut</strong></span> <span class='ocrx_word' id='word_1_387' title='bbox 408 3502 548 3557; x_wconf 86' lang='lat' dir='ltr'><strong>concessit.</strong></span> <span class='ocrx_word' id='word_1_388' title='bbox 565 3503 603 3554; x_wconf 89' lang='lat' dir='ltr'><strong>sic</strong></span> <span class='ocrx_word' id='word_1_389' title='bbox 621 3514 745 3554; x_wconf 90' lang='lat' dir='ltr'><strong>revocare</strong></span> <span class='ocrx_word' id='word_1_390' title='bbox 762 3503 853 3569; x_wconf 91' lang='lat' dir='ltr'><strong>possit.</strong></span> <span class='ocrx_word' id='word_1_391' title='bbox 887 3501 965 3564; x_wconf 87' lang='lat' dir='ltr'><strong>Item,</strong></span> <span class='ocrx_word' id='word_1_392' title='bbox 990 3504 1061 3569; x_wconf 90' lang='lat' dir='ltr'><strong>quod</strong></span> <span class='ocrx_word' id='word_1_393' title='bbox 1078 3518 1146 3572; x_wconf 87' lang='lat' dir='ltr'><strong>papa</strong></span> <span class='ocrx_word' id='word_1_394' title='bbox 1163 3505 1206 3557; x_wconf 89' lang='lat' dir='ltr'><strong>vel</strong></span> <span class='ocrx_word' id='word_1_395' title='bbox 1227 3509 1283 3558; x_wconf 91' lang='lat' dir='ltr'><strong>tota</strong></span> <span class='ocrx_word' id='word_1_396' title='bbox 1304 3504 1407 3558; x_wconf 89' lang='lat' dir='ltr'><strong>ecclesia</strong></span> 
     </span>
     <span class='ocr_line' id='line_1_43' title="bbox 281 3568 1408 3692; baseline -0.004 -67"><span class='ocrx_word' id='word_1_397' title='bbox 281 3572 355 3626; x_wconf 91' lang='lat' dir='ltr'><strong>simul</strong></span> <span class='ocrx_word' id='word_1_398' title='bbox 378 3575 479 3638; x_wconf 88' lang='lat' dir='ltr'><strong>sumpta</strong></span> <span class='ocrx_word' id='word_1_399' title='bbox 503 3569 603 3622; x_wconf 91' lang='lat' dir='ltr'><strong>nullum</strong></span> <span class='ocrx_word' id='word_1_400' title='bbox 616 3568 771 3648; x_wconf 30' lang='lat' dir='ltr'><strong>&#39;hominum</strong></span> <span class='ocrx_word' id='word_1_401' title='bbox 791 3575 1014 3637; x_wconf 88' lang='lat' dir='ltr'><strong>quantumcunque</strong></span> <span class='ocrx_word' id='word_1_402' title='bbox 1036 3573 1201 3638; x_wconf 88' lang='lat' dir='ltr'><strong>sceleratum,</strong></span> <span class='ocrx_word' id='word_1_403' title='bbox 1216 3578 1309 3692; x_wconf 86' lang='lat' dir='ltr'><strong>potest</strong></span> <span class='ocrx_word' id='word_1_404' title='bbox 1322 3572 1408 3642; x_wconf 82' lang='lat' dir='ltr'><strong>punire</strong></span> 
     </span>
     <span class='ocr_line' id='line_1_44' title="bbox 280 3637 1407 3708; baseline -0.003 -16"><span class='ocrx_word' id='word_1_405' title='bbox 280 3641 416 3708; x_wconf 88' lang='lat' dir='ltr'><strong>punitione</strong></span> <span class='ocrx_word' id='word_1_406' title='bbox 441 3641 571 3704; x_wconf 87' lang='lat' dir='ltr'><strong>coactiva,</strong></span> <span class='ocrx_word' id='word_1_407' title='bbox 596 3651 645 3689; x_wconf 90' lang='lat' dir='ltr'><strong>nrsr</strong></span> <span class='ocrx_word' id='word_1_408' title='bbox 670 3651 704 3688; x_wconf 90' lang='lat' dir='ltr'><strong>rm</strong></span> <span class='ocrx_word' id='word_1_409' title='bbox 723 3642 808 3690; x_wconf 90' lang='lat' dir='ltr'><strong>erator</strong></span> <span class='ocrx_word' id='word_1_410' title='bbox 833 3637 907 3690; x_wconf 90' lang='lat' dir='ltr'><strong>daret</strong></span> <span class='ocrx_word' id='word_1_411' title='bbox 928 3637 980 3692; x_wconf 90' lang='lat' dir='ltr'><strong>illis</strong></span> <span class='ocrx_word' id='word_1_412' title='bbox 998 3641 1180 3692; x_wconf 87' lang='lat' dir='ltr'><strong>auctoritatem.</strong></span> <span class='ocrx_word' id='word_1_413' title='bbox 1237 3641 1325 3693; x_wconf 83' lang='lat' dir='ltr'><strong>redisti</strong></span> <span class='ocrx_word' id='word_1_414' title='bbox 1341 3651 1407 3704; x_wconf 90' lang='lat' dir='ltr'><strong>vero,</strong></span> 
     </span>
     <span class='ocr_line' id='line_1_45' title="bbox 281 3651 1406 3777; baseline -0.004 -16"><span class='ocrx_word' id='word_1_415' title='bbox 281 3715 307 3761; x_wconf 95' lang='lat' dir='ltr'><strong>et</strong></span> <span class='ocrx_word' id='word_1_416' title='bbox 325 3708 367 3760; x_wconf 92' lang='lat' dir='ltr'><strong>alii</strong></span> <span class='ocrx_word' id='word_1_417' title='bbox 386 3705 543 3759; x_wconf 88' lang='lat' dir='ltr'><strong>adherentes</strong></span> <span class='ocrx_word' id='word_1_418' title='bbox 571 3703 635 3771; x_wconf 90' lang='lat' dir='ltr'><strong>illis,</strong></span> <span class='ocrx_word' id='word_1_419' title='bbox 653 3651 842 3771; x_wconf 51' lang='lat' dir='ltr'><strong>profitebantur</strong></span> <span class='ocrx_word' id='word_1_420' title='bbox 859 3705 943 3773; x_wconf 89' lang='lat' dir='ltr'><strong>palam</strong></span> <span class='ocrx_word' id='word_1_421' title='bbox 959 3708 1009 3759; x_wconf 87' lang='lat' dir='ltr'><strong>ista</strong></span> <span class='ocrx_word' id='word_1_422' title='bbox 1028 3710 1114 3760; x_wconf 90' lang='lat' dir='ltr'><strong>omnia</strong></span> <span class='ocrx_word' id='word_1_423' title='bbox 1131 3707 1256 3774; x_wconf 91' lang='lat' dir='ltr'><strong>credere,</strong></span> <span class='ocrx_word' id='word_1_424' title='bbox 1275 3715 1301 3762; x_wconf 90' lang='lat' dir='ltr'><strong>et</strong></span> <span class='ocrx_word' id='word_1_425' title='bbox 1316 3707 1406 3777; x_wconf 90' lang='lat' dir='ltr'><strong>promi-</strong></span> 
     </span>
     <span class='ocr_line' id='line_1_46' title="bbox 281 3772 1406 3846; baseline -0.004 -16"><span class='ocrx_word' id='word_1_426' title='bbox 281 3782 370 3830; x_wconf 87' lang='lat' dir='ltr'><strong>serunt</strong></span> <span class='ocrx_word' id='word_1_427' title='bbox 396 3787 427 3828; x_wconf 89' lang='lat' dir='ltr'><strong>ca</strong></span> <span class='ocrx_word' id='word_1_428' title='bbox 454 3772 485 3827; x_wconf 94' lang='lat' dir='ltr'><strong>ab</strong></span> <span class='ocrx_word' id='word_1_429' title='bbox 513 3773 582 3825; x_wconf 92' lang='lat' dir='ltr'><strong>omni</strong></span> <span class='ocrx_word' id='word_1_430' title='bbox 606 3773 802 3840; x_wconf 81' lang='lat' dir='ltr'><strong>impugnatione</strong></span> <span class='ocrx_word' id='word_1_431' title='bbox 829 3773 977 3826; x_wconf 82' lang='lat' dir='ltr'><strong>defendere.</strong></span> <span class='ocrx_word' id='word_1_432' title='bbox 1012 3774 1140 3828; x_wconf 88' lang='lat' dir='ltr'><strong>lohannes</strong></span> <span class='ocrx_word' id='word_1_433' title='bbox 1163 3789 1227 3829; x_wconf 91' lang='lat' dir='ltr'><strong>vero</strong></span> <span class='ocrx_word' id='word_1_434' title='bbox 1251 3777 1406 3846; x_wconf 80' lang='lat' dir='ltr'><strong>apostolous,</strong></span> 
     </span>
     <span class='ocr_line' id='line_1_47' title="bbox 280 3839 1406 3916; baseline -0.005 -19"><span class='ocrx_word' id='word_1_435' title='bbox 280 3844 432 3898; x_wconf 90' lang='lat' dir='ltr'><strong>convocatis</strong></span> <span class='ocrx_word' id='word_1_436' title='bbox 456 3839 575 3895; x_wconf 90' lang='lat' dir='ltr'><strong>iratribus</strong></span> <span class='ocrx_word' id='word_1_437' title='bbox 599 3839 775 3894; x_wconf 88' lang='lat' dir='ltr'><strong>cardinalibus</strong></span> <span class='ocrx_word' id='word_1_438' title='bbox 802 3846 828 3894; x_wconf 92' lang='lat' dir='ltr'><strong>et</strong></span> <span class='ocrx_word' id='word_1_439' title='bbox 852 3840 909 3894; x_wconf 88' lang='lat' dir='ltr'><strong>aliis</strong></span> <span class='ocrx_word' id='word_1_440' title='bbox 937 3843 1053 3896; x_wconf 86' lang='lat' dir='ltr'><strong>litteratis</strong></span> <span class='ocrx_word' id='word_1_441' title='bbox 1071 3850 1098 3897; x_wconf 92' lang='lat' dir='ltr'><strong>et</strong></span> <span class='ocrx_word' id='word_1_442' title='bbox 1115 3843 1292 3913; x_wconf 90' lang='lat' dir='ltr'><strong>sapientibus,</strong></span> <span class='ocrx_word' id='word_1_443' title='bbox 1309 3857 1353 3916; x_wconf 91' lang='lat' dir='ltr'><strong>per</strong></span> <span class='ocrx_word' id='word_1_444' title='bbox 1369 3843 1406 3894; x_wconf 91' lang='lat' dir='ltr'><strong>dei</strong></span> 
     </span>
     <span class='ocr_line' id='line_1_48' title="bbox 282 3909 1406 3980; baseline -0.004 -14"><span class='ocrx_word' id='word_1_445' title='bbox 282 3911 420 3976; x_wconf 83' lang='lat' dir='ltr'><strong>evangelia</strong></span> <span class='ocrx_word' id='word_1_446' title='bbox 437 3915 464 3963; x_wconf 88' lang='lat' dir='ltr'><strong>et</strong></span> <span class='ocrx_word' id='word_1_447' title='bbox 482 3923 569 3962; x_wconf 85' lang='lat' dir='ltr'><strong>sacras</strong></span> <span class='ocrx_word' id='word_1_448' title='bbox 587 3909 752 3962; x_wconf 89' lang='lat' dir='ltr'><strong>auctoritates</strong></span> <span class='ocrx_word' id='word_1_449' title='bbox 770 3916 918 3962; x_wconf 89' lang='lat' dir='ltr'><strong>sanctorum</strong></span> <span class='ocrx_word' id='word_1_450' title='bbox 946 3910 1096 3978; x_wconf 91' lang='lat' dir='ltr'><strong>reprobavit</strong></span> <span class='ocrx_word' id='word_1_451' title='bbox 1114 3925 1206 3965; x_wconf 88' lang='lat' dir='ltr'><strong>omnes</strong></span> <span class='ocrx_word' id='word_1_452' title='bbox 1223 3913 1351 3980; x_wconf 89' lang='lat' dir='ltr'><strong>predictos</strong></span> <span class='ocrx_word' id='word_1_453' title='bbox 1366 3922 1406 3962; x_wconf 90' lang='lat' dir='ltr'><strong>er-</strong></span> 
     </span>
     <span class='ocr_line' id='line_1_49' title="bbox 282 3977 1405 4046; baseline -0.003 -13"><span class='ocrx_word' id='word_1_454' title='bbox 282 3993 364 4043; x_wconf 89' lang='lat' dir='ltr'><strong>rores,</strong></span> <span class='ocrx_word' id='word_1_455' title='bbox 384 3983 410 4032; x_wconf 92' lang='lat' dir='ltr'><strong>et</strong></span> <span class='ocrx_word' id='word_1_456' title='bbox 426 3991 474 4046; x_wconf 93' lang='lat' dir='ltr'><strong>pro</strong></span> <span class='ocrx_word' id='word_1_457' title='bbox 491 3977 578 4030; x_wconf 89' lang='lat' dir='ltr'><strong>heresi</strong></span> <span class='ocrx_word' id='word_1_458' title='bbox 595 3977 806 4045; x_wconf 89' lang='lat' dir='ltr'><strong>condempnavit;</strong></span> <span class='ocrx_word' id='word_1_459' title='bbox 825 3989 876 4028; x_wconf 92' lang='lat' dir='ltr'><strong>uec</strong></span> <span class='ocrx_word' id='word_1_460' title='bbox 893 3990 947 4030; x_wconf 93' lang='lat' dir='ltr'><strong>non</strong></span> <span class='ocrx_word' id='word_1_461' title='bbox 966 3984 993 4030; x_wconf 92' lang='lat' dir='ltr'><strong>et</strong></span> <span class='ocrx_word' id='word_1_462' title='bbox 1010 3978 1141 4034; x_wconf 86' lang='lat' dir='ltr'><strong>hereticos</strong></span> <span class='ocrx_word' id='word_1_463' title='bbox 1155 3993 1213 4034; x_wconf 91' lang='lat' dir='ltr'><strong>cum</strong></span> <span class='ocrx_word' id='word_1_464' title='bbox 1228 3980 1341 4034; x_wconf 84' lang='lat' dir='ltr'><strong>omnibus</strong></span> <span class='ocrx_word' id='word_1_465' title='bbox 1353 3978 1405 4032; x_wconf 88' lang='lat' dir='ltr'><strong>lau-</strong></span> 
     </span>
     <span class='ocr_line' id='line_1_50' title="bbox 282 4042 1405 4114; baseline -0.005 -14"><span class='ocrx_word' id='word_1_466' title='bbox 282 4048 383 4100; x_wconf 88' lang='lat' dir='ltr'><strong>toribas</strong></span> <span class='ocrx_word' id='word_1_467' title='bbox 408 4059 497 4099; x_wconf 90' lang='lat' dir='ltr'><strong>eorum</strong></span> <span class='ocrx_word' id='word_1_468' title='bbox 521 4044 759 4109; x_wconf 88' lang='lat' dir='ltr'><strong>anathematizavit,</strong></span> <span class='ocrx_word' id='word_1_469' title='bbox 783 4049 809 4096; x_wconf 91' lang='lat' dir='ltr'><strong>et</strong></span> <span class='ocrx_word' id='word_1_470' title='bbox 826 4042 858 4096; x_wconf 90' lang='lat' dir='ltr'><strong>ab</strong></span> <span class='ocrx_word' id='word_1_471' title='bbox 876 4046 947 4099; x_wconf 88' lang='lat' dir='ltr'><strong>omui</strong></span> <span class='ocrx_word' id='word_1_472' title='bbox 971 4047 1115 4114; x_wconf 89' lang='lat' dir='ltr'><strong>principatu</strong></span> <span class='ocrx_word' id='word_1_473' title='bbox 1133 4047 1278 4104; x_wconf 87' lang='lat' dir='ltr'><strong>ethonore</strong></span> <span class='ocrx_word' id='word_1_474' title='bbox 1296 4045 1405 4100; x_wconf 90' lang='lat' dir='ltr'><strong>destituit.</strong></span> 
     </span>
     <span class='ocr_line' id='line_1_51' title="bbox 282 4112 1406 4182; baseline -0.003 -15"><span class='ocrx_word' id='word_1_475' title='bbox 282 4115 314 4168; x_wconf 88' lang='lat' dir='ltr'><strong>Et</strong></span> <span class='ocrx_word' id='word_1_476' title='bbox 330 4114 379 4167; x_wconf 93' lang='lat' dir='ltr'><strong>hec</strong></span> <span class='ocrx_word' id='word_1_477' title='bbox 396 4115 528 4167; x_wconf 89' lang='lat' dir='ltr'><strong>sententia</strong></span> <span class='ocrx_word' id='word_1_478' title='bbox 546 4113 822 4166; x_wconf 85' lang='lat' dir='ltr'><strong>excommunicationis</strong></span> <span class='ocrx_word' id='word_1_479' title='bbox 833 4112 914 4166; x_wconf 88' lang='lat' dir='ltr'><strong>altero</strong></span> <span class='ocrx_word' id='word_1_480' title='bbox 932 4127 1002 4167; x_wconf 91' lang='lat' dir='ltr'><strong>anno</strong></span> <span class='ocrx_word' id='word_1_481' title='bbox 1016 4113 1048 4168; x_wconf 89' lang='lat' dir='ltr'><strong>ab</strong></span> <span class='ocrx_word' id='word_1_482' title='bbox 1060 4115 1204 4182; x_wconf 88' lang='lat' dir='ltr'><strong>apostolico</strong></span> <span class='ocrx_word' id='word_1_483' title='bbox 1222 4120 1263 4170; x_wconf 89' lang='lat' dir='ltr'><strong>est</strong></span> <span class='ocrx_word' id='word_1_484' title='bbox 1280 4115 1406 4176; x_wconf 87' lang='lat' dir='ltr'><strong>tulminata,</strong></span> 
     </span>
     <span class='ocr_line' id='line_1_52' title="bbox 283 4179 908 4248; baseline -0.006 -12"><span class='ocrx_word' id='word_1_485' title='bbox 283 4181 407 4238; x_wconf 88' lang='lat' dir='ltr'><strong>videlicet</strong></span> <span class='ocrx_word' id='word_1_486' title='bbox 425 4196 495 4235; x_wconf 90' lang='lat' dir='ltr'><strong>auno</strong></span> <span class='ocrx_word' id='word_1_487' title='bbox 514 4181 553 4233; x_wconf 92' lang='lat' dir='ltr'><strong>sui</strong></span> <span class='ocrx_word' id='word_1_488' title='bbox 570 4179 731 4248; x_wconf 82' lang='lat' dir='ltr'><strong>pontificatus</strong></span> <span class='ocrx_word' id='word_1_489' title='bbox 748 4179 908 4234; x_wconf 89' lang='lat' dir='ltr'><strong>duodecimo.</strong></span> 
     </span>
    </p>
   </div>
   <div class='ocr_carea' id='block_1_5' title="bbox 0 0 1525 4878">
    <p class='ocr_par' dir='ltr' id='par_1_6' title="bbox 0 0 1525 4878">
     <span class='ocr_line' id='line_1_53' title="bbox 0 0 1525 4878; baseline 0 0"><span class='ocrx_word' id='word_1_490' title='bbox 0 0 1525 4878; x_wconf 95' lang='lat' dir='ltr'><strong> </strong></span> 
     </span>
    </p>
   </div>
  </div>
 </body>
</html>
