3096 4882
523 223 590 270 rma
613 220 721 270 uanam
743 223 851 278 ouunrr
871 223 931 270 rur.
1223 194 1293 264 2t5

160 360 219 430 bue
240 363 403 448 peeeetts,
429 361 482 429 eet
499 363 620 447 peloro
645 363 798 431 madent
821 361 920 430 eoba.
967 362 1037 432 Nos
1066 365 1175 432 autem
1202 380 1296 432 oom-
1316 379 1381 434 leot

160 462 253 550 passi
266 460 454 530 illiDeliino
465 460 650 530 Viennensi
668 463 801 530 nomina
811 455 982 552 Bigonis¹‚
998 464 1092 530 euius
1107 463 1181 530 avia
1191 461 1298 530 luerat

162 577 258 628 soror
284 561 359 628 avie
386 565 512 650 nostre,
540 565 574 628 et
598 563 671 649 ipse
695 561 869 630 eratfilius
893 563 1019 630 sororis
1037 564 1129 648 regis
1150 561 1298 648 Ungarie

159 657 272 727 llaroli
297 660 401 746 primi.
443 659 724 746 interrogavimus
751 660 923 746 angelum:
949 664 1056 727 ornem
1076 663 1192 746 posset
1216 677 1297 727 eon-

157 757 243 839 tteri
269 762 346 824 onte
371 759 534 826 amntem?
561 763 594 825 et
619 760 833 827 contristatus
853 777 941 826 eram
960 758 1068 826 valde.
1114 757 1300 846 Respondit

165 861 276 924 autem
304 856 446 942 angelus
474 856 609 925 dioeus:
642 856 783 926 Habebit
807 858 1044 942 consessionem
1069 862 1102 924 et
1124 859 1209 924 obet
1232 857 1298 924 ett-

165 959 246 1040 quot
272 954 394 1022 dietam.
437 957 531 1024 Tune
556 956 697 1024 vidimus
724 958 757 1024 in
783 962 877 1044 parte
907 957 1040 1024 sinistra
1067 958 1151 1024 aeiei
1176 957 1298 1026 multos

165 1055 256 1122 viros
281 1061 410 1122 stantes
435 1057 574 1123 amietos
590 1056 699 1144 palliis
720 1055 815 1144 albiS,
843 1057 939 1142 quasi
956 1060 1072 1124 essent
1096 1057 1157 1121 viri
1178 1073 1299 1142 magne

164 1154 357 1221 reverencie
385 1159 419 1222 et
444 1155 648 1244 sanctitatis,
683 1153 972 1241 loquebanturque
999 1153 1041 1221 ad
1074 1155 1213 1221 mvioem
1240 1172 1299 1222 ro—

161 1253 343 1340 spioientes
378 1270 480 1340 super
513 1255 617 1321 aeiem
644 1259 678 1322 et
709 1271 811 1342 super
837 1271 878 1322 aa
908 1271 973 1340 que
1001 1259 1099 1339 gesta
1125 1260 1237 1342 erant,
1265 1259 1299 1320 et

159 1351 247 1418 hene
279 1352 375 1438 ipsos
409 1353 609 1422 notavimus.
659 1351 731 1420 Nee
763 1359 873 1420 tamen
900 1353 1045 1438 graciam
1070 1350 1299 1438 interrogandi

159 1449 346 1539 habuimus,
375 1468 439 1518 neo
455 1468 516 1539 per
539 1468 577 1518 se
602 1451 745 1538 angelus
763 1451 876 1518 retulit
895 1452 950 1538 qui
967 1451 1022 1518 vel
1041 1452 1157 1537 quales
1183 1458 1300 1519 essent

159 1549 224 1616 viri
249 1548 298 1616 illi
323 1554 414 1617 tante
441 1552 643 1618 reverentie.
681 1551 723 1619 ilt
749 1550 859 1618 subito
885 1550 1027 1618 restituti
1047 1548 1167 1618 luimus
1186 1549 1228 1617 ad
1243 1550 1297 1618 lo-

160 1665 235 1715 eum
259 1653 409 1716 nostrum
447 1667 564 1717 aurora
591 1652 655 1717 iam
690 1650 906 1718 clarescente.
956 1647 1174 1735 veniensque
1204 1648 1299 1716 Tho-

162 1763 235 1814 mas
262 1745 304 1814 da
331 1746 428 1815 Nova
453 1747 539 1816 Villa
571 1748 682 1837 miles,
709 1746 911 1816 Leodiensis
937 1746 1117 1836 dyocesis,
1144 1763 1298 1814 eamera-

159 1845 229 1913 rius
254 1847 357 1933 patris
383 1848 501 1937 nostri,
529 1849 686 1915 excitavit.
701 1850 765 1916 nos
787 1847 916 1914 dieans:
942 1846 1081 1914 Domine
1106 1863 1210 1931 quere
1234 1863 1300 1912 non

160 1945 314 2030 surgitis,
348 1946 416 2012 iem
440 1949 540 2031 peter
571 1951 679 2013 vester
705 1950 850 2032 paretes
876 1945 1027 2012 aseendit
1050 1962 1159 2030 equos.
1206 1945 1300 2012 Tune

165 2045 380 2133 surreximus,
409 2049 597 2113 oteramus
632 2045 791 2114 eonlraeti
818 2049 852 2111 et
878 2046 973 2131 quasi
1000 2043 1083 2114 lessi
1109 2045 1197 2112 sieut
1221 2051 1301 2133 post

163 2159 322 2230 magnum
350 2142 499 2211 laborem
518 2145 655 2212 itineris.
695 2145 735 2213 Et
760 2143 901 2212 diximus
932 2143 1012 2211 sibi:
1041 2143 1113 2230 Quo
1138 2144 1301 2210 eodemus

158 2259 234 2309 earm
256 2239 323 2308 beo
348 2245 443 2309 noete
463 2246 560 2328 possi
585 2261 695 2311 semus
721 2247 816 2310 teate
841 2242 930 2328 quod
953 2244 1114 2309 nesmmus
1139 2243 1219 2326 quid
1239 2242 1299 2326 fa-

159 2357 240 2410 eere
264 2338 449 2408 debeamus.
493 2343 585 2410 Tune
611 2342 693 2410 dixit
717 2340 832 2410 nobis:
859 2340 997 2407 Domine
1017 2341 1120 2424 qaid?
1152 2341 1194 2409 Et
1208 2339 1299 2409 dixi-

162 2456 236 2506 mus
265 2439 346 2507 sibi:
381 2439 528 2519 Delfiour
557 2445 703 2508 mortuus
729 2444 802 2520 est,·
828 2442 860 2506 et
883 2440 952 2524 lpse
973 2442 1073 2524 peter
1097 2444 1209 2506 noster
1232 2439 1302 2506 orrtt

160 2554 367 2624 eooqreqere
393 2541 572 2606 exereitum
597 2543 629 2606 et
643 2539 828 2625 precedere
843 2539 877 2604 tn
893 2537 1052 2604 debilium
1074 2537 1219 2626 Bellene
1244 2540 1299 2622 qut

159 2642 300 2724 quaerat
322 2655 395 2704 eum
421 2639 537 2705 comite
562 2637 753 2718 Sebasteia·
777 2635 1103 2703 nostrumdabam
1127 2653 1193 2702 noe
1213 2653 1298 2720 pre-

156 2737 229 2817 tett
260 2733 321 2802 ribi
354 2737 433 2820 quie
466 2741 611 2803 mortuus
643 2739 701 2804 eet.
744 2735 822 2823 Ipse
857 2751 937 2804 vero
972 2733 1127 2802 deridens
1153 2751 1217 2802 nos
1243 2734 1300 2802 illa

162 2834 230 2926 die,
257 2840 436 2922 postquam
458 2836 608 2904 venimus
628 2837 663 2902 in
678 2835 825 2902 Parmam
848 2832 930 2902 dixit
945 2834 1032 2928 patri
1051 2839 1165 2902 nostro
1190 2835 1300 2902 omnia

164 2951 229 3021 que
257 2933 320 3001 sibi
347 2933 544 3003 dixeramus.
586 2935 680 3002 Tune
704 2940 799 3022 pater
824 2938 940 3002 noster
961 2951 1088 3001 voeans
1105 2933 1299 3020 interroga-

162 3034 211 3100 vit
235 3049 317 3100 nos:
343 3034 373 3099 st
397 3049 508 3100 oemrm
532 3037 627 3116 esset,
654 3037 687 3100 et
702 3034 731 3100 st
752 3035 800 3100 itu
822 3033 1039 3101 uideremus?
1066 3031 1126 3101 Cui
1151 3049 1299 3121 respou-

162 3131 287 3200 dimus:
319 3131 433 3217 Utique
459 3133 596 3215 domine,
623 3134 728 3199 eatam
748 3151 814 3217 pro
840 3133 1080 3214 recorrentes,
1106 3133 1196 3216 qood
1216 3131 1299 3199 Det-

155 3231 244 3312 finee
260 3233 406 3297 mortuus
426 3234 482 3298 est.
525 3231 623 3298 Pater
649 3236 766 3298 noster
790 3233 966 3317 increpans
983 3229 1082 3297 uobis
1100 3228 1197 3297 dixit:
1224 3229 1299 3298 Not'

160 3331 298 3398 eredere
323 3331 489 3414 sompniis.
536 3329 696 3397 Predietis
724 3335 833 3397 autem
859 3331 943 3416 patri
969 3335 1085 3396 nostro
1114 3333 1148 3395 et
1173 3327 1298 3396 Thomu

161 3447 230 3498 non
257 3426 448 3496 dixeramus
474 3430 604 3516 integre
631 3431 718 3497 siout
744 3427 951 3518 videramus,
986 3426 1047 3496 sed
1073 3427 1181 3497 solum
1208 3427 1300 3514 quod

162 3526 332 3615 Dellynus
366 3533 515 3596 mortuus
564 3534 663 3596 esset.
710 3528 792 3596 Post
826 3527 952 3614 aliquot
986 3545 1069 3612 ergo
1101 3525 1173 3594 dies
1208 3527 1300 3592 venit

164 3629 308 3695 nuntius
336 3625 448 3694 leneus
474 3627 612 3716 litteras,
640 3626 731 3714 quod
749 3625 899 3694 Delsmus
922 3631 1131 3712 congregato
1153 3625 1300 3692 exereitu

163 3743 226 3796 suo
254 3731 393 3794 venerat
428 3731 505 3794 anta
532 3725 700 3811 quoddam
727 3731 872 3793 oastmm
899 3727 1028 3793 comitis
1056 3724 1239 3812 Sabaudie,
1267 3730 1301 3790 et

162 3824 254 3912 quod
279 3823 409 3894 deuna
434 3824 646 3892 balistarum
665 3843 785 3911 magna
811 3824 932 3910 sagitta
957 3826 989 3892 iu
1018 3822 1128 3891 medio
1155 3823 1300 3890 omnium

160 3925 300 3992 militum
324 3941 457 3992 suorum
480 3922 598 3992 luisset
616 3926 803 4014 sagittatur,
831 3930 864 3990 et
882 3928 962 4010 post
978 3923 1105 4009 aliquot
1123 3921 1194 3990 dies
1212 3938 1299 4002 eon-

194 4107 229 4173 1)
249 4105 331 4228 (ἰυὶἱο
356 4106 440 4162 Dellin
465 4122 517 4162 ron
541 4107 645 4162 Vienna
671 4107 760 4160 nunde
786 4105 941 4160 ueru’undet
966 4105 1003 4158 als
1028 4119 1056 4158 er
1080 4105 1125 4158 das
1150 4105 1249 4160 selrloss
1274 4107 1299 4160 la
1324 4075 1331 4093 ⁸

159 4175 281 4231 Perriere
318 4176 432 4241 elegeris
456 4175 508 4228 und
531 4175 600 4230 starb
625 4176 675 4228 den
695 4175 834 4242 folgenden
856 4180 898 4240 teg
916 4188 956 4226 am
975 4172 1008 4226 28
1026 4174 1069 4226 iuli
1090 4173 1298 4227 redamantem

161 4260 194 4298 er
212 4243 280 4298 uoolr
298 4245 384 4299 testirt
403 4244 480 4298 batte.
515 4243 675 4298 Vallrounais
694 4244 756 4298 llist.
776 4243 807 4296 de
827 4241 961 4309 Daupline
982 4244 1004 4309 l,
1024 4241 1072 4296 295
1094 4241 1146 4296 urrd
1165 4243 1189 4309 2,
1208 4242 1265 4296 236.
