3096 4882
537 161 606 208 vrri
628 162 736 208 nnnonr
758 162 866 217 oonnrr
890 163 950 209 rnr.
1242 137 1313 205 229
1374 168 1376 172 ·

183 299 312 370 oedinis
340 305 374 381 et
399 299 522 369 umoris
548 301 643 369 ineo
668 308 880 393 generentur,
907 304 941 370 in
968 302 1089 391 quibus
1116 300 1224 372 animo
1249 323 1318 372 nu-

179 401 365 468 trimentum
392 418 488 468 sumn
514 399 636 468 babeat
661 401 772 491 vitute,
801 408 834 469 ει
852 403 886 468 in
910 420 950 470 eo
977 402 1131 471 monent?
1172 402 1214 471 Et
1231 405 1320 471 siout

178 499 214 566 in
240 499 297 566 ilio
323 500 524 566 nutrimento
551 499 598 566 nil
624 507 811 588 oorruptum
832 506 893 591 est,
920 503 965 569 ita
985 507 1159 570 manentes
1185 505 1221 570 in
1241 503 1317 591 ipso

178 602 295 666 eorent
318 598 408 665 omni
430 598 652 687 eorreptione,
681 605 714 664 et
735 600 850 666 vivent
866 601 901 666 in
923 606 1081 670 eternum.
1120 597 1218 680 Quod
1238 601 1318 670 Sal-

177 701 273 764 vator
300 695 450 787 aiirrmut,
477 694 593 765 dioens
620 695 779 764 Iohannis
806 698 870 765 vi:
898 697 960 764 Hie
985 700 1148 783 estpuois
1168 701 1258 766 ninus
1277 701 1318 767 de

177 795 250 863 oeio
276 794 484 878 descendens,
510 799 543 862 et
566 797 595 863 si
620 797 693 880 quir
718 795 758 862 de
783 797 856 881 ipso
882 797 1130 864 manducaverit
1153 814 1219 864 non
1244 815 1317 864 mo-

177 897 281 962 riebm
304 896 338 961 in
363 897 515 962 eternum.
560 893 637 962 Vita
671 900 785 963 eterna
819 901 872 962 est
896 895 954 963 iux
980 895 1123 964 bominis
1150 914 1215 983 qne
1243 897 1316 964 sine

177 993 251 1062 Deo
279 992 367 1060 etboi
392 1010 460 1060 non
487 999 610 1082 potest.
651 993 693 1061 Et
723 992 800 1063 ideo
835 993 915 1062 dioit
939 993 1027 1062 idem
1053 991 1241 1082 Aquilaris:
1277 994 1320 1062 lit
1380 1019 1383 1022 ·

177 1094 245 1160 nitu
265 1095 342 1159 oroi
358 1091 416 1159 too
435 1090 607 1175 boninum,
635 1094 793 1180 qnoniam
819 1093 916 1161 oliam
943 1096 1043 1162 vitam
1070 1100 1199 1182 reputat
1224 1111 1317 1163 mor-

171 1199 253 1282 tem.
296 1191 339 1260 Et
362 1209 442 1258 vere
464 1198 517 1258 est
533 1209 633 1282 mors,
661 1193 741 1279 quia
764 1195 970 1260 amarissima
997 1198 1059 1262 est.
1101 1190 1192 1272 Quid¹
1207 1200 1317 1261 autern

178 1292 321 1358 amorius
349 1296 417 1380 est,
446 1309 545 1378 quom
571 1298 737 1359 amatores
769 1290 961 1360 deliciarum
987 1291 1049 1360 bas
1075 1309 1182 1380 penos
1211 1294 1318 1360 susti-

180 1391 286 1458 nere?
331 1389 407 1458 Non
428 1391 516 1458 enim
536 1398 614 1460 sunt
631 1392 751 1459 mortni
777 1397 912 1480 tantum,
941 1390 1003 1459 sod
1025 1391 1113 1459 omni
1137 1391 1220 1460 bom
1240 1408 1318 1460 mo-

179 1490 316 1558 riuntur.
365 1488 527 1558 Viventes
544 1496 669 1557 nutem
695 1492 729 1558 in
755 1491 823 1558 vita
849 1496 964 1558 eterno
994 1489 1237 1558 benediountur
1262 1491 1317 1559 vi-

175 1595 316 1680 ventes,
344 1590 481 1675 quievi
507 1591 603 1658 morti
630 1591 847 1678 resisterunt,
875 1588 1013 1657 delioius
1040 1589 1194 1656 oarnules
1222 1588 1317 1656 reiu-

178 1686 293 1779 tnndo,
321 1693 355 1755 et
380 1695 541 1776 oeperunt
566 1689 601 1756 in
626 1691 784 1778 premium
811 1688 948 1758 delicias
977 1690 1208 1777 sempiternas.
1248 1685 1317 1756 Sed

177 1786 269 1855 multi
306 1786 486 1856 eomednnt
518 1788 723 1877 spiritualem
749 1788 858 1855 eibum
885 1789 957 1856 sine
984 1789 1135 1876 appetitu
1163 1793 1195 1854 et
1221 1786 1319 1854 desi-

178 1885 281 1976 derio,
310 1892 345 1953 et
371 1894 529 1955 evomunt
554 1887 646 1955 illum
673 1886 715 1955 de
743 1887 899 1956 cordibus
927 1889 1009 1955 suis.
1053 1886 1103 1954 Ve
1129 1886 1211 1953 iltis!
1239 1886 1318 1973 qrriu

176 1991 290 2054 reatus
317 1985 448 2053 illorum
476 2004 549 2054 oum
576 1985 659 2054 Iuda
685 1985 890 2076 describitur,
919 1992 952 2054 et
965 1988 1081 2076 porcio
1109 2003 1221 2053 eorum
1244 2002 1318 2052 oum

177 2084 311 2152 Dutban
329 2092 362 2152 ει
378 2082 516 2174 Abiron,
544 2103 607 2153 neo
633 2086 780 2174 proderit
805 2080 978 2153 animabus
1005 2087 1152 2174 ipsorum
1180 2083 1222 2152 ad
1249 2102 1318 2152 nu-

179 2185 377 2253 trimentum.
420 2183 539 2254 Nonne
565 2187 772 2271 eognosoitis
790 2184 881 2272 quod
901 2187 931 2252 si
950 2185 1060 2254 bestia
1078 2184 1223 2252 comedit
1245 2185 1318 2250 sine
1410 2244 1412 2248 .

178 2284 339 2374 appetitu,
366 2300 435 2351 non
453 2285 608 2372 provenit
625 2286 656 2351 ei
677 2284 720 2352 nd
746 2287 989 2375 nutrimentum,
1018 2283 1079 2351 sod
1105 2281 1222 2352 dolore
1238 2289 1319 2350 tor-

177 2383 321 2469 quetur‘t
363 2381 470 2450 Multo
497 2386 604 2468 magis
630 2400 693 2450 nos
720 2382 963 2470 torquebimini,
992 2384 1069 2468 quin
1093 2399 1180 2470 pena
1205 2386 1319 2449 vestra

179 2483 240 2548 erit
268 2485 393 2569 eterno,
422 2482 510 2548 siout
536 2481 630 2548 uibus
658 2487 709 2549 est
736 2488 881 2549 eternus,
925 2479 1071 2561 Quorum
1091 2481 1236 2566 vestigia
1255 2497 1318 2549 vos

179 2579 323 2648 obseoro
350 2585 478 2662 caveto,
506 2573 627 2666 atque¹
653 2582 687 2647 in
714 2581 948 2648 nutrimentum
977 2581 1158 2648 animarum
1184 2585 1319 2647 vestro-

177 2696 246 2746 rum
276 2678 386 2747 oibum
412 2679 502 2745 ilium
529 2677 720 2747 desiderate
746 2669 927 2768 reoipere²,
955 2684 989 2746 et
1014 2680 1087 2746 sine
1112 2679 1188 2766 ipso
1215 2676 1319 2746 nolite

178 2780 303 2868 vivere,
329 2785 364 2846 ut
388 2779 423 2844 in
446 2784 594 2845 eternum
624 2780 755 2869 vivatiS,
784 2767 889 2847 siout³
913 2795 979 2844 non
999 2779 1033 2846 in
1048 2776 1121 2844 solo
1137 2794 1228 2862 pune
1243 2777 1323 2842 oiuit

178 2874 285 2956 bomo,
312 2876 373 2944 sed
396 2895 441 2944 ee·
466 2878 551 2944 omni
576 2876 673 2944 uerbo
699 2878 789 2963 qood
807 2877 962 2963 procedit
984 2876 1024 2944 de
1045 2893 1102 2943 ore
1127 2875 1199 2942 Dei.
1236 2873 1320 2942 Nam

178 2977 276 3064 punis
304 2975 439 3044 oelestis
473 2993 541 3043 non
570 2976 677 3045 solum
705 2984 758 3044 est
784 2979 898 3066 panis,
927 2975 987 3044 sed
1015 2982 1049 3042 et
1074 2991 1152 3043 euro
1180 2980 1213 3042 ει
1238 2992 1320 3043 ver-

176 3075 273 3166 bum,
310 3073 375 3162 qne
409 3075 438 3143 si
473 3076 547 3143 sola
582 3083 693 3166 esset,
734 3092 803 3144 non
828 3075 968 3144 baberet
993 3066 1226 3142 nutrimentum
1251 3075 1319 3142 vite

176 3180 301 3242 eterne.
347 3171 523 3254 Quomodo
552 3180 660 3242 nutem
688 3174 743 3242 iile
769 3176 867 3264 panis
896 3176 939 3242 sit
967 3174 1072 3242 earo?
1114 3170 1171 3240 Ait
1197 3172 1320 3240 Salvu-

175 3280 243 3342 tor:
271 3273 377 3340 Panis
403 3291 498 3358 qoem
524 3291 585 3359 eqo
612 3273 699 3342 dubo
725 3292 807 3341 curo
833 3291 907 3340 meu
933 3277 991 3340 est.
1035 3270 1107 3352 Quo
1130 3289 1208 3340 earo
1238 3290 1320 3340 ver-

173 3372 252 3440 bum
282 3377 344 3462 est,
372 3379 470 3460 prout
496 3371 664 3441 Iohannes
687 3375 720 3440 in
743 3373 921 3460 evangelio
946 3374 1007 3441 ait:
1033 3371 1221 3440 Etoerbom
1237 3389 1320 3439 curo

175 3471 304 3556 loetum
338 3475 395 3539 est.
448 3468 547 3551 Quod
580 3473 718 3540 verbum
744 3472 836 3548 Dens
863 3477 943 3563 erat,
971 3472 1013 3539 de
1041 3489 1107 3558 quo
1135 3469 1245 3537 idern:
1279 3469 1323 3536 Et

174 3569 268 3638 Deum
285 3574 360 3638 erut
377 3569 518 3639 uerbum.
553 3570 595 3640 Et
618 3574 667 3640 sio
683 3574 746 3639 iste
763 3573 879 3659 punis:
907 3589 995 3662 ooro,
1025 3570 1158 3638 verbum
1178 3574 1210 3636 et
1226 3568 1319 3635 Deus

177 3674 240 3738 ost.
286 3667 391 3750 Quem
416 3687 537 3758 ponem
565 3673 621 3757 qui
647 3688 778 3738 sumere
800 3670 881 3762 vult,
909 3672 1061 3758 uooipere
1086 3672 1216 3756 oportet
1241 3683 1319 3734 oar-

173 3786 252 3836 nem
284 3768 422 3836 verbum
452 3776 485 3836 et
512 3769 619 3837 Deum
644 3773 679 3838 in
704 3770 760 3838 iilo
787 3787 874 3858 pane
902 3769 1019 3837 telesti
1047 3769 1103 3854 qui
1128 3768 1225 3855 ponis
1253 3784 1319 3832 an-

177 3867 332 3954 gelornm
358 3873 577 3958 nuncupatur.
627 3869 664 3937 In
691 3871 884 3958 sumpoione
910 3870 1007 3957 panis
1040 3871 1173 3954 oportet
1197 3870 1234 3932 ut
1260 3883 1319 3932 su-

176 3973 286 4036 metur
310 3969 447 4036 verbum
473 3969 633 4036 veritatis.
684 3969 734 4036 De
762 3987 828 4056 quo
855 3968 958 4036 verbo
986 3965 1133 4034 Christus
1162 3965 1222 4032 ait:
1248 3963 1319 4050 Eoo

177 4083 252 4133 sum
276 4067 400 4134 ueritas
424 4071 457 4135 ει
480 4069 557 4134 ειιε.
595 4065 658 4148 Qui
684 4069 819 4136 verbum
844 4068 994 4135 veritatis
1021 4082 1089 4133 non
1109 4064 1231 4152 aooipit
1257 4082 1319 4132 su-

216 4193 245 4258 ι)
264 4191 312 4244 εει
331 4190 369 4246 bs.
410 4193 441 4258 2]
460 4193 531 4245 ilium
549 4205 606 4248 eum
625 4193 770 4248 desiderate
788 4198 841 4248 tom
858 4194 965 4261 recipito
983 4191 1055 4246 Rein.
1098 4191 1130 4258 3)
1149 4194 1175 4245 et
1193 4187 1230 4244 bs.
