3096 4882
285 190 357 258 2ltd
645 221 711 266 vrrn
733 221 840 266 xxnonr
863 221 974 276 coxam
996 221 1055 268 rur.

202 370 268 422 1333
288 361 329 429 de
355 361 471 449 patria,
500 365 533 428 et
559 379 629 430 earn
658 363 832 448 terrigenis
859 366 892 428 et
918 361 1096 429 maioribus
1120 361 1287 428 civitatum
1312 357 1405 427 relin-

289 477 413 550 quere,
440 458 595 528 videlicet
620 460 766 528 Parmam
793 461 859 528 illis
887 459 929 526 de
955 457 1096 550 Rubeis,
1123 458 1262 546 Regium
1287 459 1346 526 illis
1369 455 1406 524 dc
1514 465 1515 474 ’

288 559 436 645 Poliano,
454 558 614 626 Mutinam
631 560 696 627 illis
712 559 754 627 de
773 559 839 626 Piis
848 552 869 647 ¹,
899 557 1093 630 Cremonam
1110 559 1174 628 illis
1203 558 1244 627 de
1265 557 1407 626 Punezo-
1514 647 1515 652 Ἰ

289 659 397 747 nibus,
427 660 483 744 qui
510 675 626 726 omnes
653 658 713 726 has
741 659 894 726 civitates
919 661 1004 747 patri
1026 664 1142 727 nostro
1168 660 1202 725 in
1220 662 1408 746 potestatem
1514 653 1515 668 ¹

289 757 467 846 dederant,
495 757 668 843 voluitque
703 759 752 824 eis
781 756 916 824 easdem
944 757 1093 826 reddere.
1139 757 1285 826 Luccam
1311 761 1408 823 autem
1514 823 1515 850 Ξ

288 857 394 924 voluit
426 855 573 923 vendere
600 856 817 944 Florentinis,
855 854 916 923 sed
947 855 1050 925 iretus
1077 863 1193 926 nostro
1221 873 1261 923 ac
1288 869 1409 923 suornm
1514 851 1515 860 ’

290 955 552 1024 consiliariorum
588 956 730 1023 consilio
767 955 930 1022 commisit
960 955 1109 1024 eamdem
1136 955 1202 1023 illis
1228 953 1270 1022 dc
1297 951 1409 1021 Rubeis

289 1054 409 1142 quibus
435 1053 582 1122 Parmam
609 1056 828 1122 commiserat.

362 1153 400 1219 ln
427 1157 573 1239 tempore
598 1152 655 1220 illo
680 1171 753 1220 curn
783 1169 935 1220 essemus
964 1153 997 1219 in
1023 1151 1135 1218 Lacca
1160 1149 1335 1238 dyabolus,
1361 1147 1410 1237 qui

290 1269 421 1340 semper
453 1253 559 1338 querit
592 1269 687 1337 quem
720 1251 876 1341 devoret,
909 1257 941 1319 et
968 1250 1065 1320 ollert
1097 1249 1285 1319 hominibus
1313 1249 1412 1319 dulcia

289 1354 323 1418 in
351 1349 470 1437 quibus
498 1349 541 1416 iel
568 1349 665 1440 latet,
694 1369 767 1418 curn
794 1358 871 1419 ante
898 1350 955 1418 diu
980 1349 1160 1418 fuissemus
1188 1351 1336 1439 temptati
1359 1363 1412 1436 per

290 1468 382 1538 curn,
410 1467 471 1516 nec
502 1454 612 1516 tamen
641 1449 752 1518 divina
779 1451 892 1536 gracia
918 1448 1096 1518 adiuvante
1122 1450 1221 1538 victi,
1248 1446 1414 1534 instigavit

291 1549 443 1616 homines
469 1566 591 1637 pravos
619 1554 651 1617 et
676 1567 874 1637 perversos,
902 1566 975 1616 enm
1001 1566 1060 1637 per
1087 1564 1125 1615 se
1151 1566 1219 1616 non
1247 1549 1412 1631 valuisset,

290 1649 345 1735 qai
379 1650 463 1735 patri
489 1654 602 1716 nostro
636 1648 770 1717 cottidie
806 1647 1029 1737 adherebant,
1064 1652 1100 1712 nt
1130 1664 1194 1714 nos
1224 1647 1265 1715 de
1292 1645 1414 1715 tramite
1514 1669 1515 1732 3

288 1751 381 1814 recto
416 1749 450 1814 in
483 1747 639 1834 laqueum
669 1749 801 1816 miserie
828 1754 861 1814 et
886 1747 1032 1815 libidinis
1060 1744 1274 1836 seducerent,
1304 1748 1413 1832 sicque
1514 1745 1515 1772 ¹

289 1846 419 1914 seducti
446 1864 465 1913 a
489 1849 657 1934 perversis
693 1865 823 1914 eramus
859 1846 1008 1934 perversi
1041 1863 1109 1914 una
1142 1863 1215 1912 cum
1240 1843 1415 1934 perversis.

287 1943 417 2011 Deinde
454 1950 548 2033 pater
582 1953 699 2014 noster
730 1963 799 2014 non
832 1946 934 2031 longe
966 1950 1044 2033 post
1077 1961 1140 2012 nos
1174 1945 1334 2032 arripiens
1359 1943 1415 2010 iter
1514 1945 1515 1964 l

288 2060 407 2110 versus
422 2041 568 2110 Parmam
586 2038 675 2112 una²
692 2046 903 2133 pervenimus
925 2045 959 2110 in
978 2045 1087 2111 villam
1104 2046 1238 2112 nominc
1261 2043 1415 2128 Parenoa,

289 2141 476 2209 Parmensis
511 2141 687 2233 dyocesis,
719 2145 752 2210 in
786 2143 841 2210 die
875 2143 1039 2211 dominica
1076 2143 1109 2209 in
1144 2160 1210 2228 qua
1244 2148 1317 2210 erat
1347 2140 1415 2209 dics

290 2242 526 2329 assumptionis
554 2249 669 2310 sancte
695 2241 800 2310 Marie
826 2243 979 2328 virginis.
1029 2239 1087 2308 llla
1112 2259 1194 2310 vero
1220 2248 1323 2310 nocte
1349 2256 1417 2308 curn

290 2359 353 2408 nos
381 2357 483 2429 sopor
508 2340 692 2432 invaderet,
720 2342 870 2428 apparuit
894 2341 992 2409 nobis
1020 2338 1160 2428 quedam
1187 2341 1283 2408 visio.
1325 2338 1417 2420 Quo-

290 2441 377 2508 niam
398 2439 540 2525 angelus
555 2440 685 2509 Domini
707 2441 809 2507 astitit
834 2441 926 2507 iuxta
951 2457 1013 2507 nos
1039 2441 1073 2505 in
1089 2446 1184 2527 parte
1207 2441 1345 2507 sinistra
1366 2436 1419 2506 ubi

289 2539 491 2629 jacebamus,
520 2547 553 2605 et
568 2541 735 2627 percussit
751 2557 816 2607 nos
833 2541 866 2606 in
883 2539 988 2607 latere
1012 2536 1146 2606 dicens:
1173 2538 1278 2624 Surge
1297 2542 1333 2606 et
1351 2535 1419 2604 card

289 2638 462 2706 nobiscum.
504 2638 574 2706 Nos
596 2647 704 2707 autem
723 2637 956 2726 respondimus
977 2638 1009 2704 in
1037 2639 1171 2725 spiritu:
1197 2637 1339 2704 Domine
1363 2649 1421 2701 nec

290 2739 359 2804 acto
385 2755 467 2822 qno,
493 2755 552 2804 nec
584 2739 745 2822 quomodo
770 2736 934 2804 uobiscum
959 2754 1041 2803 eum.
1091 2737 1133 2804 Et
1158 2737 1330 2824 accipiens
1358 2747 1418 2801 nos

290 2937 323 3001 in
340 2952 448 3002 aerem
462 2951 569 3020 usqne
587 2951 687 3023 super
701 2953 855 3021 magnam
871 2937 975 3003 aciem
992 2941 1190 3003 armatorum
1204 2936 1353 3021 equiturn
1369 2930 1421 3020 qui

292 3032 424 3100 stabant
449 3038 525 3100 ante
545 3051 646 3101 unum
671 3041 812 3102 castrum
833 3037 940 3121 parati
965 3032 1008 3101 ad
1032 3035 1180 3122 prelium.
1221 3034 1263 3102 Et
1284 3032 1421 3102 tenebat

290 3149 353 3199 nos
381 3132 414 3198 in
451 3149 527 3200 aere
555 3149 656 3220 super
681 3135 803 3222 aciem,
832 3140 865 3200 et
891 3133 973 3202 dixit
998 3133 1114 3201 nobis:
1141 3132 1278 3218 Respice
1294 3131 1419 3200 etcidc.

289 3229 331 3298 Et
350 3247 430 3297 ecce
454 3229 537 3298 alter
558 3232 699 3318 angelos
722 3231 934 3300 descendens
962 3231 1004 3299 de
1032 3232 1104 3300 celo
1131 3231 1259 3300 habens
1284 3234 1421 3318 igneum

290 3328 435 3413 gladium
463 3331 496 3397 in
523 3349 622 3398 manu
647 3334 813 3420 percussit
837 3351 938 3401 unum
964 3333 998 3398 in
1017 3331 1126 3399 media
1147 3333 1219 3398 acie
1246 3335 1279 3398 et
1305 3328 1422 3398 absci-

291 3426 339 3494 dit
353 3427 416 3495 sibi
439 3428 616 3498 membrum
635 3433 780 3517 genitale
803 3430 921 3499 eodem
947 3430 1070 3517 gladio.
1113 3431 1155 3498 Et
1177 3430 1231 3498 ille
1254 3435 1422 3517 tamquam

288 3524 431 3594 letaliter
449 3527 655 3599 ,vulneratus
687 3530 887 3616 agonizabat
918 3547 1005 3616 equo
1031 3529 1194 3598 insidens.
1246 3528 1343 3597 Tunc
1368 3532 1423 3595 te-

290 3643 376 3694 nens
402 3644 465 3694 nos
491 3645 552 3714 per
578 3628 717 3715 capillos
744 3629 885 3715 angelus
913 3628 1012 3696 dixit:
1048 3629 1228 3716 Cognoscit
1252 3627 1346 3696 illum
1371 3626 1425 3712 put

284 3741 466 3810 percussas
492 3729 542 3792 cst
566 3724 609 3791 od
634 3727 752 3812 angelo
778 3732 811 3794 et
834 3728 1022 3795 uulneratus
1048 3729 1095 3796 od
1119 3729 1281 3796 mortem?
1331 3726 1425 3794 Tune

291 3822 450 3892 diximus:
477 3823 624 3907 Domine,
650 3828 770 3907 neseio,
789 3843 850 3892 nec
870 3826 977 3894 locam
998 3843 1172 3914 cognosco.
1198 3826 1304 3895 Dixit:
1332 3825 1426 3894 Scire

291 3922 387 3990 debes
420 3924 510 4008 qaod
532 3921 584 3991 bic
609 3928 660 3991 est
683 3923 844 4011 Delfpnus
877 3926 1075 4010 Demaeneto,
1102 3928 1156 4011 pm·
1177 3929 1317 4013 propter
1338 3940 1425 4011 pec-

290 4026 400 4088 catum
426 4023 553 4090 tamma
577 4026 626 4091 sic
651 4041 674 4090 ο
700 4022 772 4090 Deo
798 4027 849 4090 est
870 4041 1069 4110 percussum·
1093 4042 1178 4093 auae
1203 4042 1282 4112 erqo
1309 4025 1426 4091 cavete

289 4123 322 4186 et
340 4123 432 4205 putri
457 4127 566 4190 cestro
588 4123 726 4209 potestis
751 4121 869 4206 dicere,
901 4125 990 4209 quod
1012 4123 1074 4192 aar
1097 4123 1218 4193 cebeot
1240 4124 1281 4192 da
1305 4120 1428 4190 surrili-

323 4245 353 4309 l)
371 4243 437 4298 Pisis
455 4245 527 4301 llein.
563 4247 594 4314 2)
613 4246 806 4303 nobiscumbm
823 4247 879 4302 bier
897 4250 964 4305 noclr
981 4248 1023 4306 die
1040 4251 1079 4306 bs.

290 2854 350 2924 per
376 2837 514 2924 capillos
539 2838 713 2904 anterioris
739 2838 840 2925 partis
860 2837 977 2924 capitis
1005 2837 1192 2922 exportavit
1216 2853 1280 2904 nos
1310 2851 1420 2904 secum
