3052 4878
275 212 345 280 152
622 239 690 285 vrri
712 238 849 286 nuuouror
872 237 980 293 ounnrr
1001 239 1061 283 rur.
1112 269 1115 276 .

273 381 338 449 dio.
382 376 410 447 0
438 396 536 466 quam
563 397 719 464 inagnum
746 380 934 446 convivium
966 383 1000 444 et
1025 394 1154 463 organa
1178 377 1343 446 letantiurn
1369 380 1399 442 et

272 482 375 546 virtus
398 484 431 546 et
449 477 645 566 tripudium!
679 477 727 545 lbi
754 477 898 546 absoluti
921 481 999 545 sunt
1020 475 1231 566 Corinthiani,
1257 475 1397 564 Morari,

275 579 454 666 Styrenses
479 582 512 644 et
528 575 713 666 Australes‚
741 594 889 644 necnon
913 581 945 644 et
965 593 1081 643 ornnes
1102 578 1224 663 captivi
1245 575 1311 643 dati
1328 578 1399 642 sunt

273 678 306 744 in
339 693 456 744 manus
490 676 730 764 archiepiscopi
764 676 1019 764 salzpurgensis
1053 681 1087 742 et
1116 673 1211 742 ducis
1238 673 1396 762 Friderici,

275 783 308 844 et
328 782 445 862 treuge
469 781 547 842 sunt
567 775 663 844 iacta.
703 774 751 842 lbi
773 776 956 842 iuramenta
976 780 1112 862 peracta
1129 792 1171 840 ne
1197 776 1271 861 quis
1295 789 1400 841 eorurn

274 876 373 943 aliurn
399 893 545 962 unquam
571 874 674 942 verbo
701 874 755 941 vel
781 874 870 942 iaoto
898 873 1098 963 offenderet,
1127 871 1188 939 sed
1215 889 1343 961 semper
1367 887 1401 938 se

275 978 391 1042 contra
417 991 547 1041 omnem
573 973 740 1041 bominem
767 971 970 1040 defenderet.
1014 972 1062 1039 lbi
1088 975 1233 1060 peractis
1260 970 1401 1039 maximis

276 1072 566 1160 solempnitatibus
593 1073 650 1139 leti
677 1083 711 1140 et
737 1090 809 1139 cunr
835 1071 959 1157 gaudio
980 1071 1093 1139 abibat
1116 1073 1347 1159 unusquisque
1370 1069 1403 1134 in

274 1173 412 1259 patriani
440 1190 543 1239 suam.
588 1170 656 1239 Sed
682 1170 725 1238 de
745 1168 956 1239 Australibus
976 1170 1042 1239 hoc
1067 1169 1159 1238 dioo:
1186 1172 1280 1257 ipsos
1296 1184 1404 1257 parum

274 1270 379 1355 diligo
406 1288 470 1337 nec
496 1270 631 1338 multum
658 1287 756 1359 curo,
784 1271 862 1357 quia
889 1288 1057 1357 nunquam
1083 1267 1200 1336 fideles
1227 1269 1332 1336 babiti
1354 1263 1405 1334 vel

274 1369 402 1436 inventi
420 1370 498 1436 sunt
514 1371 548 1435 in
567 1363 787 1437 testamento1
810 1386 883 1437 suo.
924 1368 992 1438 Sed
1019 1387 1092 1436 cunr
1118 1368 1181 1435 heo
1206 1367 1248 1434 de
1276 1366 1404 1435 domino

273 1465 447 1536 Ludovioo
475 1467 559 1535 duoe
586 1469 700 1536 inolito
728 1467 841 1535 audita
868 1472 921 1535 est
945 1469 1084 1535 victoria
1111 1472 1144 1534 et
1170 1466 1295 1558 gloria,
1323 1464 1404 1534 lama

276 1568 348 1635 eius
373 1565 552 1634 laudabilis
579 1568 670 1636 volat
694 1586 755 1655 per
782 1567 968 1634 seculorum
995 1566 1120 1634 secula.

193 1676 260 1734 lala
347 1663 446 1734 Anno
474 1665 597 1734 domini
626 1668 831 1735 rn.cce.x.iiii.
856 1683 897 1734 eo
920 1672 1068 1754 tempore
1093 1668 1234 1732 tracanto
1258 1663 1403 1733 Romano

274 1765 425 1856 imperio,
442 1766 605 1834 electores
626 1767 774 1851 cogitare
794 1770 953 1853 ceperunt
969 1764 1011 1832 de
1025 1781 1142 1850 regno.
1176 1762 1272 1830 Unde
1289 1763 1405 1831 iactum

275 1869 345 1952 est,
372 1870 409 1931 ut
434 1863 477 1931 ad
503 1864 621 1932 lamam
648 1882 720 1931 curn
746 1863 788 1931 de
819 1871 884 1932 tarn
909 1863 1067 1932 laudabili
1093 1863 1233 1930 victoria
1259 1863 1408 1931 audirent

274 1963 402 2029 animos
421 1963 626 2052 inclinarent,
645 1965 817 2030 veritatem
840 1963 938 2030 lactis
956 1963 1212 2051 comprobarent
1233 1967 1265 2028 et
1287 1979 1326 2030 se
1345 1961 1405 2029 eli-

275 2077 356 2145 gere
372 2079 431 2149 pro
452 2080 532 2147 rege
550 2061 688 2130 Romani
706 2063 833 2149 imperii
849 2063 953 2129 virum
969 2067 1034 2130 tarn
1052 2062 1264 2129 victoriosum
1283 2059 1404 2128 videli-

276 2164 329 2225 cet
344 2158 551 2227 Ludovicunr
569 2161 715 2227 inolitum
732 2159 851 2228 ducein
863 2162 1015 2228 bawarie
1029 2159 1071 2227 ad
1087 2161 1227 2227 invicem
1245 2159 1407 2228 reiornra-
1506 2153 1507 2224 l

275 2263 358 2326 rent.
404 2258 471 2326 Sed
495 2261 580 2347 proh
605 2259 716 2327 dolor!
744 2259 831 2327 iacta
858 2265 909 2328 est
935 2262 1103 2327 intereos
1127 2257 1298 2327 discordia
1324 2257 1408 2326 undo

278 2356 422 2424 ecclesie
441 2361 627 2426 exsurrexit
642 2376 764 2444 magna
779 2359 903 2447 inopia.
944 2358 1027 2426 Nam
1045 2359 1210 2426 electores
1229 2356 1410 2426 diviserunt

279 2472 316 2522 se
341 2457 376 2522 in
403 2455 486 2545 duo;
513 2477 579 2526 una
603 2477 680 2546 pars
705 2455 862 2525 videlicet
881 2459 994 2526 sanior
1012 2458 1106 2543 eligit
1127 2457 1274 2524 inclitum
1297 2457 1410 2525 ducam

196 2584 254 2625 ocr.
276 2553 481 2624 Ludovicunr
501 2557 686 2647 Bawarunr‚
714 2563 747 2623 et
762 2575 841 2644 pars
859 2558 963 2624 altera
983 2555 1100 2624 ducem
1117 2552 1251 2623 Austrie
1271 2554 1412 2624 Frideri-
1505 2557 1506 2562 ’

211 2640 245 2761 {g
278 2671 360 2721 curn.
402 2655 478 2723 Dux
503 2656 699 2725 Ludovicus
726 2655 872 2723 habebat
895 2673 1000 2724 voces
1024 2657 1174 2743 quinque
1200 2659 1231 2720 et
1258 2653 1329 2722 dux
1342 2654 1412 2721 Fn'-

278 2751 411 2820 derious
438 2773 542 2823 voces
569 2762 646 2822 tres,
693 2752 761 2822 Sed
785 2756 965 2843 unicuique
991 2755 1140 2842 ipsorum
1165 2757 1235 2820 erat
1262 2770 1355 2842 spes,
1380 2755 1413 2819 ut

277 2860 396 2937 posset
411 2854 473 2921 sibi
489 2853 639 2920 obtinere
659 2871 809 2942 regnum,
820 2859 858 2921 ut
869 2861 1026 2940 regnaret
1041 2845 1094 2919 hic
1113 2857 1146 2919 et
1162 2853 1196 2918 in
1208 2859 1413 2940 perpetuum.

278 2947 400 3018 Electis
417 2969 498 3019 vero
514 2951 567 3018 bis
588 2951 721 3019 duobus
739 2951 845 3020 lactus
859 2959 912 3020 est
922 2954 956 3020 in
972 2951 1094 3019 mundo
1114 2951 1237 3018 clamor
1251 2967 1411 3037 magnus:

277 3045 349 3130 Eoo
369 3049 451 3135 elegi
466 3049 651 3130 meliorem
677 3054 711 3116 tu
727 3053 760 3116 ct
774 3069 860 3136 pora
875 3055 933 3118 tuo
954 3043 1171 3117 detodoreml
1214 3046 1242 3117 0
1259 3049 1354 3117 Deus
1371 3067 1411 3117 ex

281 3144 347 3212 hoc
373 3147 462 3216 iacta
489 3155 542 3216 est
566 3151 708 3217 maxima
734 3148 902 3218 discordia
927 3168 987 3238 per
1013 3148 1201 3216 seculorum
1228 3148 1356 3218 secula.
1504 3149 1505 3220 3

356 3247 529 3316 Electores
549 3251 695 3336 quinque
720 3246 886 3316 ducebant
907 3248 1025 3316 ducem
1051 3245 1261 3315 Ludovicurn
1282 3244 1411 3334 Aquis·
1504 3221 1505 3285 ¹

198 3373 259 3414 nov.
280 3347 375 3432 grani
394 3345 436 3413 ad
452 3347 560 3414 locuni
579 3353 682 3415 tutum
705 3347 760 3414 ubi
777 3353 956 3414 coronatur
982 3365 1056 3414 cunr
1083 3346 1190 3431 gloria
1217 3350 1250 3412 et
1275 3346 1412 3436 honore,

213 3428 246 3481 ²⁵
280 3450 368 3514 utet
388 3447 461 3534 ipse
489 3446 531 3512 sit
557 3465 617 3513 rex
642 3447 757 3535 glorie,
785 3447 819 3512 in
845 3437 1071 3514 monasterio²
1090 3445 1188 3512 beate
1208 3443 1316 3511 Mario
1343 3445 1413 3513 vir-

284 3547 372 3632 ginis
399 3544 558 3630 gloriose.
596 3544 645 3611 lbi
672 3544 839 3612 celebrate
867 3550 945 3613 sunt
970 3545 1082 3633 rnisse,
1109 3544 1154 3611 ibi
1176 3550 1313 3631 peracta
1339 3547 1415 3611 sunt

281 3645 392 3713 divina
418 3645 586 3732 mysteria,
614 3642 659 3709 ibi
684 3642 836 3711 laudatur
860 3644 953 3711 Deus
981 3661 1041 3731 per
1070 3642 1204 3732 secuda,
1231 3642 1277 3709 ibi
1304 3659 1416 3710 coram
1503 3639 1504 3717 l

280 3745 369 3812 omni
403 3742 528 3831 populo
567 3738 768 3831 denudatur,
804 3742 850 3809 ibi
883 3741 1020 3810 indutus
1063 3743 1167 3808 sacris
1197 3740 1351 3809 vestibus
1386 3741 1419 3806 in

281 3843 429 3910 dextrum
466 3859 570 3909 cornu
603 3840 714 3906 altaris
748 3840 894 3931 levatur,
921 3841 967 3908 ibi
993 3842 1027 3907 in
1054 3857 1167 3926 regem
1193 3838 1416 3908 Rornanorum

279 3943 467 4032 inungitur,
503 3940 548 4008 ibi
582 3938 694 4006 debito
729 3938 805 4006 loco
841 3945 875 4007 et
901 3938 1012 4007 debita
1039 3927 1184 4006 corona³
1210 3956 1284 4006 curn
1309 3954 1417 4007 uxore

314 4116 344 4180 l]
364 4117 494 4182 zeugniss.
529 4115 560 4180 2)
580 4115 641 4170 Hier
658 4118 787 4184 munster,
806 4115 878 4170 nieht
895 4115 999 4170 kloster.
1036 4115 1066 4182 3]
1086 4114 1148 4170 Dies
1165 4118 1199 4168 ist
1216 4113 1357 4181 undohtig·
1378 4112 1419 4166 dio
1502 4059 1503 4147 l

280 4184 515 4237 reiclrscleinodien
534 4197 624 4236 waren
643 4184 669 4236 in
687 4183 832 4238 Friedriobs
851 4183 897 4238 des
920 4184 1042 4240 Scbdnen
1062 4183 1176 4239 bdnden.
1212 4182 1299 4250 Vergl.
1316 4155 1419 4237 albert.

280 4251 388 4317 Argunt.
406 4251 472 4321 apud
490 4251 586 4306 Froben
605 4252 630 4320 2,
649 4251 706 4306 lic.
