<?xml version="1.0" encoding="UTF-8"?>
<!DOCTYPE html PUBLIC "-//W3C//DTD XHTML 1.0 Transitional//EN"
    "http://www.w3.org/TR/xhtml1/DTD/xhtml1-transitional.dtd">
<html xmlns="http://www.w3.org/1999/xhtml" xml:lang="en" lang="en">
 <head>
  <title>
</title>
<meta http-equiv="Content-Type" content="text/html;charset=utf-8" />
  <meta name='ocr-system' content='tesseract 3.04.00' />
  <meta name='ocr-capabilities' content='ocr_page ocr_carea ocr_par ocr_line ocrx_word'/>
</head>
<body>
  <div class='ocr_page' id='page_1' title='image "./fontesrerumgerm02hubegoog_0346.png"; bbox 0 0 3044 4882; ppageno 0'>
   <div class='ocr_carea' id='block_1_1' title="bbox 508 151 1301 252">
    <p class='ocr_par' dir='ltr' id='par_1_1' title="bbox 508 151 1301 252">
     <span class='ocr_line' id='line_1_1' title="bbox 508 151 1301 252; baseline -0.008 -23"><span class='ocrx_word' id='word_1_1' title='bbox 508 183 655 232; x_wconf 75' lang='lat' dir='ltr'><strong>renuamus</strong></span> <span class='ocrx_word' id='word_1_2' title='bbox 675 182 871 231; x_wconf 85' lang='lat' dir='ltr'><strong>vrcrorursrs.</strong></span> <span class='ocrx_word' id='word_1_3' title='bbox 908 183 935 252; x_wconf 81' lang='lat'><strong>2,</strong></span> <span class='ocrx_word' id='word_1_4' title='bbox 954 185 975 238; x_wconf 74' lang='lat' dir='ltr'><strong>s,</strong></span> <span class='ocrx_word' id='word_1_5' title='bbox 1234 151 1301 224; x_wconf 74' lang='grc'><strong>301</strong></span> 
     </span>
    </p>
   </div>
   <div class='ocr_carea' id='block_1_2' title="bbox 158 322 1396 4178">
    <p class='ocr_par' dir='ltr' id='par_1_2' title="bbox 158 322 1396 4178">
     <span class='ocr_line' id='line_1_2' title="bbox 165 322 1308 417; baseline 0.003 -23"><span class='ocrx_word' id='word_1_6' title='bbox 165 324 228 394; x_wconf 90' lang='lat' dir='ltr'><strong>dos</strong></span> <span class='ocrx_word' id='word_1_7' title='bbox 255 322 450 413; x_wconf 90' lang='lat' dir='ltr'><strong>Rudollum,</strong></span> <span class='ocrx_word' id='word_1_8' title='bbox 477 328 514 390; x_wconf 92' lang='lat' dir='ltr'><strong>ut</strong></span> <span class='ocrx_word' id='word_1_9' title='bbox 538 322 615 390; x_wconf 92' lang='lat' dir='ltr'><strong>belli</strong></span> <span class='ocrx_word' id='word_1_10' title='bbox 642 341 755 390; x_wconf 92' lang='lat' dir='ltr'><strong>eorum</strong></span> <span class='ocrx_word' id='word_1_11' title='bbox 783 322 851 392; x_wconf 89' lang='lat' dir='ltr'><strong>dux</strong></span> <span class='ocrx_word' id='word_1_12' title='bbox 876 332 988 417; x_wconf 90' lang='lat' dir='ltr'><strong>esset,</strong></span> <span class='ocrx_word' id='word_1_13' title='bbox 1016 326 1201 396; x_wconf 71' lang='lat' dir='ltr'><strong>accersivit.</strong></span> <span class='ocrx_word' id='word_1_14' title='bbox 1244 325 1308 408; x_wconf 87' lang='lat' dir='ltr'><strong>Qui</strong></span> 
     </span>
     <span class='ocr_line' id='line_1_3' title="bbox 165 423 1307 516; baseline 0.003 -23"><span class='ocrx_word' id='word_1_15' title='bbox 165 423 242 493; x_wconf 94' lang='lat' dir='ltr'><strong>dum</strong></span> <span class='ocrx_word' id='word_1_16' title='bbox 275 426 308 492; x_wconf 91' lang='lat' dir='ltr'><strong>ln</strong></span> <span class='ocrx_word' id='word_1_17' title='bbox 348 423 633 491; x_wconf 76' lang='lat' dir='ltr'><strong>demonstratione</strong></span> <span class='ocrx_word' id='word_1_18' title='bbox 667 424 755 490; x_wconf 91' lang='lat' dir='ltr'><strong>vires</strong></span> <span class='ocrx_word' id='word_1_19' title='bbox 791 425 910 493; x_wconf 90' lang='lat' dir='ltr'><strong>civium</strong></span> <span class='ocrx_word' id='word_1_20' title='bbox 949 425 1153 516; x_wconf 77' lang='lat' dir='ltr'><strong>exploraret,</strong></span> <span class='ocrx_word' id='word_1_21' title='bbox 1189 443 1307 496; x_wconf 91' lang='lat' dir='ltr'><strong>omnes</strong></span> 
     </span>
     <span class='ocr_line' id='line_1_4' title="bbox 165 521 1307 613; baseline 0.002 -21"><span class='ocrx_word' id='word_1_22' title='bbox 165 524 315 613; x_wconf 78' lang='lat' dir='ltr'><strong>precepit</strong></span> <span class='ocrx_word' id='word_1_23' title='bbox 341 528 435 590; x_wconf 85' lang='lat' dir='ltr'><strong>entra</strong></span> <span class='ocrx_word' id='word_1_24' title='bbox 468 522 632 590; x_wconf 90' lang='lat' dir='ltr'><strong>civitatem</strong></span> <span class='ocrx_word' id='word_1_25' title='bbox 667 521 835 611; x_wconf 85' lang='lat' dir='ltr'><strong>progredi.</strong></span> <span class='ocrx_word' id='word_1_26' title='bbox 879 523 921 592; x_wconf 86' lang='lat' dir='ltr'><strong>Et</strong></span> <span class='ocrx_word' id='word_1_27' title='bbox 955 524 1032 592; x_wconf 94' lang='lat' dir='ltr'><strong>dum</strong></span> <span class='ocrx_word' id='word_1_28' title='bbox 1067 543 1238 593; x_wconf 91' lang='lat' dir='ltr'><strong>numerum</strong></span> <span class='ocrx_word' id='word_1_29' title='bbox 1273 532 1307 594; x_wconf 90' lang='lat' dir='ltr'><strong>et</strong></span> 
     </span>
     <span class='ocr_line' id='line_1_5' title="bbox 164 619 1307 714; baseline 0 -23"><span class='ocrx_word' id='word_1_30' title='bbox 164 640 326 692; x_wconf 89' lang='lat' dir='ltr'><strong>armorum</strong></span> <span class='ocrx_word' id='word_1_31' title='bbox 353 621 510 690; x_wconf 87' lang='lat' dir='ltr'><strong>doe-orem</strong></span> <span class='ocrx_word' id='word_1_32' title='bbox 536 638 596 708; x_wconf 93' lang='lat' dir='ltr'><strong>per</strong></span> <span class='ocrx_word' id='word_1_33' title='bbox 622 619 774 706; x_wconf 80' lang='lat' dir='ltr'><strong>singulos</strong></span> <span class='ocrx_word' id='word_1_34' title='bbox 802 620 937 692; x_wconf 86' lang='lat' dir='ltr'><strong>ordines</strong></span> <span class='ocrx_word' id='word_1_35' title='bbox 964 625 1144 714; x_wconf 80' lang='lat' dir='ltr'><strong>estimaret,</strong></span> <span class='ocrx_word' id='word_1_36' title='bbox 1171 626 1307 712; x_wconf 91' lang='lat' dir='ltr'><strong>respicit</strong></span> 
     </span>
     <span class='ocr_line' id='line_1_6' title="bbox 164 719 1304 792; baseline 0 -2"><span class='ocrx_word' id='word_1_37' title='bbox 164 721 402 790; x_wconf 88' lang='lat' dir='ltr'><strong>dementibus</strong></span> <span class='ocrx_word' id='word_1_38' title='bbox 436 721 607 788; x_wconf 82' lang='lat' dir='ltr'><strong>maximam</strong></span> <span class='ocrx_word' id='word_1_39' title='bbox 643 719 882 788; x_wconf 87' lang='lat' dir='ltr'><strong>multitudinem</strong></span> <span class='ocrx_word' id='word_1_40' title='bbox 918 724 1016 790; x_wconf 91' lang='lat' dir='ltr'><strong>armis</strong></span> <span class='ocrx_word' id='word_1_41' title='bbox 1051 724 1304 792; x_wconf 89' lang='lat' dir='ltr'><strong>coruscantibus</strong></span> 
     </span>
     <span class='ocr_line' id='line_1_7' title="bbox 163 817 1305 910; baseline 0.001 -22"><span class='ocrx_word' id='word_1_42' title='bbox 163 820 402 910; x_wconf 89' lang='lat' dir='ltr'><strong>prolabentem.</strong></span> <span class='ocrx_word' id='word_1_43' title='bbox 436 819 476 886; x_wconf 86' lang='lat' dir='ltr'><strong>Et</strong></span> <span class='ocrx_word' id='word_1_44' title='bbox 503 818 579 885; x_wconf 91' lang='lat' dir='ltr'><strong>dum</strong></span> <span class='ocrx_word' id='word_1_45' title='bbox 606 820 697 886; x_wconf 84' lang='lat' dir='ltr'><strong>cives</strong></span> <span class='ocrx_word' id='word_1_46' title='bbox 724 817 765 885; x_wconf 88' lang='lat' dir='ltr'><strong>ad</strong></span> <span class='ocrx_word' id='word_1_47' title='bbox 794 820 937 889; x_wconf 90' lang='lat' dir='ltr'><strong>civitatis</strong></span> <span class='ocrx_word' id='word_1_48' title='bbox 963 821 1142 909; x_wconf 87' lang='lat' dir='ltr'><strong>presidium</strong></span> <span class='ocrx_word' id='word_1_49' title='bbox 1161 821 1305 890; x_wconf 87' lang='lat' dir='ltr'><strong>lestine-</strong></span> 
     </span>
     <span class='ocr_line' id='line_1_8' title="bbox 163 916 1305 1011; baseline 0.001 -23"><span class='ocrx_word' id='word_1_50' title='bbox 163 928 246 1009; x_wconf 89' lang='lat' dir='ltr'><strong>rent,</strong></span> <span class='ocrx_word' id='word_1_51' title='bbox 274 925 395 1007; x_wconf 89' lang='lat' dir='ltr'><strong>pontes</strong></span> <span class='ocrx_word' id='word_1_52' title='bbox 424 917 591 985; x_wconf 93' lang='lat' dir='ltr'><strong>tluminum</strong></span> <span class='ocrx_word' id='word_1_53' title='bbox 620 934 737 985; x_wconf 92' lang='lat' dir='ltr'><strong>omnes</strong></span> <span class='ocrx_word' id='word_1_54' title='bbox 764 916 861 986; x_wconf 87' lang='lat' dir='ltr'><strong>delict</strong></span> <span class='ocrx_word' id='word_1_55' title='bbox 888 922 1097 1011; x_wconf 79' lang='lat' dir='ltr'><strong>procuravit,</strong></span> <span class='ocrx_word' id='word_1_56' title='bbox 1129 927 1161 988; x_wconf 93' lang='lat' dir='ltr'><strong>et</strong></span> <span class='ocrx_word' id='word_1_57' title='bbox 1187 929 1222 989; x_wconf 94' lang='lat' dir='ltr'><strong>ut</strong></span> <span class='ocrx_word' id='word_1_58' title='bbox 1247 923 1305 989; x_wconf 92' lang='lat' dir='ltr'><strong>ln-</strong></span> 
     </span>
     <span class='ocr_line' id='line_1_9' title="bbox 164 1016 1304 1110; baseline 0 -22"><span class='ocrx_word' id='word_1_59' title='bbox 164 1017 293 1107; x_wconf 90' lang='lat' dir='ltr'><strong>trepide</strong></span> <span class='ocrx_word' id='word_1_60' title='bbox 321 1016 475 1086; x_wconf 91' lang='lat' dir='ltr'><strong>lrostibus</strong></span> <span class='ocrx_word' id='word_1_61' title='bbox 503 1023 713 1085; x_wconf 89' lang='lat' dir='ltr'><strong>occurrerent</strong></span> <span class='ocrx_word' id='word_1_62' title='bbox 729 1018 956 1103; x_wconf 90' lang='lat' dir='ltr'><strong>proclamavit.</strong></span> <span class='ocrx_word' id='word_1_63' title='bbox 989 1017 1084 1087; x_wconf 89' lang='lat' dir='ltr'><strong>Alter</strong></span> <span class='ocrx_word' id='word_1_64' title='bbox 1101 1018 1304 1110; x_wconf 86' lang='lat' dir='ltr'><strong>Alexander,</strong></span> 
     </span>
     <span class='ocr_line' id='line_1_10' title="bbox 165 1115 1306 1207; baseline 0.002 -21"><span class='ocrx_word' id='word_1_65' title='bbox 165 1121 221 1207; x_wconf 93' lang='lat' dir='ltr'><strong>qul</strong></span> <span class='ocrx_word' id='word_1_66' title='bbox 248 1119 398 1186; x_wconf 91' lang='lat' dir='ltr'><strong>similiter</strong></span> <span class='ocrx_word' id='word_1_67' title='bbox 424 1115 562 1183; x_wconf 90' lang='lat' dir='ltr'><strong>deiectis</strong></span> <span class='ocrx_word' id='word_1_68' title='bbox 588 1116 747 1203; x_wconf 89' lang='lat' dir='ltr'><strong>pontibus</strong></span> <span class='ocrx_word' id='word_1_69' title='bbox 769 1117 894 1185; x_wconf 87' lang='lat' dir='ltr'><strong>Grecos</strong></span> <span class='ocrx_word' id='word_1_70' title='bbox 921 1137 964 1186; x_wconf 92' lang='lat' dir='ltr'><strong>ne</strong></span> <span class='ocrx_word' id='word_1_71' title='bbox 990 1117 1146 1206; x_wconf 81' lang='lat' dir='ltr'><strong>lugerent</strong></span> <span class='ocrx_word' id='word_1_72' title='bbox 1164 1119 1306 1188; x_wconf 90' lang='lat' dir='ltr'><strong>detinuit</strong></span> 
     </span>
     <span class='ocr_line' id='line_1_11' title="bbox 164 1212 1306 1308; baseline 0.001 -22"><span class='ocrx_word' id='word_1_73' title='bbox 164 1222 283 1286; x_wconf 90' lang='lat' dir='ltr'><strong>contra</strong></span> <span class='ocrx_word' id='word_1_74' title='bbox 309 1217 441 1283; x_wconf 89' lang='lat' dir='ltr'><strong>Darium</strong></span> <span class='ocrx_word' id='word_1_75' title='bbox 468 1221 686 1303; x_wconf 86' lang='lat' dir='ltr'><strong>pugnaturus.</strong></span> <span class='ocrx_word' id='word_1_76' title='bbox 729 1212 853 1283; x_wconf 88' lang='lat' dir='ltr'><strong>Hostes</strong></span> <span class='ocrx_word' id='word_1_77' title='bbox 881 1223 1009 1308; x_wconf 92' lang='lat' dir='ltr'><strong>autem,</strong></span> <span class='ocrx_word' id='word_1_78' title='bbox 1038 1236 1111 1286; x_wconf 95' lang='lat' dir='ltr'><strong>cum</strong></span> <span class='ocrx_word' id='word_1_79' title='bbox 1137 1235 1199 1286; x_wconf 90' lang='lat' dir='ltr'><strong>eos</strong></span> <span class='ocrx_word' id='word_1_80' title='bbox 1227 1237 1306 1287; x_wconf 90' lang='lat' dir='ltr'><strong>cer·-</strong></span> 
     </span>
     <span class='ocr_line' id='line_1_12' title="bbox 162 1312 1305 1408; baseline 0.001 -23"><span class='ocrx_word' id='word_1_81' title='bbox 162 1321 284 1385; x_wconf 90' lang='lat' dir='ltr'><strong>nerent</strong></span> <span class='ocrx_word' id='word_1_82' title='bbox 302 1316 488 1383; x_wconf 91' lang='lat' dir='ltr'><strong>consistere</strong></span> <span class='ocrx_word' id='word_1_83' title='bbox 503 1319 536 1381; x_wconf 93' lang='lat' dir='ltr'><strong>et</strong></span> <span class='ocrx_word' id='word_1_84' title='bbox 548 1312 704 1382; x_wconf 82' lang='lat' dir='ltr'><strong>cordatos</strong></span> <span class='ocrx_word' id='word_1_85' title='bbox 721 1333 797 1384; x_wconf 92' lang='lat' dir='ltr'><strong>esse</strong></span> <span class='ocrx_word' id='word_1_86' title='bbox 814 1314 856 1382; x_wconf 93' lang='lat' dir='ltr'><strong>ad</strong></span> <span class='ocrx_word' id='word_1_87' title='bbox 873 1317 1106 1408; x_wconf 89' lang='lat' dir='ltr'><strong>resistentium,</strong></span> <span class='ocrx_word' id='word_1_88' title='bbox 1129 1317 1305 1387; x_wconf 88' lang='lat' dir='ltr'><strong>audientes</strong></span> 
     </span>
     <span class='ocr_line' id='line_1_13' title="bbox 163 1407 1396 1506; baseline 0.001 -22"><span class='ocrx_word' id='word_1_89' title='bbox 163 1407 295 1484; x_wconf 88' lang='lat' dir='ltr'><strong>autem¹</strong></span> <span class='ocrx_word' id='word_1_90' title='bbox 321 1412 450 1482; x_wconf 88' lang='lat' dir='ltr'><strong>Rudollr</strong></span> <span class='ocrx_word' id='word_1_91' title='bbox 476 1414 688 1502; x_wconf 88' lang='lat' dir='ltr'><strong>presentiam,</strong></span> <span class='ocrx_word' id='word_1_92' title='bbox 717 1431 782 1502; x_wconf 93' lang='lat' dir='ltr'><strong>que</strong></span> <span class='ocrx_word' id='word_1_93' title='bbox 808 1415 900 1500; x_wconf 88' lang='lat' dir='ltr'><strong>pacis</strong></span> <span class='ocrx_word' id='word_1_94' title='bbox 928 1421 1007 1484; x_wconf 91' lang='lat' dir='ltr'><strong>sunt</strong></span> <span class='ocrx_word' id='word_1_95' title='bbox 1033 1420 1244 1506; x_wconf 89' lang='lat' dir='ltr'><strong>quesierunt,</strong></span> <span class='ocrx_word' id='word_1_96' title='bbox 1273 1424 1307 1485; x_wconf 90' lang='lat' dir='ltr'><strong>et</strong></span> <span class='ocrx_word' id='word_1_97' title='bbox 1394 1437 1396 1444; x_wconf 61' lang='lat'><strong><em>¹</em></strong></span> 
     </span>
     <span class='ocr_line' id='line_1_14' title="bbox 165 1513 1307 1601; baseline 0.001 -17"><span class='ocrx_word' id='word_1_98' title='bbox 165 1534 210 1584; x_wconf 87' lang='lat' dir='ltr'><strong>ex</strong></span> <span class='ocrx_word' id='word_1_99' title='bbox 234 1521 376 1601; x_wconf 85' lang='lat' dir='ltr'><strong>utraque</strong></span> <span class='ocrx_word' id='word_1_100' title='bbox 402 1518 496 1601; x_wconf 91' lang='lat' dir='ltr'><strong>parte</strong></span> <span class='ocrx_word' id='word_1_101' title='bbox 523 1513 651 1579; x_wconf 91' lang='lat' dir='ltr'><strong>comitis</strong></span> <span class='ocrx_word' id='word_1_102' title='bbox 677 1515 892 1600; x_wconf 89' lang='lat' dir='ltr'><strong>prestantiam</strong></span> <span class='ocrx_word' id='word_1_103' title='bbox 924 1513 1079 1583; x_wconf 90' lang='lat' dir='ltr'><strong>laudibus</strong></span> <span class='ocrx_word' id='word_1_104' title='bbox 1106 1517 1307 1585; x_wconf 84' lang='lat' dir='ltr'><strong>extulerunt.</strong></span> 
     </span>
     <span class='ocr_line' id='line_1_15' title="bbox 163 1609 1308 1700; baseline -0.002 -16"><span class='ocrx_word' id='word_1_105' title='bbox 163 1613 333 1684; x_wconf 90' lang='lat' dir='ltr'><strong>Basileam</strong></span> <span class='ocrx_word' id='word_1_106' title='bbox 361 1613 497 1700; x_wconf 90' lang='lat' dir='ltr'><strong>insuper</strong></span> <span class='ocrx_word' id='word_1_107' title='bbox 521 1609 626 1678; x_wconf 88' lang='lat' dir='ltr'><strong>Rheni</strong></span> <span class='ocrx_word' id='word_1_108' title='bbox 654 1609 815 1680; x_wconf 90' lang='lat' dir='ltr'><strong>lamosam</strong></span> <span class='ocrx_word' id='word_1_109' title='bbox 842 1614 1008 1680; x_wconf 89' lang='lat' dir='ltr'><strong>civitatem</strong></span> <span class='ocrx_word' id='word_1_110' title='bbox 1027 1620 1062 1681; x_wconf 90' lang='lat' dir='ltr'><strong>et</strong></span> <span class='ocrx_word' id='word_1_111' title='bbox 1079 1612 1222 1683; x_wconf 91' lang='lat' dir='ltr'><strong>nobilem</strong></span> <span class='ocrx_word' id='word_1_112' title='bbox 1240 1615 1308 1682; x_wconf 88' lang='lat' dir='ltr'><strong>ob-</strong></span> 
     </span>
     <span class='ocr_line' id='line_1_16' title="bbox 164 1710 1297 1803; baseline -0.002 -21"><span class='ocrx_word' id='word_1_113' title='bbox 164 1712 299 1782; x_wconf 85' lang='lat' dir='ltr'><strong>sidione</strong></span> <span class='ocrx_word' id='word_1_114' title='bbox 332 1711 530 1798; x_wconf 79' lang='lat' dir='ltr'><strong>gravissime</strong></span> <span class='ocrx_word' id='word_1_115' title='bbox 555 1711 678 1797; x_wconf 90' lang='lat' dir='ltr'><strong>pressit</strong></span> <span class='ocrx_word' id='word_1_116' title='bbox 707 1729 766 1798; x_wconf 92' lang='lat' dir='ltr'><strong>pro</strong></span> <span class='ocrx_word' id='word_1_117' title='bbox 799 1710 942 1797; x_wconf 89' lang='lat' dir='ltr'><strong>quadam</strong></span> <span class='ocrx_word' id='word_1_118' title='bbox 967 1714 1084 1780; x_wconf 89' lang='lat' dir='ltr'><strong>iniuria</strong></span> <span class='ocrx_word' id='word_1_119' title='bbox 1110 1711 1172 1782; x_wconf 91' lang='lat' dir='ltr'><strong>sibi</strong></span> <span class='ocrx_word' id='word_1_120' title='bbox 1199 1712 1297 1803; x_wconf 88' lang='lat' dir='ltr'><strong>lacta,</strong></span> 
     </span>
     <span class='ocr_line' id='line_1_17' title="bbox 163 1808 1302 1900; baseline 0 -20"><span class='ocrx_word' id='word_1_121' title='bbox 163 1831 266 1898; x_wconf 84' lang='lat' dir='ltr'><strong>agros</strong></span> <span class='ocrx_word' id='word_1_122' title='bbox 298 1815 416 1879; x_wconf 90' lang='lat' dir='ltr'><strong>vineas</strong></span> <span class='ocrx_word' id='word_1_123' title='bbox 450 1808 620 1896; x_wconf 87' lang='lat' dir='ltr'><strong>dissipans</strong></span> <span class='ocrx_word' id='word_1_124' title='bbox 647 1811 918 1900; x_wconf 85' lang='lat' dir='ltr'><strong>circumquaque,</strong></span> <span class='ocrx_word' id='word_1_125' title='bbox 947 1816 980 1878; x_wconf 88' lang='lat' dir='ltr'><strong>et</strong></span> <span class='ocrx_word' id='word_1_126' title='bbox 1004 1813 1037 1878; x_wconf 93' lang='lat' dir='ltr'><strong>in</strong></span> <span class='ocrx_word' id='word_1_127' title='bbox 1064 1817 1163 1882; x_wconf 92' lang='lat' dir='ltr'><strong>nocte</strong></span> <span class='ocrx_word' id='word_1_128' title='bbox 1189 1811 1302 1880; x_wconf 86' lang='lat' dir='ltr'><strong>domi-</strong></span> 
     </span>
     <span class='ocr_line' id='line_1_18' title="bbox 164 1909 1305 1999; baseline -0.001 -20"><span class='ocrx_word' id='word_1_129' title='bbox 164 1913 241 1979; x_wconf 90' lang='lat' dir='ltr'><strong>nice</strong></span> <span class='ocrx_word' id='word_1_130' title='bbox 267 1909 448 1979; x_wconf 88' lang='lat' dir='ltr'><strong>nativitatis</strong></span> <span class='ocrx_word' id='word_1_131' title='bbox 475 1909 602 1975; x_wconf 91' lang='lat' dir='ltr'><strong>irruens</strong></span> <span class='ocrx_word' id='word_1_132' title='bbox 627 1909 660 1974; x_wconf 93' lang='lat' dir='ltr'><strong>in</strong></span> <span class='ocrx_word' id='word_1_133' title='bbox 688 1910 863 1999; x_wconf 86' lang='lat' dir='ltr'><strong>civitatem,</strong></span> <span class='ocrx_word' id='word_1_134' title='bbox 891 1927 1051 1978; x_wconf 89' lang='lat' dir='ltr'><strong>armorum</strong></span> <span class='ocrx_word' id='word_1_135' title='bbox 1077 1910 1251 1980; x_wconf 91' lang='lat' dir='ltr'><strong>collisione</strong></span> <span class='ocrx_word' id='word_1_136' title='bbox 1271 1918 1305 1979; x_wconf 89' lang='lat' dir='ltr'><strong>et</strong></span> 
     </span>
     <span class='ocr_line' id='line_1_19' title="bbox 164 2006 1305 2100; baseline 0 -22"><span class='ocrx_word' id='word_1_137' title='bbox 164 2010 282 2100; x_wconf 93' lang='lat' dir='ltr'><strong>populi</strong></span> <span class='ocrx_word' id='word_1_138' title='bbox 301 2008 522 2078; x_wconf 90' lang='lat' dir='ltr'><strong>concursione</strong></span> <span class='ocrx_word' id='word_1_139' title='bbox 540 2006 740 2097; x_wconf 87' lang='lat' dir='ltr'><strong>mentissue</strong></span> <span class='ocrx_word' id='word_1_140' title='bbox 755 2011 1057 2093; x_wconf 83' lang='lat' dir='ltr'><strong>magnanimitatem</strong></span> <span class='ocrx_word' id='word_1_141' title='bbox 1072 2016 1105 2077; x_wconf 93' lang='lat' dir='ltr'><strong>et</strong></span> <span class='ocrx_word' id='word_1_142' title='bbox 1121 2009 1305 2099; x_wconf 89' lang='lat' dir='ltr'><strong>audaciam,</strong></span> 
     </span>
     <span class='ocr_line' id='line_1_20' title="bbox 164 2104 1307 2197; baseline -0.001 -20"><span class='ocrx_word' id='word_1_143' title='bbox 164 2117 203 2178; x_wconf 90' lang='lat' dir='ltr'><strong>et</strong></span> <span class='ocrx_word' id='word_1_144' title='bbox 227 2106 318 2197; x_wconf 93' lang='lat' dir='ltr'><strong>quod</strong></span> <span class='ocrx_word' id='word_1_145' title='bbox 344 2123 448 2196; x_wconf 89' lang='lat' dir='ltr'><strong>posse</strong></span> <span class='ocrx_word' id='word_1_146' title='bbox 474 2106 590 2174; x_wconf 90' lang='lat' dir='ltr'><strong>habuit</strong></span> <span class='ocrx_word' id='word_1_147' title='bbox 615 2104 864 2197; x_wconf 87' lang='lat' dir='ltr'><strong>domonstravit,</strong></span> <span class='ocrx_word' id='word_1_148' title='bbox 892 2109 1056 2177; x_wconf 90' lang='lat' dir='ltr'><strong>civitatem</strong></span> <span class='ocrx_word' id='word_1_149' title='bbox 1084 2112 1199 2177; x_wconf 90' lang='lat' dir='ltr'><strong>timore</strong></span> <span class='ocrx_word' id='word_1_150' title='bbox 1219 2128 1307 2178; x_wconf 91' lang='lat' dir='ltr'><strong>con-</strong></span> 
     </span>
     <span class='ocr_line' id='line_1_21' title="bbox 164 2203 1307 2298; baseline 0 -22"><span class='ocrx_word' id='word_1_151' title='bbox 164 2211 298 2277; x_wconf 87' lang='lat' dir='ltr'><strong>cutiens</strong></span> <span class='ocrx_word' id='word_1_152' title='bbox 325 2213 359 2274; x_wconf 88' lang='lat' dir='ltr'><strong>et</strong></span> <span class='ocrx_word' id='word_1_153' title='bbox 384 2213 530 2293; x_wconf 89' lang='lat' dir='ltr'><strong>stupore.</strong></span> <span class='ocrx_word' id='word_1_154' title='bbox 570 2203 682 2272; x_wconf 90' lang='lat' dir='ltr'><strong>Rebus</strong></span> <span class='ocrx_word' id='word_1_155' title='bbox 709 2223 868 2294; x_wconf 90' lang='lat' dir='ltr'><strong>prospere</strong></span> <span class='ocrx_word' id='word_1_156' title='bbox 896 2209 1003 2293; x_wconf 83' lang='lat' dir='ltr'><strong>gestis</strong></span> <span class='ocrx_word' id='word_1_157' title='bbox 1031 2207 1122 2298; x_wconf 89' lang='lat' dir='ltr'><strong>abiit,</strong></span> <span class='ocrx_word' id='word_1_158' title='bbox 1150 2208 1307 2277; x_wconf 88' lang='lat' dir='ltr'><strong>obsidio-</strong></span> 
     </span>
     <span class='ocr_line' id='line_1_22' title="bbox 162 2304 1306 2395; baseline -0.002 -19"><span class='ocrx_word' id='word_1_159' title='bbox 162 2325 310 2395; x_wconf 85' lang='lat' dir='ltr'><strong>nemque</strong></span> <span class='ocrx_word' id='word_1_160' title='bbox 327 2307 528 2374; x_wconf 90' lang='lat' dir='ltr'><strong>contlnuans</strong></span> <span class='ocrx_word' id='word_1_161' title='bbox 546 2305 624 2371; x_wconf 92' lang='lat' dir='ltr'><strong>totis</strong></span> <span class='ocrx_word' id='word_1_162' title='bbox 644 2305 771 2372; x_wconf 89' lang='lat' dir='ltr'><strong>viribus</strong></span> <span class='ocrx_word' id='word_1_163' title='bbox 797 2304 992 2374; x_wconf 83' lang='lat' dir='ltr'><strong>obfirmavit..</strong></span> <span class='ocrx_word' id='word_1_164' title='bbox 1025 2304 1099 2387; x_wconf 86' lang='lat' dir='ltr'><strong>Quo</strong></span> <span class='ocrx_word' id='word_1_165' title='bbox 1125 2306 1212 2376; x_wconf 88' lang='lat' dir='ltr'><strong>lacto</strong></span> <span class='ocrx_word' id='word_1_166' title='bbox 1238 2306 1306 2375; x_wconf 88' lang='lat' dir='ltr'><strong>dil-</strong></span> 
     </span>
     <span class='ocr_line' id='line_1_23' title="bbox 163 2403 1306 2495; baseline -0.002 -20"><span class='ocrx_word' id='word_1_167' title='bbox 163 2407 242 2475; x_wconf 88' lang='lat' dir='ltr'><strong>iusa</strong></span> <span class='ocrx_word' id='word_1_168' title='bbox 268 2404 354 2474; x_wconf 90' lang='lat' dir='ltr'><strong>lama</strong></span> <span class='ocrx_word' id='word_1_169' title='bbox 381 2405 434 2473; x_wconf 90' lang='lat' dir='ltr'><strong>sui</strong></span> <span class='ocrx_word' id='word_1_170' title='bbox 460 2403 603 2472; x_wconf 89' lang='lat' dir='ltr'><strong>nominis</strong></span> <span class='ocrx_word' id='word_1_171' title='bbox 629 2421 689 2491; x_wconf 93' lang='lat' dir='ltr'><strong>per</strong></span> <span class='ocrx_word' id='word_1_172' title='bbox 715 2403 811 2490; x_wconf 82' lang='lat' dir='ltr'><strong>regul</strong></span> <span class='ocrx_word' id='word_1_173' title='bbox 837 2403 912 2472; x_wconf 89' lang='lat' dir='ltr'><strong>loca</strong></span> <span class='ocrx_word' id='word_1_174' title='bbox 938 2403 1096 2495; x_wconf 92' lang='lat' dir='ltr'><strong>undique,</strong></span> <span class='ocrx_word' id='word_1_175' title='bbox 1125 2412 1158 2475; x_wconf 86' lang='lat' dir='ltr'><strong>et</strong></span> <span class='ocrx_word' id='word_1_176' title='bbox 1180 2405 1223 2475; x_wconf 91' lang='lat' dir='ltr'><strong>ad</strong></span> <span class='ocrx_word' id='word_1_177' title='bbox 1247 2425 1306 2474; x_wconf 92' lang='lat' dir='ltr'><strong>ora</strong></span> 
     </span>
     <span class='ocr_line' id='line_1_24' title="bbox 159 2504 1326 2596; baseline -0.013 -22"><span class='ocrx_word' id='word_1_178' title='bbox 159 2507 346 2596; x_wconf 91' lang='lat' dir='ltr'><strong>principum</strong></span> <span class='ocrx_word' id='word_1_179' title='bbox 370 2504 532 2572; x_wconf 88' lang='lat' dir='ltr'><strong>volitavit.</strong></span> <span class='ocrx_word' id='word_1_180' title='bbox 1319 2585 1326 2590; x_wconf 83' lang='lat'><em>.</em></span> 
     </span>
     <span class='ocr_line' id='line_1_25' title="bbox 242 2602 1389 2691; baseline -0.003 -18"><span class='ocrx_word' id='word_1_181' title='bbox 242 2605 374 2674; x_wconf 90' lang='lat' dir='ltr'><strong>Interim</strong></span> <span class='ocrx_word' id='word_1_182' title='bbox 409 2603 578 2691; x_wconf 91' lang='lat' dir='ltr'><strong>principes</strong></span> <span class='ocrx_word' id='word_1_183' title='bbox 612 2603 852 2670; x_wconf 88' lang='lat' dir='ltr'><strong>convenientes</strong></span> <span class='ocrx_word' id='word_1_184' title='bbox 879 2602 955 2670; x_wconf 92' lang='lat' dir='ltr'><strong>loco</strong></span> <span class='ocrx_word' id='word_1_185' title='bbox 981 2610 1015 2671; x_wconf 93' lang='lat' dir='ltr'><strong>et</strong></span> <span class='ocrx_word' id='word_1_186' title='bbox 1040 2609 1188 2691; x_wconf 92' lang='lat' dir='ltr'><strong>tempore</strong></span> <span class='ocrx_word' id='word_1_187' title='bbox 1216 2620 1303 2670; x_wconf 89' lang='lat' dir='ltr'><strong>con·</strong></span> <span class='ocrx_word' id='word_1_188' title='bbox 1322 2612 1389 2669; x_wconf 79' lang='lat' dir='ltr'><strong>tave</strong></span> 
     </span>
     <span class='ocr_line' id='line_1_26' title="bbox 164 2695 1392 2804; baseline -0.005 -30"><span class='ocrx_word' id='word_1_189' title='bbox 164 2705 257 2775; x_wconf 91' lang='lat' dir='ltr'><strong>dioto</strong></span> <span class='ocrx_word' id='word_1_190' title='bbox 285 2701 327 2772; x_wconf 91' lang='lat' dir='ltr'><strong>de</strong></span> <span class='ocrx_word' id='word_1_191' title='bbox 347 2702 497 2792; x_wconf 92' lang='lat' dir='ltr'><strong>principe</strong></span> <span class='ocrx_word' id='word_1_192' title='bbox 517 2708 551 2769; x_wconf 93' lang='lat' dir='ltr'><strong>et</strong></span> <span class='ocrx_word' id='word_1_193' title='bbox 573 2701 681 2788; x_wconf 87' lang='lat' dir='ltr'><strong>capite</strong></span> <span class='ocrx_word' id='word_1_194' title='bbox 701 2701 791 2768; x_wconf 89' lang='lat' dir='ltr'><strong>orbis</strong></span> <span class='ocrx_word' id='word_1_195' title='bbox 812 2707 897 2770; x_wconf 84' lang='lat' dir='ltr'><strong>terre</strong></span> <span class='ocrx_word' id='word_1_196' title='bbox 919 2703 1008 2770; x_wconf 83' lang='lat' dir='ltr'><strong>iuxta</strong></span> <span class='ocrx_word' id='word_1_197' title='bbox 1029 2700 1304 2772; x_wconf 90' lang='lat' dir='ltr'><strong>consuetudinem</strong></span> <span class='ocrx_word' id='word_1_198' title='bbox 1320 2695 1392 2804; x_wconf 57' lang='grc' dir='ltr'><strong>Ἓξ·</strong></span> 
     </span>
     <span class='ocr_line' id='line_1_27' title="bbox 164 2798 1305 2894; baseline -0.007 -20"><span class='ocrx_word' id='word_1_199' title='bbox 164 2803 349 2894; x_wconf 88' lang='lat' dir='ltr'><strong>tractaturi,</strong></span> <span class='ocrx_word' id='word_1_200' title='bbox 377 2807 410 2870; x_wconf 90' lang='lat' dir='ltr'><strong>et</strong></span> <span class='ocrx_word' id='word_1_201' title='bbox 426 2798 714 2868; x_wconf 88' lang='lat' dir='ltr'><strong>circumducentes</strong></span> <span class='ocrx_word' id='word_1_202' title='bbox 735 2801 852 2868; x_wconf 90' lang='lat' dir='ltr'><strong>oculos</strong></span> <span class='ocrx_word' id='word_1_203' title='bbox 873 2800 915 2868; x_wconf 91' lang='lat' dir='ltr'><strong>ad</strong></span> <span class='ocrx_word' id='word_1_204' title='bbox 934 2800 1097 2892; x_wconf 91' lang='lat' dir='ltr'><strong>diversos,</strong></span> <span class='ocrx_word' id='word_1_205' title='bbox 1116 2809 1210 2869; x_wconf 91' lang='lat' dir='ltr'><strong>actus</strong></span> <span class='ocrx_word' id='word_1_206' title='bbox 1229 2802 1305 2869; x_wconf 89' lang='lat' dir='ltr'><strong>siu-</strong></span> 
     </span>
     <span class='ocr_line' id='line_1_28' title="bbox 162 2899 1305 2991; baseline -0.003 -22"><span class='ocrx_word' id='word_1_207' title='bbox 162 2902 323 2991; x_wconf 82' lang='lat' dir='ltr'><strong>gulorum</strong></span> <span class='ocrx_word' id='word_1_208' title='bbox 359 2899 471 2988; x_wconf 90' lang='lat' dir='ltr'><strong>quoad</strong></span> <span class='ocrx_word' id='word_1_209' title='bbox 505 2900 632 2966; x_wconf 90' lang='lat' dir='ltr'><strong>virtutis</strong></span> <span class='ocrx_word' id='word_1_210' title='bbox 664 2901 857 2987; x_wconf 91' lang='lat' dir='ltr'><strong>preconium</strong></span> <span class='ocrx_word' id='word_1_211' title='bbox 890 2903 1085 2969; x_wconf 89' lang='lat' dir='ltr'><strong>estimantes</strong></span> <span class='ocrx_word' id='word_1_212' title='bbox 1095 2955 1104 2991; x_wconf 90' lang='lat'><strong>,</strong></span> <span class='ocrx_word' id='word_1_213' title='bbox 1131 2899 1247 2968; x_wconf 90' lang='lat' dir='ltr'><strong>incidit</strong></span> <span class='ocrx_word' id='word_1_214' title='bbox 1272 2901 1305 2966; x_wconf 92' lang='lat' dir='ltr'><strong>ln</strong></span> 
     </span>
     <span class='ocr_line' id='line_1_29' title="bbox 161 2995 1308 3087; baseline -0.006 -15"><span class='ocrx_word' id='word_1_215' title='bbox 161 3003 355 3072; x_wconf 84' lang='lat' dir='ltr'><strong>memoriam</strong></span> <span class='ocrx_word' id='word_1_216' title='bbox 375 3015 489 3069; x_wconf 91' lang='lat' dir='ltr'><strong>eomes</strong></span> <span class='ocrx_word' id='word_1_217' title='bbox 507 2995 680 3087; x_wconf 78' lang='lat' dir='ltr'><strong>liudolfus,</strong></span> <span class='ocrx_word' id='word_1_218' title='bbox 708 2997 750 3066; x_wconf 91' lang='lat' dir='ltr'><strong>de</strong></span> <span class='ocrx_word' id='word_1_219' title='bbox 770 3017 836 3085; x_wconf 93' lang='lat' dir='ltr'><strong>quo</strong></span> <span class='ocrx_word' id='word_1_220' title='bbox 857 2998 970 3068; x_wconf 88' lang='lat' dir='ltr'><strong>dicere</strong></span> <span class='ocrx_word' id='word_1_221' title='bbox 987 3000 1200 3068; x_wconf 91' lang='lat' dir='ltr'><strong>videbantur:</strong></span> <span class='ocrx_word' id='word_1_222' title='bbox 1223 2999 1308 3066; x_wconf 83' lang='lat' dir='ltr'><strong>Nom</strong></span> 
     </span>
     <span class='ocr_line' id='line_1_30' title="bbox 162 3097 1307 3187; baseline -0.005 -17"><span class='ocrx_word' id='word_1_223' title='bbox 162 3102 311 3170; x_wconf 79' lang='lat' dir='ltr'><strong>inuenire</strong></span> <span class='ocrx_word' id='word_1_224' title='bbox 331 3100 512 3185; x_wconf 76' lang='lat' dir='ltr'><strong>poterimus</strong></span> <span class='ocrx_word' id='word_1_225' title='bbox 537 3097 637 3164; x_wconf 86' lang='lat' dir='ltr'><strong>tutem</strong></span> <span class='ocrx_word' id='word_1_226' title='bbox 661 3097 795 3166; x_wconf 65' lang='lat' dir='ltr'><strong>omne?</strong></span> <span class='ocrx_word' id='word_1_227' title='bbox 833 3098 875 3166; x_wconf 87' lang='lat' dir='ltr'><strong>Et</strong></span> <span class='ocrx_word' id='word_1_228' title='bbox 900 3101 987 3168; x_wconf 92' lang='lat' dir='ltr'><strong>sicut</strong></span> <span class='ocrx_word' id='word_1_229' title='bbox 1013 3099 1147 3167; x_wconf 94' lang='lat' dir='ltr'><strong>domino</strong></span> <span class='ocrx_word' id='word_1_230' title='bbox 1173 3099 1307 3187; x_wconf 89' lang='lat' dir='ltr'><strong>placuit,</strong></span> 
     </span>
     <span class='ocr_line' id='line_1_31' title="bbox 161 3196 1305 3287; baseline -0.005 -17"><span class='ocrx_word' id='word_1_231' title='bbox 161 3201 339 3270; x_wconf 89' lang='lat' dir='ltr'><strong>unanimes</strong></span> <span class='ocrx_word' id='word_1_232' title='bbox 366 3197 485 3287; x_wconf 91' lang='lat' dir='ltr'><strong>ellecti,</strong></span> <span class='ocrx_word' id='word_1_233' title='bbox 512 3211 713 3264; x_wconf 89' lang='lat' dir='ltr'><strong>consensum</strong></span> <span class='ocrx_word' id='word_1_234' title='bbox 740 3214 857 3265; x_wconf 90' lang='lat' dir='ltr'><strong>omnes</strong></span> <span class='ocrx_word' id='word_1_235' title='bbox 883 3199 916 3265; x_wconf 92' lang='lat' dir='ltr'><strong>iu</strong></span> <span class='ocrx_word' id='word_1_236' title='bbox 939 3196 1115 3266; x_wconf 86' lang='lat' dir='ltr'><strong>Rudollum</strong></span> <span class='ocrx_word' id='word_1_237' title='bbox 1138 3198 1211 3265; x_wconf 90' lang='lat' dir='ltr'><strong>sine</strong></span> <span class='ocrx_word' id='word_1_238' title='bbox 1239 3197 1305 3266; x_wconf 89' lang='lat' dir='ltr'><strong>ob-</strong></span> 
     </span>
     <span class='ocr_line' id='line_1_32' title="bbox 163 3293 1307 3384; baseline -0.007 -14"><span class='ocrx_word' id='word_1_239' title='bbox 163 3300 320 3370; x_wconf 91' lang='lat' dir='ltr'><strong>sistentia</strong></span> <span class='ocrx_word' id='word_1_240' title='bbox 335 3297 447 3383; x_wconf 88' lang='lat' dir='ltr'><strong>aliqua</strong></span> <span class='ocrx_word' id='word_1_241' title='bbox 464 3293 724 3364; x_wconf 89' lang='lat' dir='ltr'><strong>transludemnt.</strong></span> <span class='ocrx_word' id='word_1_242' title='bbox 745 3295 1033 3365; x_wconf 88' lang='lat' dir='ltr'><strong>Pronuuciationis</strong></span> <span class='ocrx_word' id='word_1_243' title='bbox 1051 3296 1186 3363; x_wconf 89' lang='lat' dir='ltr'><strong>verbum</strong></span> <span class='ocrx_word' id='word_1_244' title='bbox 1206 3314 1307 3384; x_wconf 93' lang='lat' dir='ltr'><strong>super</strong></span> 
     </span>
     <span class='ocr_line' id='line_1_33' title="bbox 161 3392 1307 3482; baseline -0.005 -14"><span class='ocrx_word' id='word_1_245' title='bbox 161 3399 233 3468; x_wconf 91' lang='lat' dir='ltr'><strong>hoc</strong></span> <span class='ocrx_word' id='word_1_246' title='bbox 263 3399 298 3467; x_wconf 95' lang='lat' dir='ltr'><strong>in</strong></span> <span class='ocrx_word' id='word_1_247' title='bbox 332 3414 389 3465; x_wconf 93' lang='lat' dir='ltr'><strong>ore</strong></span> <span class='ocrx_word' id='word_1_248' title='bbox 418 3398 568 3464; x_wconf 88' lang='lat' dir='ltr'><strong>statuunt</strong></span> <span class='ocrx_word' id='word_1_249' title='bbox 593 3392 743 3482; x_wconf 86' lang='lat' dir='ltr'><strong>Palatini,</strong></span> <span class='ocrx_word' id='word_1_250' title='bbox 771 3397 827 3481; x_wconf 92' lang='lat' dir='ltr'><strong>qul</strong></span> <span class='ocrx_word' id='word_1_251' title='bbox 854 3411 998 3482; x_wconf 85' lang='lat' dir='ltr'><strong>surgens</strong></span> <span class='ocrx_word' id='word_1_252' title='bbox 1023 3395 1144 3482; x_wconf 90' lang='lat' dir='ltr'><strong>inquit:</strong></span> <span class='ocrx_word' id='word_1_253' title='bbox 1176 3393 1218 3462; x_wconf 84' lang='lat' dir='ltr'><strong>ln</strong></span> <span class='ocrx_word' id='word_1_254' title='bbox 1243 3413 1307 3462; x_wconf 86' lang='lat' dir='ltr'><strong>no-</strong></span> 
     </span>
     <span class='ocr_line' id='line_1_34' title="bbox 161 3493 1307 3576; baseline -0.007 -8"><span class='ocrx_word' id='word_1_255' title='bbox 161 3499 250 3568; x_wconf 71' lang='lat' dir='ltr'><strong>evae</strong></span> <span class='ocrx_word' id='word_1_256' title='bbox 274 3498 389 3566; x_wconf 83' lang='lat' dir='ltr'><strong>sancte</strong></span> <span class='ocrx_word' id='word_1_257' title='bbox 410 3498 443 3561; x_wconf 83' lang='lat' dir='ltr'><strong>ct</strong></span> <span class='ocrx_word' id='word_1_258' title='bbox 456 3493 618 3560; x_wconf 81' lang='lat' dir='ltr'><strong>individue</strong></span> <span class='ocrx_word' id='word_1_259' title='bbox 643 3493 807 3576; x_wconf 78' lang='lat' dir='ltr'><strong>trinitatis,</strong></span> <span class='ocrx_word' id='word_1_260' title='bbox 834 3511 997 3562; x_wconf 83' lang='lat' dir='ltr'><strong>concensu</strong></span> <span class='ocrx_word' id='word_1_261' title='bbox 1018 3496 1157 3561; x_wconf 76' lang='lat' dir='ltr'><strong>ommam</strong></span> <span class='ocrx_word' id='word_1_262' title='bbox 1183 3493 1307 3560; x_wconf 85' lang='lat' dir='ltr'><strong>electo·</strong></span> 
     </span>
     <span class='ocr_line' id='line_1_35' title="bbox 158 3591 1307 3679; baseline -0.005 -14"><span class='ocrx_word' id='word_1_263' title='bbox 158 3615 237 3666; x_wconf 80' lang='lat' dir='ltr'><strong>mm</strong></span> <span class='ocrx_word' id='word_1_264' title='bbox 257 3597 291 3664; x_wconf 85' lang='lat' dir='ltr'><strong>in</strong></span> <span class='ocrx_word' id='word_1_265' title='bbox 315 3612 367 3661; x_wconf 84' lang='lat' dir='ltr'><strong>me</strong></span> <span class='ocrx_word' id='word_1_266' title='bbox 377 3593 500 3679; x_wconf 80' lang='lat' dir='ltr'><strong>posito,</strong></span> <span class='ocrx_word' id='word_1_267' title='bbox 522 3593 700 3677; x_wconf 70' lang='lat' dir='ltr'><strong>monendo</strong></span> <span class='ocrx_word' id='word_1_268' title='bbox 718 3609 760 3660; x_wconf 85' lang='lat' dir='ltr'><strong>cc</strong></span> <span class='ocrx_word' id='word_1_269' title='bbox 786 3591 870 3679; x_wconf 80' lang='lat' dir='ltr'><strong>ettpo</strong></span> <span class='ocrx_word' id='word_1_270' title='bbox 896 3593 1072 3677; x_wconf 72' lang='lat' dir='ltr'><strong>liudolfum</strong></span> <span class='ocrx_word' id='word_1_271' title='bbox 1097 3592 1244 3660; x_wconf 84' lang='lat' dir='ltr'><strong>comitem</strong></span> <span class='ocrx_word' id='word_1_272' title='bbox 1266 3592 1307 3659; x_wconf 83' lang='lat' dir='ltr'><strong>de</strong></span> 
     </span>
     <span class='ocr_line' id='line_1_36' title="bbox 164 3690 1306 3780; baseline -0.006 -16"><span class='ocrx_word' id='word_1_273' title='bbox 164 3693 366 3780; x_wconf 76' lang='lat' dir='ltr'><strong>Hacesporp</strong></span> <span class='ocrx_word' id='word_1_274' title='bbox 390 3693 424 3759; x_wconf 85' lang='lat' dir='ltr'><strong>tn</strong></span> <span class='ocrx_word' id='word_1_275' title='bbox 448 3707 558 3778; x_wconf 76' lang='lat' dir='ltr'><strong>repom</strong></span> <span class='ocrx_word' id='word_1_276' title='bbox 583 3708 626 3758; x_wconf 85' lang='lat' dir='ltr'><strong>oc</strong></span> <span class='ocrx_word' id='word_1_277' title='bbox 646 3691 824 3776; x_wconf 73' lang='lat' dir='ltr'><strong>pernetam</strong></span> <span class='ocrx_word' id='word_1_278' title='bbox 848 3691 1077 3759; x_wconf 79' lang='lat' dir='ltr'><strong>Romanorum.</strong></span> <span class='ocrx_word' id='word_1_279' title='bbox 1120 3690 1306 3776; x_wconf 87' lang='lat' dir='ltr'><strong>Statimque</strong></span> 
     </span>
     <span class='ocr_line' id='line_1_37' title="bbox 159 3787 1307 3879; baseline -0.008 -14"><span class='ocrx_word' id='word_1_280' title='bbox 159 3797 298 3865; x_wconf 90' lang='lat' dir='ltr'><strong>mittunt</strong></span> <span class='ocrx_word' id='word_1_281' title='bbox 321 3790 538 3862; x_wconf 87' lang='lat' dir='ltr'><strong>marscalcum</strong></span> <span class='ocrx_word' id='word_1_282' title='bbox 562 3806 635 3856; x_wconf 91' lang='lat' dir='ltr'><strong>oum</strong></span> <span class='ocrx_word' id='word_1_283' title='bbox 654 3791 762 3875; x_wconf 82' lang='lat' dir='ltr'><strong>signis</strong></span> <span class='ocrx_word' id='word_1_284' title='bbox 785 3791 837 3859; x_wconf 89' lang='lat' dir='ltr'><strong>sui</strong></span> <span class='ocrx_word' id='word_1_285' title='bbox 863 3792 1007 3879; x_wconf 68' lang='lat' dir='ltr'><strong>imperii,</strong></span> <span class='ocrx_word' id='word_1_286' title='bbox 1029 3790 1070 3857; x_wconf 86' lang='lat' dir='ltr'><strong>&#39;ut</strong></span> <span class='ocrx_word' id='word_1_287' title='bbox 1096 3787 1307 3858; x_wconf 90' lang='lat' dir='ltr'><strong>obsidionem</strong></span> 
     </span>
     <span class='ocr_line' id='line_1_38' title="bbox 159 3887 1306 3980; baseline -0.01 -16"><span class='ocrx_word' id='word_1_288' title='bbox 159 3893 397 3964; x_wconf 91' lang='lat' dir='ltr'><strong>Basileensem</strong></span> <span class='ocrx_word' id='word_1_289' title='bbox 422 3889 541 3978; x_wconf 89' lang='lat' dir='ltr'><strong>solvat,</strong></span> <span class='ocrx_word' id='word_1_290' title='bbox 569 3887 779 3956; x_wconf 90' lang='lat' dir='ltr'><strong>concordiam</strong></span> <span class='ocrx_word' id='word_1_291' title='bbox 806 3888 915 3980; x_wconf 87' lang='lat' dir='ltr'><strong>iaciat,</strong></span> <span class='ocrx_word' id='word_1_292' title='bbox 942 3907 1015 3957; x_wconf 93' lang='lat' dir='ltr'><strong>oum</strong></span> <span class='ocrx_word' id='word_1_293' title='bbox 1034 3887 1217 3957; x_wconf 90' lang='lat' dir='ltr'><strong>conthorali</strong></span> <span class='ocrx_word' id='word_1_294' title='bbox 1245 3905 1306 3955; x_wconf 90' lang='lat' dir='ltr'><strong>sua</strong></span> 
     </span>
     <span class='ocr_line' id='line_1_39' title="bbox 158 3985 1306 4076; baseline -0.009 -12"><span class='ocrx_word' id='word_1_295' title='bbox 158 3993 206 4063; x_wconf 91' lang='lat' dir='ltr'><strong>ad</strong></span> <span class='ocrx_word' id='word_1_296' title='bbox 242 4007 399 4060; x_wconf 91' lang='lat' dir='ltr'><strong>coronam</strong></span> <span class='ocrx_word' id='word_1_297' title='bbox 432 3993 605 4076; x_wconf 89' lang='lat' dir='ltr'><strong>properet,</strong></span> <span class='ocrx_word' id='word_1_298' title='bbox 634 3986 856 4057; x_wconf 88' lang='lat' dir='ltr'><strong>demandavit.</strong></span> <span class='ocrx_word' id='word_1_299' title='bbox 899 3987 1021 4075; x_wconf 91' lang='lat' dir='ltr'><strong>Sicque</strong></span> <span class='ocrx_word' id='word_1_300' title='bbox 1049 3985 1120 4055; x_wconf 91' lang='lat' dir='ltr'><strong>dies</strong></span> <span class='ocrx_word' id='word_1_301' title='bbox 1148 3985 1306 4073; x_wconf 89' lang='lat' dir='ltr'><strong>colloquii</strong></span> 
     </span>
     <span class='ocr_line' id='line_1_40' title="bbox 159 4085 1307 4178; baseline -0.01 -14"><span class='ocrx_word' id='word_1_302' title='bbox 159 4099 198 4164; x_wconf 89' lang='lat' dir='ltr'><strong>et</strong></span> <span class='ocrx_word' id='word_1_303' title='bbox 225 4091 278 4160; x_wconf 91' lang='lat' dir='ltr'><strong>his</strong></span> <span class='ocrx_word' id='word_1_304' title='bbox 305 4086 470 4178; x_wconf 91' lang='lat' dir='ltr'><strong>presulem</strong></span> <span class='ocrx_word' id='word_1_305' title='bbox 496 4085 608 4177; x_wconf 85' lang='lat' dir='ltr'><strong>verbis</strong></span> <span class='ocrx_word' id='word_1_306' title='bbox 636 4094 736 4176; x_wconf 91' lang='lat' dir='ltr'><strong>atque</strong></span> <span class='ocrx_word' id='word_1_307' title='bbox 757 4089 847 4156; x_wconf 91' lang='lat' dir='ltr'><strong>cives</strong></span> <span class='ocrx_word' id='word_1_308' title='bbox 874 4087 999 4174; x_wconf 92' lang='lat' dir='ltr'><strong>alloqui</strong></span> <span class='ocrx_word' id='word_1_309' title='bbox 1024 4085 1213 4155; x_wconf 89' lang='lat' dir='ltr'><strong>videbatur:</strong></span> <span class='ocrx_word' id='word_1_310' title='bbox 1247 4085 1307 4152; x_wconf 84' lang='lat' dir='ltr'><strong>Vos</strong></span> 
     </span>
    </p>
   </div>
   <div class='ocr_carea' id='block_1_3' title="bbox 196 4207 682 4266">
    <p class='ocr_par' dir='ltr' id='par_1_3' title="bbox 196 4207 682 4266">
     <span class='ocr_line' id='line_1_41' title="bbox 196 4207 682 4266; baseline -0.012 0"><span class='ocrx_word' id='word_1_311' title='bbox 196 4215 210 4266; x_wconf 89' lang='lat' dir='ltr'><strong>t</strong></span> <span class='ocrx_word' id='word_1_312' title='bbox 251 4213 330 4266; x_wconf 89' lang='lat' dir='ltr'><strong>etiarn</strong></span> <span class='ocrx_word' id='word_1_313' title='bbox 347 4211 381 4262; x_wconf 89' lang='lat' dir='ltr'><strong>ist</strong></span> <span class='ocrx_word' id='word_1_314' title='bbox 400 4207 531 4263; x_wconf 90' lang='lat' dir='ltr'><strong>vielleiclrt</strong></span> <span class='ocrx_word' id='word_1_315' title='bbox 549 4223 580 4260; x_wconf 89' lang='lat' dir='ltr'><strong>zu</strong></span> <span class='ocrx_word' id='word_1_316' title='bbox 599 4209 682 4262; x_wconf 89' lang='lat' dir='ltr'><strong>lesen.</strong></span> 
     </span>
    </p>
   </div>
   <div class='ocr_carea' id='block_1_4' title="bbox 0 0 1526 4882">
    <p class='ocr_par' dir='ltr' id='par_1_4' title="bbox 0 0 1526 4882">
     <span class='ocr_line' id='line_1_42' title="bbox 0 0 1526 4882; baseline 0 1"><span class='ocrx_word' id='word_1_317' title='bbox 0 0 1526 4882; x_wconf 95' lang='lat' dir='ltr'><strong> </strong></span> 
     </span>
    </p>
   </div>
  </div>
 </body>
</html>
