3044 4882
363 218 367 226 ·
426 211 570 260 romanus
590 209 798 259 inchoaturus.
836 211 859 277 t,
876 211 901 263 a,
1172 184 1242 256 287

120 353 385 442 promissionibus
413 369 573 440 generum
599 350 643 418 ad
668 351 803 440 propria
829 351 1019 444 destinavit,
1047 359 1081 421 et
1102 354 1245 422 maxima

119 471 243 522 munera
269 453 500 542 Styriensihus
526 449 687 536 dirigens,
715 451 810 538 plura
830 455 1035 544 promittens,
1062 453 1245 521 utineam

120 557 274 640 tamquam
308 555 358 621 eis
385 553 538 620 uicinum
572 556 606 617 et
638 549 804 637 prodesse
837 559 1006 639 potentem
1034 553 1245 620 consentiant

119 649 314 738 deprecatur.
355 652 456 719 Cuius
483 648 562 723 data
588 648 720 716 nobiles
745 651 806 717 viri
834 650 875 718 de
902 651 1172 741 Liechtenstain,
1200 650 1243 718 de

117 749 265 841 amireos,
301 750 342 818 de
368 747 569 818 tltlenberoh
604 765 678 814 cum
712 747 908 835 quibusdam
935 751 996 818 sed
1022 751 1140 838 paucis
1166 750 1242 818 aliis

117 845 343 940 desponsioni,
370 851 418 917 rei
436 849 558 916 exitum
576 845 709 914 domino
730 849 983 918 committentes
1017 849 1146 936 Reliqui
1164 867 1242 916 mu-

116 963 189 1015 nera
214 951 436 1037 suscipientes
459 946 561 1014 illecti
585 952 617 1013 et
645 947 778 1014 astracn
806 967 825 1014 a
852 949 923 1017 suis
951 948 1241 1037 concupisocnoiis

116 1056 363 1138 consenserunt,
391 1051 469 1135 quia
494 1047 586 1113 iuxta
611 1045 801 1131 Virgilium:

204 1147 381 1237 „Humana
405 1149 544 1236 pectora
570 1146 662 1232 cogit
688 1146 759 1212 auri
786 1162 883 1214 saera
909 1141 1051 1214 lames.“

114 1243 150 1311 Et
175 1241 330 1314 Ovidius:

202 1345 369 1436 „Munera
394 1345 493 1414 erede
524 1345 621 1414 michi
646 1345 782 1434 placant
806 1345 1025 1433 hominesque
1051 1344 1215 1435 deosque,

254 1445 407 1513 Placatur
432 1445 531 1514 donis
558 1446 681 1535 tupiter
704 1445 780 1533 ipse
807 1442 929 1512 datis.“

112 1537 189 1620 Quid
215 1545 339 1633 plura?
365 1544 441 1612 Dux
467 1563 487 1614 a
513 1561 574 1613 sua
601 1561 662 1634 spe
688 1544 880 1633 frustratur,
906 1561 966 1612 rex
991 1549 1129 1612 vocatur
1153 1549 1240 1610 terre

109 1641 277 1733 princeps,
312 1652 344 1712 et
377 1643 531 1713 dominus
565 1643 796 1733 proclamatur.
839 1640 902 1722 Qui
943 1643 1053 1710 statim
1087 1643 1119 1708 in
1153 1641 1240 1709 valle

109 1735 206 1809 Anasi
227 1741 388 1829 quasdam
407 1745 584 1834 puritates,
604 1761 663 1832 per
679 1741 861 1832 Philippum
879 1742 1019 1810 electum
1047 1747 1125 1830 post
1145 1758 1239 1808 mor-

108 1842 167 1906 tem
184 1841 281 1909 ducis
303 1842 457 1910 Friderici
483 1843 667 1933 inchoatas,
696 1840 737 1909 de
760 1841 959 1929 quibusdam
979 1839 1088 1909 leodis
1112 1839 1154 1908 ad
1178 1856 1240 1906 ec-

110 1937 240 2008 clesiam
274 1941 518 2029 pertinentibus
551 1941 751 2030 dissipavit,
790 1946 823 2007 et
858 1937 1022 2028 disposita
1058 1946 1145 2007 terra
1180 1955 1241 2026 per

108 2035 310 2127 Stephanum
350 2040 469 2108 dacem
503 2039 670 2128 Zagrabie
703 2041 737 2108 in
772 2039 952 2125 Ungariam
988 2046 1040 2106 est
1073 2055 1243 2106 reversus..

107 2133 273 2228 Philippus
289 2157 371 2208 vero
390 2139 452 2209 heo
472 2139 513 2207 ad
530 2137 723 2208 Ottaharam
742 2136 860 2207 ducem
885 2136 1017 2206 Austrie
1035 2140 1099 2207 iam
1118 2135 1240 2204 tactum

106 2238 211 2306 retulit
244 2255 304 2326 por
339 2242 505 2327 querelas.
550 2237 612 2320 Qui
645 2245 710 2306 tam
738 2238 779 2306 de
808 2255 844 2305 se
873 2255 968 2324 quam
995 2236 1037 2304 de
1065 2254 1106 2304 oo
1134 2236 1241 2304 dissi-

106 2335 278 2405 mulandas
312 2339 449 2407 iniurias
483 2357 591 2427 usque
626 2338 668 2405 ad
703 2342 834 2424 tempus
866 2343 1064 2424 oportunum
1092 2341 1126 2402 et
1153 2351 1241 2403 oon·-

105 2451 218 2518 gruum
243 2438 478 2529 persuadebat,
507 2438 584 2526 quia
608 2442 780 2504 constaret
796 2435 837 2503 ad
863 2453 900 2502 se
919 2437 1047 2502 rarione
1073 2435 1240 2501 consortis

105 2550 162 2602 sue
189 2539 277 2604 siout
302 2534 468 2605 niustriam
495 2540 546 2605 sio
562 2543 596 2606 et
614 2535 756 2623 Styriam
778 2537 955 2623 pertinere.
989 2534 1113 2618 Ungari
1129 2537 1239 2599 autem

104 2636 187 2703 terre
218 2635 374 2724 presides
408 2636 566 2726 poputum
600 2636 807 2703 inconsuetis
839 2633 985 2718 angariis
1014 2632 1240 2719 opprimentes

103 2732 233 2803 nobiles
267 2741 300 2802 et
331 2736 482 2824 plebeios
517 2736 650 2804 nimium
683 2733 930 2821 perturbabant.
977 2727 1240 2798 Considerantes

102 2831 200 2916 igitur
228 2852 271 2902 ex
306 2835 370 2903 hoc
402 2835 492 2922 quod
519 2851 636 2902 omnes
664 2829 855 2901 Ottaharum
883 2831 1078 2899 attentarent
1103 2834 1136 2896 et
1161 2835 1240 2896 oot-

103 2930 179 3000 tidie
207 2934 283 3000 eius
299 2935 519 3021 patrocinium
537 2933 751 3023 implorarent,
778 2930 995 3000 formidantes
1023 2935 1056 2996 et
1081 2931 1239 2995 nutantes

101 3031 337 3100 vacillantibus
372 3033 492 3100 animis
528 3032 569 3100 ad
595 3033 729 3119 propria
754 3030 932 3099 redierunt.
975 3025 1101 3108 Quibus
1129 3025 1239 3094 elimi-

100 3131 185 3199 natis
214 3131 317 3199 etde
344 3138 431 3199 terra
457 3133 607 3218 egressis
631 3127 811 3198 Ottaharus
839 3129 1030 3216 advocatur,
1059 3131 1093 3193 et
1118 3143 1239 3194 occur-

100 3233 191 3298 rente
222 3230 285 3298 sihi
311 3231 436 3320 populo
463 3230 505 3298 de
533 3229 674 3316 singulis
701 3227 889 3299 civitatibus
916 3243 989 3293 oum
1016 3223 1115 3294 laude
1141 3225 1238 3312 prin-

101 3343 179 3416 ceps
219 3329 329 3417 Styrie
370 3329 597 3419 potentialiter
631 3334 684 3396 est
718 3329 868 3396 ellectus.
911 3323 993 3392 Bela
1026 3321 1091 3391 hoo
1123 3322 1238 3391 audito

100 3429 298 3514 octingenta
322 3429 411 3496 milia
430 3433 616 3515 congregat
630 3433 838 3516 armatorum,
867 3430 899 3492 et
915 3424 1054 3491 veniens
1071 3418 1238 3489 Austriam

98 3542 197 3594 manu
213 3526 327 3595 valida
342 3527 506 3596 incendiis
523 3528 647 3616 rapinis
663 3525 921 3594 abductionthus
941 3523 1109 3590 hominurn
1127 3521 1237 3588 omnia

98 3623 275 3694 destruere
303 3628 390 3696 eirca
408 3627 585 3694 Wiennam
611 3627 645 3692 in
672 3630 757 3694 terre
784 3623 964 3692 meditrdlio
991 3637 1059 3688 nou
1080 3619 1237 3686 cessavit.

96 3719 274 3793 lustrales
301 3743 379 3794 mox
405 3723 565 3794 Ottaharo
591 3725 750 3793 nunciant
775 3723 862 3790 hanc
887 3737 1087 3811 pressuram.
1124 3714 1186 3798 Qui
1202 3717 1235 3783 in

96 3826 200 3910 patris
231 3825 303 3893 suis
331 3825 492 3914 exequiis,
520 3825 576 3911 qui
602 3829 681 3891 tunc
708 3823 913 3912 decesserat,
942 3826 975 3887 et
999 3820 1033 3886 in
1058 3817 1154 3902 regui
1174 3833 1318 3903 ap-1253

95 3922 324 4009 prehensione
363 3925 568 3992 necessitate
605 3927 821 4012 constrictus,
856 3919 990 3988 mandat
1023 3914 1234 3983 Australibus
1254 3923 1328 4030 εἷς·

95 4023 273 4108 negotium
295 4023 360 4091 hoc
377 4024 522 4110 treugari
549 4026 583 4089 et
608 4022 651 4089 ad
678 4013 878 4110 colloquium
901 4019 982 4087 Bele
1010 4014 1095 4082 diem
1122 4013 1234 4103 placiti

94 4117 283 4207 designari.
317 4121 447 4190 Interea
474 4119 655 4188 Gerdrudis
681 4120 921 4189 marchionissa
946 4119 980 4184 in
1008 4113 1118 4183 odium
1134 4110 1235 4181 Otta-

94 4217 167 4288 hari
183 4223 221 4287 et
236 4226 410 4288 matertere
429 4238 489 4288 sue
502 4217 691 4304 Margarete
710 4221 820 4290 omnia
845 4220 917 4285 iura
933 4234 1004 4304 sua,
1032 4230 1096 4299 quc
1113 4211 1234 4280 hahere
