3028 4878
447 197 591 245 ronanuus
611 198 820 244 vrcrorurrrsrs.
857 197 881 261 6,
900 198 923 248 t.
1196 170 1267 238 n2t

131 337 275 408 Atbasim
294 339 493 424 gravissime
518 336 703 420 infirmitus,
729 337 812 405 vidit
837 339 961 426 apertis
988 337 1094 406 oculis
1123 335 1266 421 quadam
1288 349 1351 403 1336

130 443 222 506 nocto
257 438 344 504 circa
378 442 515 504 stratum
548 454 643 504 suurn
677 436 840 504 terribiles
874 438 1036 505 visiones.
1069 435 1195 525 Primo,
1224 452 1266 502 cx

130 542 265 623 utraque
291 542 383 622 parte
410 534 536 603 audivit
567 551 667 602 ranas
701 535 774 602 sine
807 536 1054 604 intermissione
1081 534 1267 620 loquaciter

129 635 349 722 garrulantes3
384 640 505 722 postea
538 632 676 701 Mauros
704 632 867 719 quosdam
893 638 1020 703 statura
1046 635 1265 721 pigmeorum,

130 750 183 801 ore
210 734 322 802 hiante
351 749 388 800 se
416 733 525 801 curvis
552 733 656 800 oculis
682 733 867 821 intuentes3
895 732 1017 802 deinde
1039 737 1183 800 armatos
1200 732 1266 798 mi-

128 831 220 921 lites,
249 838 283 900 ut
310 837 490 918 exurgeret
516 835 549 898 et
575 832 674 898 armis
703 848 740 898 se
767 830 920 900 indueret
947 838 1080 900 etcum
1107 832 1157 897 eis
1183 847 1266 918 per-

128 935 230 1019 geret,
248 931 492 1017 exclamnntes3
520 935 690 1018 postremo
716 931 846 1018 puellas
866 930 1006 999 choreas
1033 930 1205 1017 ducentes,
1234 933 1267 995 et

127 1029 245 1096 lectum
262 1047 357 1096 suum
382 1030 665 1116 circumgyrantes
683 1030 827 1118 respicit,
854 1035 1047 1118 patremque
1064 1045 1172 1116 snum,
1189 1027 1266 1095 olim

127 1127 270 1196 Heinrici
304 1127 399 1196 ducis
432 1126 603 1195 llarinthie
630 1128 881 1219 cancellarium,
909 1128 1061 1197 dolenter
1087 1145 1124 1195 se
1152 1127 1266 1214 respi-

128 1227 267 1295 cientem
287 1231 320 1294 et
339 1225 523 1294 dicentem:
549 1226 637 1317 „sibi
657 1226 743 1294 banc
762 1229 849 1294 viam
877 1228 1039 1295 secularis
1066 1225 1181 1313 letitie,
1208 1241 1267 1312 per

128 1343 223 1411 quum
251 1327 382 1414 etipse
409 1325 644 1414 ambulaverat,
672 1323 939 1394 declinandam.“
969 1325 1010 1394 Et
1038 1325 1114 1394 dum
1143 1324 1265 1391 chorus

125 1425 187 1492 iste
207 1426 330 1513 pariter
347 1444 366 1491 a
385 1423 541 1512 tripudiis
562 1425 632 1491 suis
659 1442 727 1492 non
755 1423 945 1514 desisteret,
972 1426 1105 1492 ianuam
1133 1421 1267 1508 quidam

125 1525 262 1612 aperuit,
286 1522 455 1610 quomodo
471 1523 583 1590 valeat
599 1523 805 1611 perquisivit
839 1521 1022 1610 Statimque
1041 1523 1173 1609 chorus,
1190 1523 1266 1608 ipso

124 1628 292 1712 cernente,
310 1640 370 1712 per
390 1623 513 1690 ostium
530 1628 762 1707 estegressus.
789 1620 989 1710 Respondit,
1006 1638 1044 1689 se
1057 1638 1117 1708 per
1134 1625 1266 1687 noctem

123 1725 222 1788 totam
244 1723 277 1788 in
300 1720 500 1809 supradictis
521 1721 708 1794 visionibus
732 1727 845 1806 guttas
866 1721 1041 1806 sanguinis
1069 1717 1266 1786 exsudasse.

122 1818 361 1907 Expositisque
389 1820 553 1910 omnibus,
581 1837 678 1888 mane
706 1819 885 1888 consessus
909 1825 942 1887 et
959 1819 1177 1887 sacramentis
1204 1833 1266 1883 ec-

126 1917 229 1987 clesie
257 1921 413 2008 munitus,
440 1920 540 1986 vitum
566 1918 653 1986 banc
678 1919 800 1986 acerbo
828 1919 968 1985 transitu
995 1915 1217 1986 commutavit.

195 2015 355 2086 Albertus
382 2017 450 2086 dux
476 2017 519 2085 ud
543 2036 663 2105 papam
690 2035 751 2104 pro
780 2019 831 2085 sui
857 2022 891 2084 et
917 2015 1024 2085 fratris
1052 2014 1266 2084 devotatione

121 2117 225 2184 virum
252 2117 399 2186 nobilem
425 2116 467 2184 de
493 2115 667 2185 Eberstorl
689 2122 723 2183 et
747 2122 869 2202 postea
895 2117 1091 2203 episcopum
1114 2113 1267 2180 Gurcen-

121 2231 191 2281 sem
226 2215 441 2283 Laurentium
475 2215 665 2284 destinavit.
707 2214 834 2282 Primus
870 2213 1005 2282 rediens
1037 2214 1082 2280 nil
1108 2208 1267 2300 proiecit,

121 2313 204 2382 alter
230 2316 265 2381 in
293 2315 384 2382 curia
412 2316 541 2382 transiit
567 2331 610 2381 ex
635 2314 699 2381 huc
724 2315 802 2379 vita.
839 2311 898 2380 Cui
925 2313 1091 2379 successit
1113 2309 1268 2377 Chunra-

120 2411 182 2484 dus
210 2413 317 2482 abbas
339 2405 567 2482 Salemensis¹
594 2430 652 2501 per
679 2428 840 2480 summum
858 2409 1051 2499 pontificem
1070 2407 1268 2478 destinatus

195 2511 273 2580 Hoc
304 2529 393 2581 anno
428 2512 585 2580 inchoata
621 2515 673 2577 est
699 2527 823 2595 guerra
849 2510 934 2576 inter
960 2507 1111 2575 Venetos
1139 2515 1172 2574 et
1198 2505 1268 2572 Ve-

122 2628 300 2702 ronenses,
329 2613 386 2698 qui
407 2629 468 2699 pro
491 2616 570 2677 tunc
593 2609 768 2677 multorum
796 2606 1000 2675 districtuum
1028 2606 1174 2674 dominio
1201 2622 1267 2693 po-

122 2709 310 2799 tiebantur,
346 2727 407 2797 pro
435 2708 579 2795 quodam
613 2709 685 2776 iure
712 2706 865 2796 salinali,
892 2708 925 2773 in
954 2725 1020 2793 qua
1047 2703 1136 2792 apud
1162 2704 1268 2770 vicum

119 2807 321 2877 Benivolum
336 2807 377 2875 de
396 2805 620 2894 stipendiariis
642 2805 864 2894 Venetorum,
892 2811 1029 2894 propter
1053 2803 1270 2870 iniectionem

121 2911 223 2997 aeriS,
253 2897 350 2996 periit
374 2906 535 2974 nobilium
557 2911 590 2972 et
606 2905 741 2972 militum
760 2905 900 2972 maxima
919 2901 1104 2972 multitudo.
1130 2901 1171 2970 Et
1193 2899 1270 2967 dum

119 3024 139 3072 a
164 3005 425 3074 Veronensibus
452 3003 584 3072 fortuna
610 3004 735 3071 vultum
761 3008 905 3071 verteret
931 3008 963 3071 ct
982 3001 1123 3070 Venetis
1149 3001 1270 3067 iocun-

119 3103 194 3173 dius
223 3105 402 3192 arrideret,
431 3101 604 3171 blarsilius
639 3101 680 3169 de
707 3101 861 3170 Karraria
894 3101 1071 3170 Puduanus
1097 3097 1270 3167 Albertum

118 3202 160 3271 de
189 3204 339 3293 Verona,
367 3198 409 3270 de
429 3217 466 3270 se
485 3199 521 3269 et
542 3201 641 3268 nichil
659 3199 748 3268 aliud
776 3202 1012 3290 suspicantem,
1040 3199 1116 3267 dum
1144 3199 1178 3264 in
1205 3195 1271 3264 de-

119 3301 283 3372 ductione
309 3303 383 3370 aloe
410 3307 524 3369 mutuo
551 3298 786 3389 consederent,
812 3305 991 3386 procurata
1015 3297 1193 3366 traditione
1209 3313 1271 3362 ca·
1289 3313 1354 3366 1337

118 3404 180 3490 pit,
211 3409 247 3470 et
273 3400 410 3488 direptis
444 3400 541 3468 bonis
576 3400 610 3465 in
642 3415 704 3466 suo
737 3397 863 3485 palatio
891 3399 1051 3487 repertis,
1082 3401 1115 3463 et
1142 3397 1270 3482 stipen-
1290 3395 1348 3502 ra3u

119 3500 238 3568 diariis
266 3499 470 3588 distributiS,
503 3499 576 3586 ipse
604 3515 678 3564 cum
704 3496 829 3584 populo
859 3497 1025 3564 civitatem
1053 3510 1271 3580 conservans,

119 3599 282 3670 dominus·
306 3599 536 3688 proclamatur,
565 3601 598 3664 et
614 3594 785 3663 Albertum
802 3594 940 3663 Venetis
957 3593 1178 3678 consignavit.
1209 3588 1273 3669 Qui

118 3697 199 3768 data
216 3699 352 3767 civitate
374 3697 550 3764 Tervisina
571 3695 719 3784 Venetis,
749 3698 782 3762 et
808 3693 880 3760 aliis
904 3691 1103 3780 quibusdam
1125 3687 1272 3757 castellis

116 3798 336 3886 Florentinis
366 3797 423 3883 qui
449 3797 484 3863 in
509 3796 574 3863 hiis
602 3795 736 3863 casibus
764 3811 837 3860 cum
864 3792 1003 3860 Venetis
1033 3791 1272 3876 convenerant,

116 3913 156 3966 se
185 3899 321 3966 exemit.
356 3895 485 3963 Deinde
511 3893 757 3962 veronensium
783 3891 891 3978 gloria
916 3898 951 3959 et
976 3888 1125 3981 potentia
1154 3885 1273 3954 decre-

152 4150 185 4272 tl)
206 4147 374 4272 {zssbessere
399 4147 440 4202 ich
466 4147 513 4202 das
537 4143 682 4198 Salmensis
701 4144 749 4198 des
767 4143 861 4206 Leob.·‚
886 4139 1007 4194 denselbe
1025 4138 1084 4192 lam
1102 4135 1184 4190 sebon
1205 4133 1274 4187 oben

117 4231 189 4274 sere
291 4231 348 4272 vor.
