3044 4882
452 205 600 254 ronnnnus
620 207 832 254 rrcronrnusrs.
867 207 892 272 n,
910 203 937 260 6.
1193 175 1259 250 371

126 344 165 414 de
190 343 338 434 scopulis
365 345 524 413 montium
549 350 798 436 presumerent,
826 351 860 416 et
885 364 1052 415 murorum
1079 343 1260 416 tortitudini
1278 359 1343 417 terr

125 444 343 535 intenderent,
369 445 589 514 instrumenta
609 444 742 513 diversa
756 451 922 537 preparat,
949 446 1108 535 poprdum
1126 447 1260 538 animat,

125 545 315 612 necessaria
348 544 538 612 victualium
570 543 780 634 preordinat,
817 551 850 613 ct
883 547 1049 614 civilatem
1080 543 1260 615 fortissimo

125 642 244 712 ambitu
278 642 427 730 undique
453 643 670 728 circumgirat.
708 643 750 711 Et
775 641 852 712 dum
877 645 1099 734 protelaretur
1126 643 1259 714 obsidio

124 741 234 830 plures
248 743 424 830 capiuntur
441 741 646 832 occiduntur,
673 759 713 810 ac
736 742 915 812 inhumane
935 743 1079 833 quidam,
1099 745 1259 830 quartatis

124 841 317 929 corporibus
341 859 401 929 per
426 859 501 910 cum
519 842 617 908 etiam
642 841 676 908 in
703 843 987 930 consequentibus
1012 846 1148 931 propter
1173 841 1260 911 laci-

123 957 183 1007 nus
218 939 378 1029 perfidie,
420 939 461 1008 ab
493 941 635 1008 invicem
671 938 874 1011 dirimuntur.
917 942 1127 1031 Imperatoris
1162 941 1261 1010 frater

123 1038 312 1107 Walramus
346 1055 460 1107 comes
494 1038 756 1107 letali-vnlnere
790 1041 898 1110 iaculo
935 1042 1112 1110 sauciatur.
1152 1039 1260 1128 Super

124 1139 216 1206 cuius
252 1142 356 1206 morte
390 1138 569 1226 imperator
604 1144 637 1206 et
671 1143 762 1206 totus
799 1141 964 1208 exercitus
998 1139 1262 1209 inestimabiliter

123 1237 345 1306 contristatur.
378 1237 561 1325 Imperator
586 1255 665 1305 vero
692 1239 751 1305 ait:
778 1237 828 1306 Ne
852 1237 998 1306 lroslt'dus
1022 1239 1178 1326 goudium
1201 1239 1261 1322 su-

123 1337 248 1404 ciamus
272 1337 446 1404 mestitiam
471 1336 672 1422 deponemus
688 1340 722 1403 ct
736 1339 839 1421 ceptis
859 1337 1038 1420 feruentior
1063 1339 1261 1406 indolemus.

121 1433 313 1504 Novissime
331 1437 448 1504 civitas
468 1441 647 1521 angustata
670 1436 828 1504 resistere
850 1453 919 1504 non
945 1436 1073 1527 valens,
1100 1437 1261 1524 imperiali

122 1535 229 1620 gratie
255 1552 294 1602 se
321 1533 470 1624 subiecit,
498 1540 531 1602 et
557 1551 644 1623 pene
670 1551 798 1624 omnes,
826 1535 990 1604 resticulis
1007 1536 1137 1602 iniectis
1154 1536 1259 1626 collis,

120 1632 216 1702 denis
246 1633 411 1724 gentina,
445 1635 602 1722 veniunt,
638 1651 691 1700 res
720 1639 753 1701 et
785 1651 925 1722 corpora
958 1635 1055 1722 proni
1081 1635 1115 1700 in
1142 1640 1260 1703 terram

120 1734 279 1820 prostrati
304 1733 493 1820 imperatori
519 1733 662 1802 oderunt
687 1749 759 1800 cum
780 1733 872 1802 urbe.
907 1731 970 1813 Qui
996 1749 1120 1800 memor
1146 1735 1260 1801 mortis

118 1828 265 1900 lraternc
290 1833 466 1901 universos
495 1831 618 1918 dignos
645 1831 829 1919 suspendio
851 1837 1065 1922 protestatur,
1094 1831 1184 1918 quod
1205 1831 1267 1924 lu-v

119 1931 218 1998 nibus
253 1931 341 1998 circa
375 1931 463 2000 eolla
487 1932 606 2019 positis
634 1930 871 2018 comprobavit.
913 1931 999 1998 Vicit
1024 1939 1135 1999 tamen
1162 1933 1260 2000 animi

119 2037 245 2098 motum
272 2031 390 2119 pietaS,
418 2034 452 2097 et
477 2031 633 2118 pepercit.
676 2030 719 2097 Et
744 2048 818 2097 cum
842 2048 902 2118 per
927 2035 1042 2118 portas
1070 2029 1133 2098 sibi
1159 2037 1260 2118 pate-

120 2125 227 2196 laetas
254 2128 387 2214 ingredi
412 2129 527 2209 nollet,
553 2129 653 2197 iussit
678 2148 803 2198 murum
830 2128 965 2219 deponi,
993 2135 1027 2197 et
1048 2128 1136 2198 lacta
1159 2135 1261 2198 strata

117 2227 254 2314 publica
287 2228 452 2317 introivit,
479 2229 664 2296 iuramenta
699 2229 816 2297 civium
843 2229 1007 2315 recipiens
1034 2227 1076 2296 de
1103 2228 1167 2296 lide
1194 2230 1260 2296 im-

116 2328 212 2413 perio
242 2326 485 2395 conservanda.
518 2325 635 2414 lhique
661 2345 720 2415 per
746 2325 882 2413 aliquod
909 2333 1039 2415 tempus
1065 2328 1195 2396 mansit.

192 2424 270 2494 Hoc
293 2443 381 2495 anno
412 2430 513 2495 totam
541 2424 726 2493 Rihauniam
753 2421 996 2512 Andaniamquc
1023 2430 1115 2492 tanta
1137 2427 1261 2515 pressit

117 2521 238 2615 lameS,
268 2543 333 2611 que
360 2523 498 2594 duravit.
515 2543 576 2613 per
603 2525 788 2613 triennium,
816 2531 853 2591 ut
873 2524 987 2611 plures
1006 2526 1261 2610 commigrarent

116 2623 151 2690 ln
186 2629 321 2692 exteras
355 2626 532 2714 regiones,
560 2630 594 2692 et
626 2623 746 2692 divites
764 2622 956 2690 ‘deficerent
981 2622 1125 2691 venditis
1151 2624 1260 2712 patri-

119 2725 244 2794 moniis
262 2723 403 2813 plurimi,
433 2729 466 2791 et
480 2741 538 2812 pre
557 2721 652 2790 lamis
674 2722 831 2808 angustia
847 2729 1061 2790 morerentur.

193 2822 378 2910 lmperator
394 2823 460 2891 hoc
477 2829 625 2910 tempore
644 2821 848 2910 Tarvisium,
869 2823 924 2907 qui
948 2826 1027 2887 sunt
1045 2817 1261 2888 camera-lm-

114 2921 214 3010 perii,
245 2922 385 3009 cupiens
412 2921 608 3010 cohercere,
637 2939 696 3010 per
722 2920 911 2988 Heinrioum
939 2921 1091 2987 comitem
1119 2919 1266 3009 Goricie,

114 3021 224 3088 virum
239 3025 433 3094 strennuum
449 3025 482 3089 et
499 3020 655 3109 nobilem,
672 3020 736 3088 hoo
750 3020 865 3087 statrrit
882 3020 1033 3106 experiri.
1060 3017 1123 3099 Qui
1142 3025 1259 3087 coacto

113 3119 149 3186 iu
166 3139 274 3188 unum
289 3120 569 3189 Theutoniccrum
587 3121 734 3188 exercitu
751 3120 842 3187 iuxta
858 3117 992 3186 lluvium
1007 3117 1259 3208 Montegannm,

113 3217 171 3286 ubi
201 3219 301 3306 quasi
329 3221 437 3288 securi
465 3219 605 3288 fixerant
632 3220 773 3286 tentoria
800 3223 834 3285 et
866 3218 935 3286 otio
963 3234 1098 3305 operam
1125 3216 1259 3306 dabant,

114 3335 186 3386 non
216 3318 321 3404 longe
348 3317 389 3386 ab
417 3320 467 3387 eis
484 3319 518 3386 iu
538 3318 778 3406 campestribus
798 3334 835 3384 se
852 3316 987 3406 locavit,
1015 3315 1175 3404 fossaque
1193 3316 1261 3384 alta

113 3423 189 3486 erat
216 3417 304 3486 inter
331 3434 402 3486 ecs.
434 3417 597 3486 Inchoato
624 3421 733 3486 autem
760 3413 935 3487 admodum
957 3415 1049 3484 lento
1072 3414 1184 3484 duello
1202 3417 1260 3482 in-

116 3520 167 3584 ter
194 3531 347 3606 paucos,
374 3533 451 3586 mox
476 3516 599 3584 vallum
625 3515 773 3606 deicitur,
801 3520 835 3584 et
863 3520 954 3583 totus
982 3515 1145 3582 exereitus
1173 3531 1261 3582 con-

114 3615 284 3701 greditur.
315 3615 357 3684 Et
374 3615 460 3684 adeo
483 3633 607 3704 anceps
633 3614 754 3690 bellum
780 3615 999 3702 committitur,
1025 3615 1072 3680 ita
1098 3618 1134 3680 ut
1159 3612 1261 3680 multa

109 3715 220 3784 millia
240 3714 409 3783 hominum
425 3734 444 3783 a
463 3715 682 3784 Theutcnicis
703 3719 939 3803 sternerentur,
967 3717 1000 3780 et
1025 3710 1105 3798 luga
1130 3710 1260 3799 plurimi

109 3813 322 3886 laberentur.
354 3814 461 3886 Fossa
492 3815 591 3900 igitur
617 3814 783 3900 sanguine
810 3812 954 3900 repleta,
982 3809 1081 3878 hodic
1108 3809 1261 3896 Sangui-

110 3914 260 3984 nclenta
277 3913 384 3982 Fossa
400 3932 420 3982 a
437 3913 587 4001 pluribus
606 3913 800 4002 appellatur.
837 3910 1013 3979 Heinricus
1039 3927 1120 3978 vero
1147 3925 1261 3978 comes

110 4032 184 4082 non
206 4013 312 4098 longe
330 4018 407 4102 post
430 4014 561 4083 civitate
576 4013 747 4101 provincia
763 4028 803 4078 ac
824 4009 1032 4098 imperatoris
1051 4009 1158 4094 gratia
1176 4025 1261 4096 spe-

109 4112 250 4180 cialiter
267 4128 327 4198 pro
345 4113 469 4180 meritis
487 4117 539 4180 est
554 4113 691 4202 potitus,
720 4128 816 4198 quam
840 4109 939 4177 etiam
962 4108 1165 4197 provinciam
1183 4111 1263 4195 post

112 4211 250 4279 obitum
268 4212 476 4300 imperatoris
495 4213 601 4280 terruit
617 4208 691 4278 lorti
709 4227 817 4278 manu.

1006 4311 1065 4372 aa*
