3028 4878
254 246 325 317 uei
538 277 663 323 neroum
686 279 941 326 nrarnuunarrnsrs
962 279 1115 327 11011111.

257 413 339 484 Mox
364 416 397 484 ei
423 417 630 504 eompatiens
657 421 739 485 satis
766 415 837 486 dira
864 417 1000 508 lebam,

257 515 338 584 Post
363 516 435 583 eius
464 514 596 582 tandem
623 515 772 585 bonitate
799 533 915 585 ausum
942 517 1042 586 dante
1069 517 1236 590 dicebam:

257 610 310 702 „0
336 612 502 702 predulcis
529 613 673 704 domina,
701 617 776 704 quis
804 617 939 703 estqui
966 635 1150 705 provoeare

256 711 327 780 Vos
354 711 396 781 ad
423 712 533 780 tletum
560 715 689 801 potuit?
724 713 844 782 Nonne
871 719 990 782 terram
1018 721 1050 783 et
1075 735 1164 785 mare

255 809 348 879 Deus
374 811 472 880 vobis
499 810 657 879 tradidit?
692 811 801 893 Quare
827 831 896 882 non
923 813 1097 884 vindieatis
1347 825 1389 891 95

254 907 373 978 lactas
405 910 503 978 vobis
528 911 689 979 iniurias?
725 910 994 993 Quamobrem
1022 918 1224 1004 exspeotatis
1237 916 1278 983 1α

328 1105 380 1176 Ad
406 1107 469 1176 heo
494 1109 590 1194 virgo
617 1108 764 1194 benigno
790 1108 839 1175 sio
865 1106 948 1174 dixit
973 1110 1227 1197 respondendo:

251 1205 470 1296 „lnoonsulte
496 1206 662 1292 loqueris!
700 1205 784 1273 Nam
810 1206 889 1275 talia
915 1205 1058 1277 dioendo

251 1302 374 1372 Contra
399 1309 487 1373 tuam
512 1303 650 1392 patriam
676 1304 805 1390 allegas
830 1306 1030 1373 nesoientar.

248 1397 332 1470 Nam
359 1402 570 1491 quamplures
596 1402 728 1472 nobiles
755 1403 909 1471 Germani
934 1403 1024 1471 nune
1049 1409 1202 1493 patenter
1321 1413 1389 1481 100

249 1499 399 1569 lnlerunt
423 1503 560 1569 iniurias
586 1501 686 1570 miehi
712 1519 780 1570 non
807 1501 1002 1591 serviendo,

250 1597 318 1667 Sed
346 1605 416 1668 toto
442 1617 546 1688 posse
573 1601 744 1669 meatum
771 1599 969 1689 diripiendo.

212 1695 324 1790 Υ,Ηο11
348 1698 503 1768 infideles
529 1697 607 1766 faeti
633 1704 711 1766 sunt
736 1699 826 1768 iures
849 1703 882 1766 at
908 1695 1090 1790 raptores‚¹

200 1792 213 1820 V
231 1795 289 1863 :m
322 1797 473 1866 nonnulli
499 1798 683 1886 prinoipum
710 1802 788 1865 sunt
813 1799 877 1865 mai
903 1796 1112 1886 proditores!

246 1891 344 1962 Unde
371 1913 445 1964 eum
473 1897 516 1962 sit
549 1913 729 1983 paueorum
755 1913 836 1982 erga
860 1913 912 1963 me
940 1895 1160 1988 tumaides,
1320 1904 1385 1974 105

246 1988 373 2062 ldoiroo
400 1992 586 2063 dosolatam
612 1995 647 2062 in
673 1994 806 2062 heremo
833 2010 885 2060 me
911 1993 1017 2062 vides.

247 2088 344 2158 Seius
371 2091 461 2178 quod
487 2110 539 2159 me
565 2094 673 2160 vieine
700 2098 821 2178 gentes
849 2090 1070 2159 deseruerunt

243 2187 379 2279 Exeo,
417 2189 506 2277 quod
533 2190 686 2257 Germani
713 2205 786 2280 sua,
812 2207 880 2258 non
906 2207 996 2280 mea,
1033 2201 1185 2277 querunt.

244 2285 319 2354 Non
346 2287 522 2356 attendunt
547 2288 637 2376 quod
664 2287 748 2356 dous
775 2305 827 2356 me
853 2289 961 2356 taliter
987 2291 1126 2377 amavit,

244 2382 342 2464 Quod
368 2403 443 2455 meo
472 2385 534 2454 suh
562 2394 710 2476 tempore
737 2406 757 2455 a
782 2392 886 2456 morte
912 2386 1066 2454 liberavit
1315 2398 1384 2465 110

242 2483 438 2575 Hominem,
465 2484 573 2553 laetus
598 2486 717 2575 homo,
744 2486 776 2552 in
805 2501 901 2554 oruoe
926 2485 1117 2576 moriendo,

243 2579 293 2649 Ao
318 2583 352 2650 in
378 2581 433 2652 die
459 2584 559 2652 teroia
586 2583 628 2651 de
654 2589 759 2652 morte
786 2581 1005 2669 resurgenda.

241 2680 315 2748 Neo
339 2682 373 2748 in
398 2699 474 2750 meo
500 2686 648 2770 tempore
673 2679 897 2750 Antichristus
924 2687 1098 2772 nascetur,

242 2778 334 2847 Deus
360 2796 571 2866 nequaquam
598 2783 685 2848 sinet
711 2777 800 2867 quod
827 2795 953 2848 meeum
979 2778 1175 2852 dominetur.

240 2875 317 2945 Non
341 2876 414 2946 vult
439 2879 511 2946 eius
538 2895 590 2945 me
615 2880 715 2946 vitam
742 2877 855 2946 videro
883 2877 1097 2966 sceleratam,
1312 2889 1379 2955 115

242 2973 310 3042 Sed
335 2976 428 3062 prius
454 2993 506 3043 me
533 2975 709 3044 transierat
734 2975 776 3043 ad
804 2977 952 3063 requiem
977 2975 1119 3045 beatam.

241 3070 390 3142 Christus
417 3073 515 3142 iussit
539 3074 692 3142 homines
720 3073 841 3142 tributa
866 3073 963 3140 miehi
991 3072 1087 3164 dare,

238 3171 280 3239 Et
305 3171 371 3241 hoo
396 3173 470 3259 ipse
495 3171 600 3240 voluit
632 3173 796 3239 humiliter
830 3189 974 3239 servaro.

239 3269 361 3338 Sedem
386 3287 492 3336 meam
517 3270 696 3357 primevam
723 3268 806 3337 deus
833 3271 882 3337 sie
907 3268 1104 3362 honoravit,
1485 3313 1486 3351 r

238 3363 336 3446 Quod
363 3366 449 3433 hano
475 3374 665 3435 sanatorum
691 3368 778 3436 Petri
804 3373 838 3435 et
862 3366 954 3434 Pauli
981 3371 1192 3439 oonseoravit
1307 3374 1376 3443 120
1484 3383 1485 3454 l

236 3463 338 3532 Felioi
363 3463 518 3532 martirio.
551 3464 603 3532 Ex
627 3465 693 3532 hoo
719 3465 936 3534 ecelesiarum
1483 3461 1484 3466 ’

236 3562 296 3631 Est
320 3560 424 3631 Roma
450 3560 538 3629 faeta
563 3567 668 3630 mater
694 3568 727 3631 et
753 3562 861 3652 oapud
886 3563 1032 3631 aliarum.

236 3659 309 3730 Heo
336 3666 413 3730 sant
438 3660 611 3749 privilegia
638 3660 774 3729 honoris
801 3665 973 3729 reservata

236 3759 357 3848 Mindi,
383 3776 448 3827 nee
475 3765 553 3828 sunt
579 3759 697 3828 oeteris
723 3759 870 3846 imperiis
897 3758 1031 3827 donata.

237 3856 315 3926 lstis
343 3859 465 3946 spretis
493 3857 645 3925 Germani
671 3874 739 3924 non
767 3858 902 3925 multum
928 3874 979 3924 me
1005 3856 1186 3952 honorant,
1304 3861 1372 3929 125

236 3955 352 4024 Parum
378 3953 477 4024 miehi
502 3956 661 4046 serviunt,
688 3973 809 4045 ymmo,
837 3972 903 4042 que
929 3955 991 4022 sim
1017 3956 1185 4042 ignorant.

227 4165 230 4172 ’
270 4146 300 4210 1)
320 4145 382 4200 ilias
406 4148 522 4200 erinnem
545 4145 604 4200 selrr
628 4161 661 4198 an
686 4144 736 4198 den
764 4143 913 4198 bekannteu
936 4144 1050 4212 aingang
1075 4141 1121 4197 der
1145 4141 1261 4210 goldnen
1285 4145 1370 4199 Bulla:

188 4219 195 4243 “·
219 4211 316 4267 Ι011110
335 4226 446 4280 regnum
463 4215 489 4267 in
515 4227 543 4267 so
568 4215 677 4268 diuisum
701 4211 872 4277 desolabitur,
899 4227 959 4266 nam
985 4213 1068 4280 prinei
1089 4227 1117 4266 es
1141 4213 1198 4264 eius
1223 4211 1284 4267 laeti
1310 4217 1369 4267 sunt

215 4268 298 4334 ‘socii
316 4279 398 4334 lurum
415 4286 465 4336 eto.
491 4281 591 4350 Lupold
608 4279 678 4333 lratte
696 4279 766 4334 wolrl
784 4279 880 4334 antheil
897 4295 930 4334 an
950 4281 1033 4334 daran
1051 4227 1197 4347 adussero
1233 4270 1254 4350 ζ
1458 4333 1463 4366 ¹

1150 4358 1464 4445 1101110100--
