3096 4882
481 205 584 250 arrrrs
605 205 740 252 5555555
761 205 814 250 555
835 206 949 252 sareas.
1209 177 1275 247 201

218 345 247 402 8.
269 339 397 414 Ludwig
423 340 592 402 rdmiscber
618 340 712 415 konig
738 339 874 400 schreibt
902 338 970 400 dem
1001 340 1109 414 graden
1138 340 1282 404 Wilbelnr

270 438 329 485 uon
350 420 492 500 Helland,
514 420 586 482 dass
608 439 642 484 er
662 422 719 484 auf
735 421 891 500 plingsten
911 423 942 482 in
962 420 1091 482 llailand
1108 423 1281 485 551515155-

269 504 378 566 1151515
407 505 537 580 gckrbnt
565 504 689 566 worden
715 502 778 564 und
809 503 880 564 dass
909 519 943 564 er
971 504 1184 579 unverziiglich
1213 522 1282 567 zum

268 587 411 664 emplang
432 585 486 647 des
507 586 712 647 kaiserlicbeu
732 585 956 648 diademsnacb
968 585 1043 646 Rom
1059 589 1141 648 seiue
1153 587 1281 648 55151115

269 668 370 747 icuke,
392 667 454 730 und
476 667 596 730 lordcrt
616 669 671 729 ibn
692 667 747 729 auf
764 685 803 729 zu
824 666 1017 746 verbindern,
1039 666 1111 728 dass
1123 667 1178 729 der
1189 672 1280 746 papst

270 749 318 811 die
345 750 522 825 geldsteuer
549 750 633 811 nicbt
659 749 794 829 erbalte,
824 748 872 811 die
898 764 1011 810 55555
1033 749 1279 812 derniedcrliln-

267 831 395 894 disoben
422 832 629 908 gelstlicbkeit
657 849 695 894 zu
722 833 855 895 erbebcu
884 831 1098 908 beabsicbtigt.
1139 832 1279 912 blailand,

270 915 348 976 1327
370 917 433 976 iuni
454 916 503 976 20.

216 1039 409 1110 Ludovious
435 1040 488 1109 dei
509 1044 616 1128 gratia
631 1041 850 1113 Romanorum
868 1063 936 1135 rex,
957 1063 1088 1134 semper
1103 1048 1278 1130 augustus

143 1140 326 1229 Spectabili
347 1142 419 1208 viro
438 1141 617 1210 Wilbelmo
643 1145 753 1210 comiti
775 1143 963 1236 Hollandie,
991 1161 1110 1213 sooero
1131 1143 1278 1212 55515-

142 1241 285 1330 rissimo,
312 1241 451 1325 gratiam
469 1245 562 1307 s‘uam
579 1247 612 1309 et
629 1258 727 1310 omne
748 1241 881 1311 bonum.
928 1243 1004 1311 Non
1030 1249 1063 1311 te
1083 1261 1124 1311 55
1139 1242 1276 1332 1515551,

142 1357 210 1426 quc
235 1340 465 1407 universorum
490 1343 654 1430 provisor,
683 1342 738 1428 qui
764 1348 884 1411 cuncta
903 1348 1002 1431 prout
1021 1343 1093 1410 vult
1111 1342 1278 1428 gubernat

142 1436 274 1506 ordinat
288 1444 322 1506 51
341 1435 498 1527 disponit,
526 1437 568 1508 dc
584 1442 708 1508 nostris
731 1439 947 1528 processibus
973 1441 1171 1509 miraculose
1187 1457 1277 1527 quo-

140 1535 224 1605 tidie
252 1541 425 1627 operatur,
453 1542 520 1604 tam
546 1538 644 1606 nobis
672 1557 770 1626 quam
797 1542 924 1607 5555115
950 1541 1076 1607 5551515
1103 1540 1218 1606 amicis
1245 1543 1278 1606 51

139 1634 295 1704 lidelibus
322 1636 437 1724 procul
464 1634 565 1704 dubio
592 1637 732 1706 lelioitor
756 1638 936 1726 profutura.
987 1639 1060 1706 Tibi
1088 1655 1169 1723 orgo
1196 1643 1276 1704 tan-

140 1752 241 1822 quam
265 1740 381 1803 nostro
409 1735 652 1824 specialissimo
680 1743 713 1805 et
739 1739 844 1806 nostri
870 1737 1007 1806 horroris
1032 1754 1072 1804 ao
1097 1736 1183 1804 sacri
1209 1737 1276 1802 im-

140 1835 226 1923 perii
253 1832 445 1904 fidelissimo
472 1833 611 1903 zelatori
639 1836 866 1922 significamus
873 1890 883 1928 ,
918 1834 1007 1924 quod
1034 1835 1145 1904 divina
1170 1835 1277 1920 gratia

138 1930 308 2000 mediante
342 1933 430 2001 oiroa
465 1936 574 2001 omnia
601 1942 721 2003 nostra
755 1938 892 2023 negotia
927 1943 992 2002 tam
1018 1936 1051 2003 in
1076 1932 1277 2002 Lumbardia

138 2049 241 2120 quam
257 2032 293 2099 in
313 2032 482 2100 Tuscania
499 2032 637 2102 feliciter
653 2034 895 2104 habundamus.
928 2033 1012 2102 Nam
1028 2034 1276 2102 coronationem
1303 2056 1355 2096 55

138 2135 289 2198 nostram
314 2132 349 2198 15
376 2130 429 2198 die
455 2137 574 2200 555515
600 2139 817 2222 55515555155
843 2151 932 2202 5555
956 2135 1112 2221 preterito
1138 2131 1276 2200 Medio·-
1311 2109 1343 2163 3¹

137 2229 209 2296 lani
233 2247 307 2297 oum
330 2231 432 2298 multa
456 2230 634 2300 festivitate
653 2237 842 2322 peregimus
866 2241 900 2302 51
918 2231 1157 2301 celebravimus
1178 2231 1277 2299 exbi-

138 2327 218 2395 bitis
253 2327 404 2397 omnibus
440 2329 741 2419 sollempnitatibus
778 2332 900 2401 debitis
935 2338 967 2400 51
1003 2332 1187 2399 555555115.
1238 2328 1276 2396 15

139 2445 210 2514 qua
241 2427 338 2496 nobis
365 2428 564 2497 adstiterunt
587 2432 679 2499 multi
705 2433 875 2521 principes
903 2431 1074 2499 seculares
1102 2435 1135 2496 et
1160 2429 1276 2496 55515-

139 2527 280 2616 siastioi,
307 2543 370 2594 555
392 2545 460 2596 555
487 2530 625 2598 comites
650 2531 794 2599 barones
818 2549 857 2598 ao
881 2531 1028 2598 universi
1057 2530 1159 2596 totius
1182 2527 1276 2594 115115

138 2631 173 2693 51
200 2625 322 2693 155515
351 2633 384 2694 51
411 2627 547 2695 aliarum
572 2631 835 2719 provinciarum,
863 2635 897 2696 51
922 2629 1093 2696 multarum
1117 2632 1276 2694 terrarum

137 2728 173 2792 51
199 2725 366 2793 civitatum
392 2725 596 2816 sollempnes
626 2729 906 2818 ambassiatores,
942 2727 997 2815 qui
1028 2725 1126 2794 nobis
1155 2725 1275 2792 multas

134 2821 357 2893 honorantias
377 2830 525 2914 tempore
544 2825 633 2895 dicte
651 2829 879 2896 coronationis
900 2832 1014 2896 555155
1031 2824 1275 2914 impenderunt,

134 2922 296 3008 homagia
311 2921 478 2992 lidelitatis
492 2929 719 3018 prestiterunt,
740 2945 802 2994 sua
817 2932 850 2994 51
866 2944 904 2994 55
920 2924 1137 2994 reddiderunt
1152 2924 1276 2992 nostris

134 3022 274 3091 monitis
302 3028 335 3090 51
359 3024 521 3092 voluntati
557 3043 691 3114 semper
716 3026 902 3094 benevolos
930 3031 963 3093 et
988 3031 1135 3113 paratos.
1185 3023 1278 3092 Ultra

133 3120 202 3189 155
236 3121 349 3189 omnia
381 3123 526 3212 populus
565 3121 734 3193 Romanus
767 3125 809 3192 ad
841 3125 953 3192 urbem
988 3141 1047 3211 pro
1082 3121 1277 3211 accipienda

135 3236 266 3288 corona
300 3227 415 3290 nostra
446 3221 568 3290 ibidem
601 3241 664 3291 nos
699 3224 909 3294 concorditer
944 3227 1064 3290 evocat
1091 3228 1124 3290 et
1148 3222 1276 3311 invitat,

133 3324 171 3387 51
187 3320 301 3407 ipsum
321 3318 500 3389 adventum
519 3329 667 3390 nostrum
686 3324 737 3391 sie
752 3324 862 3392 multis
880 3323 1031 3410 suspiriis
1050 3327 1085 3390 et
1101 3320 1276 3389 alleotibus

133 3416 318 3508 desiderat,
348 3419 437 3506 quod
464 3419 506 3488 ad
532 3422 637 3509 ipsam
665 3421 779 3490 urbem
806 3440 903 3510 quam
930 3439 988 3510 pro
1011 3427 1102 3489 certo
1129 3422 1192 3488 iam
1211 3420 1276 3487 ba-

132 3517 275 3606 bemus,
313 3521 347 3583 51
380 3536 441 3586 555
479 3525 635 3608 tanquam
671 3521 777 3590 idelis
812 3527 929 3590 nostra
964 3527 997 3588 51
1029 3520 1116 3588 55551
1150 3519 1276 3607 imperii

134 3633 270 3704 sponsa
298 3618 455 3686 55511555
481 3625 663 3710 exspectat,
691 3638 752 3710 pro
780 3618 1063 3709 apprehendendo
1089 3617 1276 3685 diademate

132 3715 300 3804 imperiali
326 3715 515 3785 immediate
542 3737 683 3804 gressus
718 3725 853 3788 nostros
887 3737 960 3787 oum
993 3735 1116 3803 magna
1143 3721 1176 3783 et
1201 3714 1275 3782 lorti

132 3820 289 3903 potentia
304 3814 577 3886 certitudinalitcr
592 3817 784 3904 dirigemus.
811 3819 852 3887 Et
864 3818 916 3886 his
930 3818 1003 3886 Deo
1020 3816 1163 3906 propitio
1180 3831 1275 3882 oom-

131 3913 236 4003 pletis
264 3912 324 3980 tibi
353 3922 386 3981 et
412 3915 484 3982 aliis
512 3918 638 3985 nostris
666 3919 791 4007 5551515,
820 3919 1015 4004 cunctisque
1041 3915 1128 3982 sacri
1150 3914 1276 4001 imperii

133 4010 306 4102 fidelibus,
334 4031 473 4100 quorum
496 4034 635 4102 regnum
658 4017 756 4085 nobis
778 4016 936 4086 divinitus
956 4014 1109 4082 traditum
1137 4013 1274 4102 exstitit,

131 4113 247 4180 omnis
274 4114 369 4200 pacis
397 4119 430 4180 et
456 4112 617 4201 refrigerii
641 4114 757 4183 umbra
784 4122 817 4183 et
843 4115 1089 4201 tranquillitatis
1117 4110 1276 4200 splendor

132 4211 255 4300 procul
283 4211 385 4282 dubio
411 4213 445 4279 in
472 4213 590 4282 virtute
616 4213 726 4283 valida
754 4215 933 4284 elucescet.
976 4213 1026 4282 De
1050 4229 1139 4281 5555
1164 4217 1274 4281 autom
1339 4203 1343 4214 '
