3002 4880
281 131 327 202 26
594 160 738 208 cuaomcn
759 161 796 205 na
817 160 916 206 ersus
936 159 1105 206 rnrrcrrun.

281 297 415 367 tandem
448 315 522 384 curn
556 315 597 366 eo
622 316 739 386 paoem
766 303 799 366 61
825 297 1037 366 concordiam
1063 299 1217 366 inierunt.
1268 299 1308 367 Et
1333 301 1405 386 quia

281 398 361 467 utile
387 414 456 465 non
483 402 535 465 est
560 396 718 465 recedere
743 397 785 465 ab
812 399 928 487 amico,
956 397 1047 484 quod
1074 403 1107 465 61
1133 395 1237 465 duces
1262 399 1406 465 Bawarie

282 497 489 584 experientia
507 495 704 587 didicerunt,
725 498 782 582 qui
799 515 819 564 a
835 514 917 582 rege
932 502 1144 564 recesserunt
1154 497 1229 563 etin
1242 495 1408 584 dampnum
1488 547 1489 596 p

281 613 378 664 snum
392 595 582 663 inconsulte
601 596 674 664 aliis
687 594 890 684 prhrcipibus
906 594 1121 686 adheserunt,
1140 602 1175 663 et
1188 596 1267 680 quia
1285 597 1408 662 vexatio
1488 597 1489 630 ³

283 693 341 763 dat
366 694 570 762 intellectum
597 693 738 784 auditui,
774 699 895 782 postea
919 696 1104 783 penitentia
1129 693 1236 784 ducti,
1264 696 1348 762 sicut
1372 692 1409 760 ud

283 795 422 861 amicum
435 846 444 883 ,
473 792 515 861 ad
541 809 655 880 regem
682 792 844 883 redeunt,
879 799 913 861 et
940 793 1067 861 firmata
1092 794 1178 862 inter
1204 809 1241 859 se
1267 810 1350 881 pace
1375 809 1409 860 ao

284 892 555 962 reconciliatione
592 891 696 983 lacta,
732 892 843 960 ablata
876 890 978 960 leoda
1004 911 1023 959 a
1049 909 1130 978 rege
1165 893 1283 959 iterum
1318 909 1410 959 recc-

282 997 412 1081 perunt.
1159 1029 1161 1032 -

358 1088 516 1158 Posthec
540 1089 629 1157 nube
654 1089 834 1177 preliorum
860 1089 1011 1181 depulsa,
1039 1089 1203 1157 serenitas
1221 1090 1314 1177 pacis
1334 1087 1411 1156 redit
1489 1105 1490 1108 ’

285 1194 320 1257 61
353 1189 515 1256 securitas
552 1192 586 1255 ct
619 1188 838 1276 tranquillitas
872 1190 966 1277 pacis
998 1205 1059 1277 per
1085 1193 1187 1256 totam
1212 1184 1411 1255 Alemaniam

284 1293 499 1376 propagatur.
526 1285 594 1355 Sed
621 1293 655 1354 61
680 1306 739 1356 rex
765 1287 911 1356 subactis
939 1293 974 1355 et
997 1287 1155 1372 mitigatis
1182 1287 1322 1354 inimicis
1349 1287 1411 1354 suls

280 1390 350 1472 iam
376 1384 418 1453 de
444 1386 711 1475 prosperioribus
738 1386 950 1455 successibus
972 1384 1185 1473 jocundatur,
1213 1389 1247 1452 ct
1262 1403 1337 1453 oum
1350 1389 1412 1469 jam

283 1485 386 1554 vellet
422 1487 520 1553 etiam
557 1487 729 1572 quiescere
770 1491 850 1574 post
882 1486 1053 1576 laborem,
1089 1502 1147 1552 cor
1180 1485 1263 1573 eius
1299 1483 1411 1552 ardore
1490 1489 1491 1508 *

285 1584 472 1654 ambitionis
498 1585 632 1652 nhnium
657 1584 902 1675 inflammatum,
929 1586 1037 1673 ipsum
1064 1585 1237 1670 quiescere
1264 1600 1334 1651 non
1366 1583 1412 1650 si-

282 1701 380 1774 nens,
408 1689 507 1752 nacta
533 1685 712 1752 occasione
738 1690 855 1752 contra
882 1701 996 1770 regem
1021 1682 1181 1751 Bohcmie
1199 1681 1413 1750 Wenezlaum

283 1782 451 1870 quondam
476 1783 712 1851 consobrinum
739 1801 851 1872 suum,
883 1785 988 1851 virum
1016 1783 1173 1869 optimum
1199 1784 1233 1848 et
1257 1780 1413 1850 illustris·

282 1883 418 1971 simum,
453 1881 543 1946 illum
569 1886 664 1968 parat
689 1881 851 1949 bellorum
877 1881 1028 1970 pondere
1054 1878 1214 1969 fatigare,
1249 1897 1312 1967 pro
1341 1880 1412 1968 qul-

281 1977 423 2048 busdam
457 1978 574 2046 insulis
610 1995 649 2046 ao
684 1981 865 2068 provinciis
900 1979 1141 2067 pertinentibus
1168 1977 1211 2046 ad
1235 1976 1413 2047 Romanum

282 2080 470 2166 imperium,
499 2097 582 2164 quas
609 2080 682 2165 ipse
710 2086 743 2146 et
768 2085 864 2166 pater
890 2096 972 2146 suus
1000 2075 1168 2146 Otahhrus
1195 2084 1337 2145 eatenus
1363 2079 1414 2144 in-

282 2179 369 2244 iuste
404 2178 439 2244 in
466 2193 529 2243 sua
555 2182 732 2244 tenuerunt
758 2182 937 2264 potestate.
988 2176 1049 2244 llla
1082 2177 1217 2263 inquam
1247 2174 1289 2243 de
1318 2193 1415 2244 causa

282 2276 416 2344 molitur
449 2293 522 2342 cum
550 2293 591 2343 6ο
617 2276 760 2363 preliari.
813 2275 882 2345 Sed
907 2280 944 2344 ut
968 2275 1071 2343 lentur
1097 2275 1160 2342 hec
1188 2276 1325 2344 occasio
1351 2291 1415 2342 non

283 2373 345 2442 luit
369 2376 501 2442 sincera
521 2373 582 2442 sed
609 2373 704 2443 salsa.
730 2373 875 2442 Volebat
898 2377 984 2442 onim
1009 2383 1127 2464 ipsum,
1156 2373 1414 2459 suffragantibus

284 2474 347 2542 sibi
372 2472 600 2563 perfidissimis
628 2475 778 2564 supanis,
805 2475 939 2542 omnino
967 2472 1009 2541 de
1036 2489 1141 2558 regno
1169 2472 1349 2540 extrudere
1365 2470 1415 2540 vel

285 2575 382 2641 otiam
416 2572 610 2663 deturbare,
644 2578 678 2640 et
707 2573 784 2641 loco
817 2574 889 2641 eius
923 2591 1024 2641 unum
1055 2571 1097 2640 de
1129 2571 1204 2639 filiis
1238 2573 1311 2638 suis
1338 2589 1416 2660 prc-

203 2679 271 2733 1361
285 2673 384 2740 licere
418 2672 472 2741 val
499 2673 696 2758 subrogare.
733 2670 831 2741 Unde
858 2671 999 2740 collecto
1026 2669 1145 2756 grandi
1173 2672 1323 2739 exercitu
1347 2671 1416 2738 Bo-

200 2761 423 2840 ειῧΜ’1161111616
450 2772 550 2840 intrat
577 2776 610 2838 et
635 2776 746 2839 vastat
770 2789 843 2838 eam
868 2769 1025 2838 incendio
1052 2775 1085 2837 61
1110 2771 1236 2858 rapina.
1263 2768 1334 2838 Sed
1352 2786 1417 2837 non

283 2869 425 2959 proiecit
449 2869 493 2936 ibi
521 2868 689 2955 quomodo
716 2869 901 2956 cogitabat;
936 2869 1107 2937 laboriosa
1138 2875 1192 2936 est
1218 2869 1305 2935 enim
1334 2873 1418 2934 terra

285 2974 320 3036 ct
351 2968 620 3054 inexpugnabilis
652 2967 693 3035 ab
727 2971 875 3054 antiquo.
925 2968 1064 3054 Legitur
1096 2969 1184 3034 enim
1212 2969 1247 3034 in
1273 2968 1417 3054 antiquis

284 3066 449 3134 chronicis
485 3065 575 3152 quod
617 3066 822 3135 Wenczlaus
863 3066 932 3135 dux
971 3065 1130 3134 Bohcmie
1171 3065 1285 3134 habuit
1320 3082 1418 3132 unum

284 3165 418 3233 iratrem
442 3165 635 3233 Bolezlamn
661 3167 805 3234 nominc.
844 3165 906 3233 Hic
931 3165 1110 3234 Bolezlaus
1138 3170 1255 3232 contra
1280 3181 1418 3250 germa-

284 3283 362 3333 num
389 3282 483 3331 suum
510 3264 747 3354 Wenczlaum‚
781 3270 933 3332 sanctum
962 3266 1084 3352 virum,
1121 3263 1199 3332 odio
1233 3265 1418 3331 concitatus

285 3362 428 3432 sathana
451 3364 633 3449 instigante
651 3362 772 3431 occidit
798 3381 882 3452 eum,
910 3368 946 3430 ut
971 3367 1130 3448 regnaret
1153 3379 1215 3451 pro
1242 3379 1293 3430 eo.
1322 3359 1420 3441 Quod

286 3480 360 3530 oum
385 3459 462 3528 lecit
480 3460 635 3529 ducatum
654 3461 815 3530 Bohcmie
835 3461 898 3530 sibi
915 3459 1041 3529 nelarie
1059 3478 1237 3551 usurpans,
1265 3459 1419 3527 Wenez-

285 3562 359 3630 laus
393 3561 518 3649 proprii
551 3563 726 3646 sanguinis
762 3560 926 3628 allusione
960 3563 995 3627 in
1031 3566 1181 3628 eternum
1218 3565 1419 3646 regnaturus

285 3679 346 3750 pro
379 3661 518 3727 terrenis
554 3660 692 3727 celestia
727 3660 946 3727 commutavit.
999 3657 1095 3726 Unde
1123 3656 1203 3726 Otto
1229 3660 1419 3746 imperator,

286 3778 360 3828 cum
395 3760 603 3847 percepisset
638 3763 704 3826 tam
737 3757 927 3826 horribilem
954 3776 1066 3825 casum
1093 3756 1213 3826 lactum
1239 3758 1273 3823 in
1298 3756 1419 3824 Bobe-

286 3861 350 3926 mia
381 3859 467 3925 inter
502 3857 651 3925 eiusdem
684 3863 769 3924 terre
795 3858 964 3945 principes
992 3863 1027 3924 et
1057 3873 1253 3944 germanos,
1282 3856 1419 3943 stupent,

286 3964 320 4026 ct
351 3957 543 4025 dilationem
576 3974 644 4023 non
679 3955 789 4024 lercns
824 3961 982 4044 properat
1015 3957 1187 4022 innoxium
1220 3955 1422 4039 sanguinem

284 4055 465 4146 vindicare,
492 4062 526 4124 et
552 4055 694 4124 collecto
729 4056 876 4122 exercitu
902 4055 1093 4123 Bolezlaum
1124 4071 1215 4121 reum
1242 4053 1420 4136 sanguinis

285 4154 395 4223 valide
420 4154 548 4224 invadit
571 4156 694 4244 pariter
720 4159 754 4222 61
779 4154 960 4242 impugnat.
988 4153 1058 4222 Sed
1079 4151 1217 4221 darrante
1235 4152 1291 4220 lito
1310 4152 1421 4238 ipsum
