3028 4878
265 169 339 239 too
481 211 485 218 ·
598 197 744 245 renunes
764 196 976 244 ncroarrrusrs.
1011 196 1036 256 5,
1056 197 1079 247 5.

184 347 250 402 1325
265 337 356 405 lavit.
398 333 451 405 Ab
482 335 541 404 illo
574 342 724 423 ternpore
760 341 794 404 ot
817 337 853 403 in
885 334 1047 423 reliquum
1083 339 1156 403 orta
1181 337 1235 402 est
1261 331 1393 421 quadan
1496 409 1497 422 p

267 435 399 504 aversio
426 436 513 502 inter
537 434 752 504 Ludewiounr
779 439 814 501 et
838 452 951 521 regern
978 433 1147 502 Bobenia.
1181 429 1282 500 Aliud
1306 432 1392 500 buius
1496 439 1497 492 s

266 535 450 602 aversionis
471 535 682 601 seminarium
697 535 813 623 extitit,
841 535 919 620 quia
944 533 1011 600 lrlia
1036 530 1195 600 Iohannis
1222 532 1393 599 rnarobioni
1496 577 1497 628 3

265 632 390 701 tradita·
411 631 577 700 lllisnensi
603 631 645 699 ad
671 638 795 719 patrem
823 633 1007 718 revertitur,
1035 635 1069 698 ot
1093 636 1192 718 pacta
1214 647 1315 717 super
1338 629 1394 697 boo
1496 651 1497 674 ³

265 731 379 799 habita
404 736 482 799 sunt
508 732 629 798 soluta.
668 731 749 798 Filia
781 732 902 798 etenirn
932 728 1107 799 Ludowioi
1133 729 1315 797 marobioni
1339 745 1393 796 so·
1496 805 1497 810 Ἰ

267 832 381 918 oiatur,
410 834 442 896 et
467 829 635 896 lohannes
662 829 834 917 plurimum
860 828 1061 915 indignatur.

340 927 526 996 Friderious
552 932 661 996 autern
678 929 713 994 in
737 927 836 996 dono
864 933 898 995 et
917 927 1062 996 dominio
1084 942 1146 994 suo
1168 925 1262 993 titulo
1281 926 1395 1011 regalis

267 1028 411 1095 nominis
438 1029 548 1114 utitur,
575 1025 674 1092 niohil
703 1033 819 1094 eontra
844 1026 1061 1095 Ludewioum
1088 1025 1198 1092 anirno
1226 1030 1280 1091 est
1304 1024 1395 1092 noli·

269 1132 333 1215 tua,
362 1127 472 1212 quiete
497 1127 627 1213 vivens
654 1127 780 1209 gratias
807 1125 872 1195 deo
900 1117 1396 1216 agens1‚ulteriusprelian0u
1496 1159 1497 1218 3

269 1242 442 1314 exercens,
469 1225 559 1292 iuxta
587 1222 676 1310 quod
703 1223 781 1290 dioit
807 1222 957 1292 Oratius:

366 1372 445 1392 ...
472 1376 480 1390 .
506 1327 608 1413 „post
634 1323 757 1391 Punioa
782 1323 870 1391 bella
897 1319 1064 1425 quietus.“

202 1507 207 1520 ’
268 1525 320 1593 lle
344 1524 432 1593 obitu
456 1525 602 1594 Heiurtot
627 1531 660 1594 et
691 1526 849 1612 Leupoldi
883 1530 1017 1612 durorum,
1048 1527 1251 1613 oppositione
1278 1524 1398 1593 Ottouis
1496 1593 1497 1604 ¹

366 1628 484 1692 contro
506 1626 642 1710 fratrea
669 1630 701 1692 et
724 1624 831 1693 teresi
855 1626 1053 1696 Adumtuuu.
1259 1625 1342 1710 Cup.
1365 1624 1400 1691 ui.

187 1785 254 1840 1326
341 1761 440 1834 Anno
462 1765 585 1834 donnini
601 1767 812 1834 mobonnai.
830 1766 1016 1836 Friderious
1043 1767 1150 1834 tristia
1168 1764 1286 1833 nuntia
1303 1783 1399 1834 aooe-
1496 1771 1497 1814 3

177 1870 258 1910 arra.
268 1863 315 1950 pit
340 1863 428 1951 apud
454 1870 597 1932 oastrurn
622 1863 815 1950 Indanburg
841 1867 1004 1954 existens·
1029 1865 1160 1933 iratrern
1187 1882 1284 1932 suum
1311 1864 1399 1932 Leu—
1496 1927 1497 1934 ,

268 1960 403 2050 poldunr
430 1980 472 2029 ex
498 1962 563 2030 boo
589 1962 703 2030 seoulo
732 1963 859 2031 soilioet
886 1968 1081 2050 emigrasse.
1115 1963 1160 2046 0,
1186 1963 1313 2051 inquit,
1337 1965 1400 2030 duo
1496 1953 1497 2040 ἶ

268 2060 402 2140 dueum,
427 2061 537 2146 plotio
562 2062 709 2142 rnilitum,
746 2063 842 2128 timor
866 2066 899 2129 et
923 2069 1031 2130 terror
1055 2061 1217 2140 bostium
1243 2079 1262 2127 o
1284 2062 1401 2146 putria,
1496 2075 1497 2138 3

266 2175 440 2243 permane,
474 2160 572 2226 docus
597 2159 778 2246 amputare,
813 2161 897 2227 tuter
928 2179 1042 2248 repunt
1065 2161 1153 2242 filios
1179 2161 1335 2244 temporis
1361 2161 1402 2226 tut
1496 2163 1497 2222 ξ

268 2257 394 2323 decor!
421 2257 463 2324 Et
479 2257 602 2325 eiulatu
622 2259 764 2325 maximo
791 2258 992 2348 exclamans,
1013 2260 1089 2347 pilis
1107 2260 1248 2325 iniciens
1269 2277 1400 2327 manus:

271 2354 358 2441 Ouid
381 2354 475 2422 ubiubi
500 2358 568 2423 tout
592 2357 699 2424 oluere
719 2357 872 2442 proderit
889 2361 919 2425 te
937 2357 1132 2425 subtracto?
1167 2356 1256 2443 (lutd
1274 2375 1326 2424 mo
1345 2358 1401 2423 de-

268 2453 410 2520 solutum
434 2457 468 2520 tu
492 2454 585 2523 butus
610 2455 711 2522 securo·
734 2454 882 2537 (luctibus
907 2457 1090 2542 reliquisti?
1124 2455 1269 2523 Transiit
1295 2461 1400 2524 autern
1496 2505 1497 2550 p

267 2552 301 2619 in
327 2549 512 2638 Argentina
546 2553 651 2641 pridie
679 2553 743 2620 kal.
769 2555 892 2643 martii,
919 2554 1031 2642 ibique
1058 2556 1091 2621 in
1117 2555 1232 2621 rnaiori
1260 2553 1400 2621 ooolesia
1496 2551 1497 2630 l

269 2668 429 2718 urniorum
458 2670 592 2720 suorunr
617 2653 763 2737 insignia
794 2653 827 2719 in
854 2657 1000 2720 eternam
1027 2654 1217 2720 rnernoriarn
1244 2658 1322 2720 sunt
1346 2652 1400 2718 lo-
1496 2647 1497 2718 l

269 2754 352 2838 eata,
379 2751 414 2817 in
441 2749 689 2838 Campo-Regis
717 2769 788 2817 ourn
815 2752 933 2837 regina
951 2756 1053 2820 rnatre
1071 2769 1132 2820 sua
1148 2751 1318 2838 sepelitur.
1343 2749 1402 2817 llio

271 2864 344 2915 oum
363 2849 557 2916 exoollentis
580 2851 729 2938 eorporis
751 2847 812 2916 sed
831 2850 927 2934 agilis
948 2851 1043 2926 rniles
1070 2848 1139 2938 luit,
1167 2850 1266 2918 animi
1292 2848 1400 2935 magni

270 2947 304 3013 et
329 2945 439 3013 oordis
465 2946 629 3036 intrepidi,
658 2949 744 3014 siout
770 2946 894 3015 Statius
922 2947 1001 3016 dioit
1027 2947 1069 3017 de
1096 2946 1230 3036 Tydeo:

368 3045 499 3133 „Maior
523 3047 557 3111 in
585 3047 709 3130 exiguo
737 3046 898 3132 regnabat
925 3064 1063 3136 oorpore
1089 3043 1220 3115 virtus“

270 3159 367 3229 quern
393 3142 557 3210 Hornerus
584 3146 743 3212 rninorenr
771 3161 921 3234 corpore,
949 3145 1010 3214 sed
1030 3147 1127 3214 armis
1149 3145 1256 3212 luisse
1284 3145 1403 3216 asserit
1496 3135 1497 3170 f

269 3238 448 3310 fortiorem.
480 3243 521 3310 Et
548 3241 678 3310 Soneoa
704 3243 796 3310 dioit:
829 3243 951 3333 „Exire
976 3250 1091 3334 potest
1117 3244 1158 3313 do
1184 3245 1298 3313 hunrili
1325 3263 1402 3312 oor-

269 3339 342 3426 pori
370 3345 401 3406 et
427 3338 566 3408 daiorrni
593 3343 720 3409 animus
748 3359 933 3426 generosus
961 3348 994 3412 et
1020 3361 1173 3432 magnus,
1200 3362 1265 3412 noo
1287 3342 1403 3412 doior-

270 3437 380 3505 nitate
408 3440 555 3526 eorporis
583 3443 712 3508 animus
740 3437 946 3508 deludatur.“
979 3441 1068 3530 Papa
1085 3441 1265 3532 lohanneS,
1292 3441 1404 3510 audita
1496 3485 1497 3512 r

269 3540 372 3604 niorto
399 3555 470 3626 sua,
497 3537 694 3625 probitatem
721 3539 792 3607 eius
820 3545 852 3606 et
878 3545 973 3607 aotus
1000 3540 1259 3632 commendans,
1286 3541 1404 3609 dieitur

271 3632 431 3704 doluisse.
465 3633 558 3704 Duas
575 3636 659 3704 filias
682 3637 830 3724 reliquit5
860 3656 995 3724 quarum
1013 3658 1112 3706 unarn
1128 3644 1207 3727 post
1229 3653 1404 3708 exoossurn
1496 3699 1497 3704 ,

168 3805 170 3808 ,
271 3735 414 3801 omniurn
442 3732 575 3802 iratrurn
601 3732 757 3803 Albertus
785 3735 852 3804 dux
877 3737 910 3802 in
928 3738 1109 3828 Franoiarn,
1137 3738 1273 3806 alteram
1290 3740 1321 3805 in
1337 3737 1402 3803 Po·
1496 3743 1497 3798 t

269 3831 391 3900 lonianr
424 3832 579 3902 nobiliter
605 3835 774 3902 rnaritavit.
816 3834 891 3902 Hoo
916 3853 1005 3904 anno
1031 3835 1236 3906 Ludowious
1264 3841 1401 3905 vocatus
1496 3845 1497 3858 ¹

271 3937 324 3997 est
350 3932 591 4096 adquibusdaru
620 3933 661 4002 de
686 3932 902 4024 Lombardia,
935 3938 968 4002 et
994 3935 1076 4004 olarn
1102 3954 1140 4005 so
1168 3935 1331 4026 disposuit
1359 3925 1402 3997 ad
1496 3911 1497 3938 ³

269 4029 376 4098 intran
402 4050 466 4098 nrn.

305 4201 336 4267 l)
355 4203 451 4269 gratias
469 4203 518 4259 deo
537 4219 618 4274 agens
635 4207 669 4262 ist
687 4213 774 4277 spiter
792 4210 990 4267 durobstrioben.
