3096 4882
468 189 531 234 run.
552 190 674 236 nussam
696 189 857 237 nucerinus
878 191 943 236 aar.
1205 162 1273 230 tii

142 326 328 404 confratres
351 327 414 396 sibi
436 329 621 397 cardinales
644 327 771 415 delegit
798 334 1065 417 conventumque
1092 331 1273 424 constituit,
1295 341 1361 395 1328

143 445 218 495 cum
238 427 358 514 quibus
379 426 495 495 faciem
510 427 723 518 pontificatus
743 434 776 495 et
789 431 917 518 papalis
932 429 1038 497 induit
1054 432 1249 501 maiestatis

214 527 316 594 Fama
332 528 381 594 rei
402 527 498 596 huius
520 545 579 616 per
595 529 786 595 universnm
806 528 918 595 orbem
943 529 1080 615 vulgata
1099 547 1275 616 quoscun-

142 643 208 712 que
236 643 279 693 ex
304 627 392 695 omni
417 632 510 712 parte
544 625 753 694 christicolas
783 625 826 694 ad
852 626 1056 696 diversarum
1083 630 1275 717 opinionum

142 722 255 791 studia
282 726 468 815 concitauit,
496 725 672 812 scissaque
700 731 752 792 est
778 724 880 792 icrme
906 728 1013 796 omnis
1039 729 1074 794 in
1091 726 1174 795 duas
1191 747 1275 816 par·-

141 827 193 890 tes
221 823 456 891 christianitas.
499 825 577 892 Pars
598 841 665 891 una
685 826 917 913 imperatorem
937 827 1174 914 imperiumque
1191 846 1274 916 pre-

141 919 218 989 ierri
232 921 404 1011 affectans,
419 940 538 1010 papam
545 922 704 991 loannem
721 923 948 993 detestabatur
957 924 1047 1012 quod
1056 925 1098 994 ad
1112 925 1274 1014 dampna-

141 1022 268 1088 tionem
288 1020 450 1089 Ludovioi
474 1023 570 1088 nimis
588 1039 729 1110 preceps
751 1023 911 1114 irruisset,
939 1024 1185 1111 hereticumque
1212 1026 1274 1092 sub

141 1120 243 1188 nimio
260 1121 357 1186 animi
375 1128 467 1188 motu
483 1125 582 1207 atquc
600 1120 734 1189 fulmine
751 1121 896 1207 quodam
911 1125 1175 1213 pronunciasset,
1202 1123 1275 1192 no-

140 1217 226 1286 berti
252 1220 342 1304 regis
369 1237 480 1287 amore
508 1224 541 1288 et
567 1219 714 1311 obtentu,
742 1238 840 1306 quem
866 1239 935 1288 non
962 1223 1024 1289 sub
1046 1224 1170 1291 iustitie
1187 1241 1274 1310 equo

140 1316 332 1409 libramine,
366 1317 427 1385 sed
460 1318 678 1406 subpartioli
705 1321 942 1406 superstitione
969 1320 1114 1408 foveret,
1143 1339 1216 1390 cum
1243 1327 1275 1390 ct

141 1416 250 1503 ipsum
275 1417 465 1505 partiarium
491 1423 692 1508 assererent,
719 1435 788 1486 uon
811 1437 905 1485 suam
930 1421 1146 1512 pertinaciam
1171 1423 1275 1509 partis

139 1515 194 1582 cui
220 1515 400 1584 adheserat
422 1517 557 1605 proprio
584 1534 641 1584 ore
670 1518 914 1606 succelantem,
941 1517 1018 1585 dum
1045 1537 1126 1606 sepe
1153 1525 1187 1586 at
1213 1538 1274 1588 sa-

138 1614 216 1702 pius
241 1631 327 1682 voce
354 1615 536 1684 Gibellinos
564 1613 801 1705 detestaretur,
828 1616 933 1682 laicos
958 1619 1134 1704 partiarios
1160 1619 1274 1686 imita-

139 1716 206 1802 tuS,
233 1713 343 1782 nullos
370 1713 413 1782 ad
438 1714 623 1804 prelaturas
642 1714 829 1804 admittens,
858 1732 942 1802 quos
962 1715 1168 1802 Gibolengos
1190 1735 1273 1805 pre-

139 1812 276 1882 scisset.
318 1809 458 1898 Alioque
485 1813 684 1904 obiciebant,
712 1812 937 1900 quodminus
964 1815 1112 1900 legitime
1137 1815 1181 1882 ad
1206 1833 1274 1903 pa-

137 1914 254 2000 patum
288 1911 469 2000 productus
496 1918 529 1979 et
552 1914 625 1999 ipsc
661 1912 809 1980 eiusdem
836 1911 970 1980 licherti
1001 1913 1115 1982 favore
1142 1914 1272 2004 fuisset,

138 2027 210 2078 non
227 2010 428 2079 confratrum
444 2010 656 2078 cardinalium
670 2013 806 2099 optione
824 2017 1021 2101 spontanea.
1047 2009 1156 2098 Atque
1176 2015 1275 2080 ctiam

137 2109 244 2177 virum
278 2111 523 2179 contentiosum
554 2111 704 2200 aiebant,
739 2110 830 2199 qnod
864 2129 924 2200 pcr
958 2113 1133 2180 universas
1160 2110 1273 2201 partes

137 2207 233 2276 Italic
252 2207 411 2276 seandala
430 2215 463 2278 et
481 2208 642 2277 bellorum
669 2225 787 2277 causas
809 2216 842 2277 et
861 2210 1049 2297 specialiter
1063 2212 1149 2280 inter
1167 2210 1274 2280 Lom-

137 2305 263 2376 bardos
290 2309 462 2399 movisset,
490 2315 739 2376 sacrosanctam
766 2309 942 2375 ecclesiam
967 2311 1002 2376 in
1029 2309 1218 2378 discrimina
1242 2316 1275 2377 et

137 2406 288 2494 pericula
322 2406 426 2475 ardua
459 2408 633 2497 traxisset,
662 2425 800 2494 quorum
831 2407 956 2494 nullum
981 2425 1126 2494 unquam
1154 2410 1274 2478 conci-

138 2505 267 2573 liasset.
311 2505 401 2574 Scire
417 2507 526 2595 ipsum
541 2507 617 2574 lites
635 2504 885 2593 discordiasque
906 2507 1078 2596 suscitare,
1106 2524 1174 2574 non
1190 2525 1273 2576 con-

139 2603 264 2672 cordiis
299 2604 428 2674 sedare.
478 2604 544 2672 Res
571 2622 706 2692 quoque
732 2604 775 2672 ad
808 2622 845 2672 sc
872 2605 926 2672 vcl
952 2604 1166 2693 pontificatus
1194 2605 1274 2672 nih*

138 2704 225 2770 cium
251 2704 383 2772 minime
410 2705 617 2792 pertinentes
644 2721 830 2793 assumere,
857 2720 925 2770 non
952 2709 1144 2771 contentum
1170 2706 1273 2794 spiri-'

138 2801 309 2893 tualibus,
346 2805 554 2871 sacrosancti
587 2804 714 2891 imperii
748 2801 995 2870 iurisdictiones
1027 2807 1273 2892 oomtempnere

137 2901 343 2991 improbare,
375 2903 428 2968 ius
462 2903 635 2970 electionis
672 2920 713 2969 ex
742 2899 938 2969 Alamannia
963 2903 997 2968 in
1022 2902 1192 2970 branciam
1218 2902 1273 2971 vel

137 2999 266 3067 Italiam
286 3000 462 3068 transferre
480 3002 550 3091 niti,
578 3007 611 3068 et
628 3001 749 3069 multos
769 3019 942 3069 sermones
964 3001 1096 3070 habere.
1136 3001 1274 3091 Semper
1355 3051 1357 3056 -

138 3099 321 3186 inquietam
341 3099 516 3167 ecelesiam
532 3105 681 3167 sanctam
702 3100 763 3168 sub
780 3100 843 3168 hoc
859 3118 956 3188 papa,
983 3119 1151 3186 nunquam
1173 3105 1273 3188 quie-

138 3202 206 3265 tam
232 3197 425 3266 habituram.
466 3198 544 3267 Pars
559 3198 664 3266 altera
678 3200 801 3267 iustum
818 3204 968 3268 sanctum
985 3217 1105 3286 equum
1131 3193 1288 3288 sapien?

138 3297 304 3364 tissimum
337 3315 376 3364 ao
401 3298 693 3366 clementissimum
719 3295 830 3365 dicere
856 3299 981 3387 vinum,
1016 3300 1272 3367 scientissimum

137 3395 384 3485 philosophum,
412 3402 445 3464 et
471 3414 566 3464 sacre
593 3396 764 3484 theologie
788 3399 992 3487 magistrum,
1021 3397 1139 3484 quibus
1166 3395 1270 3466 virtuss

136 3494 226 3563 tibus
253 3500 288 3562 et
313 3496 463 3562 scientiis
488 3495 657 3586 imbutum,
684 3502 844 3583 tyrannos
871 3495 974 3564 odiro.

214 3591 288 3674 Quo
309 3596 415 3682 pestis
436 3612 495 3682 per
516 3611 557 3662 ca
581 3599 731 3682 tempora
752 3601 855 3663 totam
875 3594 975 3662 ferme
996 3595 1122 3663 ltaliam
1140 3600 1173 3662 et
1188 3612 1271 3682 prc-

139 3693 254 3760 sertim
285 3691 518 3761 Lomhardiam
552 3693 706 3761 Tusciam
740 3692 990 3762 Romandiolam
1025 3700 1057 3762 et
1091 3693 1272 3761 biarchiam

135 3791 318 3859 invaserat.
360 3789 433 3880 Qui,
462 3793 660 3880 contemptis
686 3793 759 3860 Deo
786 3799 820 3860 et
845 3793 989 3881 Sanctis,
1018 3809 1132 3860 sacras
1157 3792 1271 3858 eccle·

137 3891 219 3980 siaa,
247 3891 378 3958 scilicet
402 3891 616 3979 episcopatus
640 3890 792 3958 abbatias
815 3894 978 3979 prioratus
1003 3897 1036 3958 ct
1054 3907 1271 3978 quascunque

134 3991 235 4059 etiam
261 4007 459 4075 magnorum
484 3995 704 4078 proventuum
729 3985 916 4080 basilicas¹,
945 4007 1041 4078 quos,
1067 3995 1104 4057 ut
1128 3986 1271 4078 populos

133 4094 306 4178 vorarent,
341 4089 377 4155 in
409 4089 507 4156 armis
533 4089 630 4156 bellis
665 4093 699 4157 et
732 4088 933 4177 quotidianis
966 4106 1128 4157 armorum
1153 4090 1272 4157 usibus

169 4212 202 4278 1)
220 4216 382 4282 occuparunt
399 4213 500 4268 scheint
517 4227 548 4266 zu
566 4211 662 4268 lehlen.
739 4247 741 4252 -

170 4311 300 4354 nonnunn
319 4312 422 4353 ronnas
440 4309 463 4353 1.
1042 4300 1074 4353 12
