3028 4878
447 152 571 196 insonui
593 153 840 198 esesnnbndnnffls
862 153 1008 196 blesensis

158 290 280 379 Vides,
309 290 399 378 quod
426 290 547 358 Ytalioi
571 306 623 358 me
651 296 813 376 spernunt
839 288 1039 379 deridendo,

159 389 202 458 Et
235 389 306 456 suis
334 407 395 477 pro
421 389 525 476 lybito
551 389 702 475 tyrannis
729 387 917 456 serviendo.

158 487 232 556 Hee
259 485 388 555 31131133
414 489 553 575 patriam
579 486 753 554 Germania
781 487 997 575 contingunt,
1262 559 1274 575 ,

161 585 229 654 Sed
256 585 298 654 ad
325 587 385 654 has
411 583 657 673 propulsandas
683 583 805 669 gladiis
833 601 870 652 se
896 602 965 652 non
992 587 1139 672 pingunt.

160 683 241 752 Cum
269 686 311 751 sit
337 686 417 752 iuris
445 685 591 770 gentiam
617 685 753 771 patriam
780 681 974 772 (1313113313,

158 783 196 850 ln
223 801 275 850 me
301 783 373 850 iura
399 784 505 870 patrie
532 799 600 849 non
626 787 741 849 eurant
767 799 977 849 conservare.

157 879 265 949 Annis
291 882 469 969 plusquam
496 881 688 967 quingentis
715 897 789 948 eum
816 881 866 948 eis
891 879 1054 972 habitavi,

116 980 119 986 '
158 979 323 1067 Ipsosque
351 979 534 1048 honoribus
560 979 661 1048 variis
688 978 882 1068 sublimavi,

157 1075 209 1146 Ao
236 1079 386 1166 triumphi
411 1079 540 1166 plurimi
566 1095 625 1165 per
650 1095 702 1146 me
729 1083 807 1146 sunt
833 1079 882 1144 313
910 1077 994 1166 dati,

158 1177 221 1244 Pro
247 1176 309 1244 hiis
336 1176 506 1245 benefieiis
532 1193 621 1244 nune
646 1175 744 1244 miehi
770 1181 847 1244 sunt
872 1177 1004 1262 ingrati.
1055 1260 1056 1263 Ἴ

159 1271 211 1342 Ob
236 1275 301 1344 hoo
327 1274 472 1344 honores
499 1273 596 1344 datos
623 1273 780 1343 deberem
806 1292 964 1343 revoeare

156 1374 199 1442 111
234 1373 415 1462 adportes
442 1375 524 1442 alias
552 1372 668 1440 sedem
694 1390 802 1442 meam
827 1372 958 1462 looare,
1069 1421 1072 1428 .

159 1471 228 1540 Sed
254 1471 362 1541 adhue
388 1491 439 1540 rne
467 1471 602 1540 retrahit
626 1476 798 1559 parentum
825 1469 909 1538 fides
936 1474 1046 1562 grate,

117 1567 120 1570 ’
158 1570 196 1638 ln
222 1572 304 1640 meis
331 1573 475 1640 servitiis
503 1571 680 1658 sepissime
705 1567 880 1658 probata.“

232 1767 303 1834 Hee
331 1766 408 1835 durn
435 1769 530 1853 virgo
559 1768 710 1836 sublimia
738 1765 918 1854 prudenter
943 1769 1137 1857 peroravit,

157 1866 260 1934 bliehi
286 1866 417 1934 tandem
444 1865 578 1934 firmiter
605 1869 654 1934 sio
680 1865 823 1934 dieendo
849 1863 1033 1933 mandavit:

155 1965 230 2054 „Ex
256 1964 333 2032 fidei
360 1964 484 2052 debito,
512 1983 578 2050 quo
606 1965 703 2032 miehi
730 1965 908 2052 obligaris,

66 2062 67 2066 ’
156 2063 326 2151 Principes
354 2069 388 2130 31
413 2061 544 2130 nobiles
572 2064 755 2132 Germanos
783 2063 983 2152 alloquaris,

156 2161 200 2228 Ut
224 2160 353 2230 honore
381 2161 503 2229 debito·
520 2160 681 2249 deineeps
708 2179 759 2230 me
787 2161 971 2249 honorent,

155 2259 206 2328 Ex
231 2267 353 2345 gentes
381 2261 535 2328 finitimas
561 2260 721 2330 redueere
746 2260 899 2327 laborent

156 2355 208 2426 Ad
235 2376 342 2426 meum
367 2358 556 2446 servitium,
583 2375 695 2444 aquo
722 2361 985 2427 retrocesserunt

155 2457 197 2524 Et
223 2457 296 2525 zelo
325 2456 478 2544 superbie
505 2473 557 2523 me
583 2455 708 2545 pridem
735 2455 948 2543 reliquerunt

156 2555 309 2623 Germani
334 2555 439 2644 primo
466 2554 589 2621 bonnm
615 2571 788 2622 oomrnune
814 2562 1078 2644 prosequantur,

153 2653 196 2722 Et
222 2670 264 2721 ex
289 2653 355 2721 hoo
381 2653 482 2720 multa
507 2651 596 2720 bona
622 2653 750 2740 privata
776 2660 1036 2740 consequantur.
1239 2729 1241 2733 ⁸

153 2751 278 2820 Horum
304 2757 417 2839 patres
444 2750 520 2819 dum
547 2752 669 2818 bonurn
696 2767 867 2818 oommnne
894 2752 1116 2839 protulerunt,

153 2850 217 2918 Per
243 2868 294 2916 me
321 2855 401 2916 tune
428 2849 561 2916 divitias
587 2850 756 2916 inmensas
784 2848 979 2917 habuerunt.

153 2948 347 3016 lnmitentur
374 2966 455 3033 erga
481 2965 533 3014 me
561 2947 668 3014 srdern.
685 2953 812 3034 patrum
841 2965 994 3036 suorum,

152 3047 196 3114 Et
219 3046 282 3114 hos
309 3045 352 3113 ad
379 3063 524 3114 summos
552 3045 671 3113 dnoarn
698 3047 763 3112 oito
790 3045 915 3130 gradus
941 3044 1114 3113 honorum.

152 3143 240 3232 Ipsis
266 3144 405 3212 subdam
432 3144 587 3232 populos,
616 3145 672 3231 qui
699 3161 758 3211 eos
785 3143 1073 3232 parvipendunt,

152 3240 204 3310 Ao
229 3259 280 3309 me
307 3242 540 3330 multiplieibus
567 3241 695 3308 iniuriis
723 3239 905 3309 offendunt.

48 3359 50 3364 ·
154 3339 223 3408 Sed
250 3342 279 3407 si
303 3341 470 3429 preoeptis
497 3342 580 3407 meis
607 3338 671 3406 hiis
697 3340 816 3407 nolunt
842 3339 996 3430 obedire,

152 3439 220 3506 Fae
246 3456 306 3506 eos
332 3440 496 3506 veraeiter
523 3455 566 3505 ex
590 3442 684 3526 parte
710 3455 784 3504 11133
810 3439 913 3527 33113,

153 3532 251 3614 Quod
274 3536 319 3628 ,ad
346 3542 481 3622 gentem
508 3536 604 3603 aliern
631 3537 673 3602 in.
691 3535 783 3603 brevi
810 3536 1074 3624 transmigrabo,

126 3629 127 3632 ’
153 3633 195 3701 Ε1
221 3633 334 3702 sedem
360 3635 417 3702 ubi
444 3633 509 3702 deo
535 3634 696 3721 plaouerit
720 3634 851 3702 looabo.

151 3731 221 3800 Eos
248 3734 335 3800 iuste
362 3731 525 3820 deseram,
553 3732 609 3818 qui
635 3748 687 3799 me
715 3731 952 3820 deseruerunt,

151 3830 254 3899 lmrno
282 3849 347 3918 qne
374 3831 436 3898 sim
463 3837 497 3897 et
522 3829 630 3916 qualis
657 3831 742 3897 seire
770 3847 839 3897 non
865 3833 1072 3896 ouraverunt.

150 3926 345 4018 Attendant‚
381 3926 471 4015 quod
498 3946 518 3995 a
544 3926 658 3996 Greois
685 3933 863 4015 postquem
889 3945 942 3994 me
968 3926 1164 4014 absentari,

148 4027 275 4096 Horum
302 4045 344 4095 ex
370 4032 448 4093 tune
474 4025 620 4093 honores
648 4031 681 4094 et
706 4028 793 4094 vires
820 4026 991 4093 minoravi.

148 4126 332 4195 Germanos
359 4123 500 4192 reddant
524 4123 667 4212 dampna
693 4124 871 4192 Greeornm
899 4123 1066 4191 oautiores
1228 4122 1295 4190 tes
