3096 4882
259 207 331 276 rou
622 239 690 285 rura
712 239 819 286 nuncu
844 238 952 294 uunnrr
974 239 1034 284 rur.

172 387 236 440 tarr
257 377 480 467 pugnavimus
524 377 638 463 sepius
678 375 799 444 dictura
835 383 987 446 eastrunr.
1034 376 1160 445 lbidern
1204 392 1247 444 ex
1282 377 1406 444 nostris

259 477 350 544 multi
377 473 508 542 larerunt
534 476 695 543 vulnerati
709 469 730 544 ¹.

182 615 238 654 rua.
333 566 439 642 Post²
465 573 704 661 aliquantulum
730 575 890 663 tc'rnporis
916 573 1085 642 lebannes
1112 591 1171 642 rex
1198 577 1231 639 et
1257 569 1399 638 Karalus

258 676 292 741 in
314 674 483 742 Boeotiam
501 671 634 740 luerunt
650 675 785 742 reversi.
820 673 861 742 Et
886 691 945 741 rex
970 673 1139 742 lohannes
1167 671 1277 739 tocius
1305 670 1401 756 regni

260 772 588 840 administracionern
630 772 763 840 tradidit
801 775 835 839 in
871 788 989 840 manus
1024 772 1154 861 Karou,
1193 771 1256 838 hac
1291 774 1400 836 tannen

261 870 459 939 condicione
494 871 711 963 interposita,
748 871 839 958 quod
872 873 946 960 ipsa
981 871 1123 938 Karalus
1158 869 1296 938 deberet
1327 869 1401 954 regi

259 970 400 1038 Iohanni
416 971 562 1057 quinque
590 971 678 1038 inilia
704 969 876 1058 deperata
901 971 1043 1059 pecunia
1065 968 1231 1058 ordinare,
1260 972 1294 1035 et
1310 966 1403 1053 qood

260 1073 333 1158 ipse
362 1087 419 1136 rex
445 1067 614 1136 lohannes
641 1087 709 1138 non
735 1069 873 1138 deberet
898 1067 982 1137 inira
1008 1069 1095 1137 duos
1123 1085 1231 1136 annos
1256 1065 1298 1134 ad
1327 1085 1403 1134 na-

260 1167 407 1236 nendunr
440 1168 474 1234 in
508 1169 678 1236 Boemiam
712 1172 846 1258 venire,
874 1185 938 1236 nec
963 1167 1048 1236 inira
1080 1167 1202 1237 dietunr
1230 1167 1403 1233 tenninunr

262 1267 405 1354 aliquaur
438 1269 614 1352 pecuniam
642 1286 661 1335 a
689 1285 794 1354 reguo
829 1267 1011 1356 postulare.
1053 1267 1149 1335 Hauc
1177 1264 1310 1352 quidem
1335 1282 1405 1352 pe-

178 1375 245 1428 rere
261 1367 391 1433 cuniam
418 1365 481 1432 sibi
497 1384 556 1453 per
572 1365 728 1434 Karalunr
747 1367 897 1435 celeriter
917 1367 1138 1453 conquisitam
1155 1366 1296 1454 accepit,
1316 1372 1350 1432 et
1369 1365 1404 1431 in

182 1459 242 1498 Ἣ·
261 1465 431 1533 Francianr
455 1466 608 1534 secessit.
635 1465 716 1535 Post
738 1469 833 1534 cuias
856 1482 1026 1535 recessum
1052 1465 1195 1533 Karalus
1212 1463 1352 1532 feliciter
1371 1469 1406 1531 et

261 1565 343 1631 satis
360 1562 564 1632 industriose
591 1567 687 1650 regni
709 1568 819 1652 gessit
844 1563 1081 1652 gubernacula,
1110 1570 1144 1632 et
1170 1581 1303 1650 queque
1330 1562 1404 1630 dis-

176 1701 179 1706 *
259 1664 368 1751 sipata
393 1669 427 1730 et
452 1663 611 1732 distracta
637 1663 827 1736 revocando
854 1665 888 1732 in
915 1669 1036 1733 statura
1063 1663 1209 1732 debiturn
1236 1661 1406 1751 disposuit

259 1779 299 1830 ao
324 1761 463 1830 reduxit.

179 1879 246 1934 rara
332 1862 498 1950 Expiratis
526 1863 638 1949 itaque
665 1861 805 1930 duorum
839 1882 1010 1952 annorum,
1039 1862 1127 1929 sieut
1154 1876 1253 1948 supra
1279 1858 1405 1928 dictum

177 1964 241 2004 nov.
260 1964 328 2047 est,
357 1961 546 2050 curriculis,
574 1971 634 2030 rex
658 1961 826 2031 lebannes
861 1979 1018 2032 reuersus
1045 1963 1082 2027 in
1107 1960 1297 2048 Boenriarn‚
1325 1957 1404 2026 dis-

259 2060 373 2146 posuit
405 2078 480 2126 ounr
511 2059 653 2149 Karolc,
687 2066 723 2127 ut
754 2080 821 2129 una
855 2080 973 2130 versus
998 2054 1179 2151 [Prassiam
1212 2059 1403 2150 transirent,

259 2163 374 2225 contra
400 2157 571 2226 Litwanos
597 2161 787 2246 pugnaturi.
834 2159 994 2229 Celeriter
1020 2176 1105 2245 ergo
1133 2157 1176 2227 ad
1202 2158 1289 2224 viam
1314 2175 1403 2246 pro-

178 2258 381 2324 ruascuratis
412 2259 617 2325 necessariis
626 2310 636 2347 ,
672 2257 902 2328 Vratislavian
939 2261 1156 2347 transierunt,
1193 2272 1260 2343 quo
1296 2259 1401 2326 ctiam

183 2356 315 2423 llll·ren
350 2356 513 2446 organa,
548 2373 662 2424 comes
701 2356 878 2427 Hollandie
913 2365 947 2427 et
978 2357 1092 2447 plures
1126 2357 1180 2424 alii
1212 2355 1400 2449 prinoipeS‚

254 2455 473 2546 marchiones
501 2456 605 2524 duces
630 2463 662 2524 et
682 2458 772 2525 rnulti
793 2460 856 2524 viri
878 2458 1082 2546 spectabiles
1109 2458 1143 2523 iu
1171 2454 1291 2525 eodern
1310 2473 1398 2543 prc-

257 2555 386 2644 positc,
415 2554 456 2622 de
483 2555 626 2625 dirersis
653 2555 767 2623 rnundi
795 2557 945 2645 partibus
974 2562 1212 2625 convenerunt.
1252 2555 1297 2622 lis
1323 2557 1400 2624 ita-

260 2671 324 2739 que
350 2656 384 2722 in
411 2654 612 2723 Vratislavia
644 2657 881 2746 existentibus,
908 2659 994 2732 inter
1020 2657 1085 2724 alia
1111 2655 1247 2744 solatia,
1275 2655 1404 2741 quibus

258 2755 425 2842 principes
453 2755 563 2822 solent
588 2756 753 2843 insistere,
781 2755 836 2823 ille
863 2754 1003 2824 odiosus
1023 2761 1056 2823 et
1076 2753 1270 2822 furibundus
1292 2754 1404 2821 taxil-

260 2852 364 2920 lorum
390 2853 485 2921 lusus
511 2855 596 2920 inter
623 2869 683 2920 oos
711 2855 828 2922 extitit.
870 2853 907 2921 ln
934 2872 1000 2942 quo
1028 2872 1086 2922 rex
1114 2854 1258 2939 Ungarie
1286 2859 1405 2920 etco-

260 2967 331 3018 rues
366 2950 543 3019 Hollandie
584 2953 632 3020 sic
668 2951 835 3019 lerventer
867 2953 1020 3021 luserunt
1054 2954 1219 3042 invicem,
1254 2958 1290 3020 ut
1324 2953 1405 3040 ipse

261 3066 375 3116 comes
402 3051 435 3116 in
463 3068 542 3136 rege
569 3056 748 3119 sexcentos
776 3049 921 3120 lloreucs
947 3053 1138 3120 lucraretur.
1165 3051 1215 3118 De
1235 3067 1301 3138 qao
1319 3049 1404 3120 duur

261 3147 381 3215 dictunr
416 3167 527 3235 regern
563 3148 755 3216 iracundum
791 3156 824 3218 et
857 3152 1080 3220 turbulentum
1113 3149 1243 3218 videret
1273 3149 1406 3220 habere

261 3249 424 3338 anirnuur,
456 3254 565 3316 nrctus
592 3249 804 3317 vehementia
830 3255 863 3317 et
898 3251 1066 3336 arroganti
1092 3250 1220 3338 animo,
1248 3251 1406 3337 prorupit

260 3347 294 3412 in
329 3346 391 3414 heo
423 3349 539 3415 verba:
574 3347 608 3414 0
629 3349 758 3416 domine
788 3366 868 3433 rec,
902 3351 1086 3417 adrandum
1118 3352 1183 3431 eat,
1209 3349 1299 3433 quod
1321 3365 1401 3417 cum

254 3447 416 3530 priacepr
446 3450 513 3520 loru
546 3447 737 3534 mcpuficur
766 3448 854 3532 dds,
881 3450 1089 3516 carcerare
1114 3465 1198 3516 curo
1223 3445 1402 3515 abtrodcre

295 3643 324 3706 t)
342 3642 411 3696 Nacb
439 3643 548 3696 Beness.
572 3642 642 3696 barte
666 3643 725 3696 llari
751 3645 825 3698 seina
849 3644 938 3700 leinde
962 3644 1002 3698 bis
1027 3646 1133 3700 clemen
1158 3644 1207 3710 (ob
1229 3641 1404 3708 Euandro

258 3709 406 3777 Labeoni)
425 3710 537 3777 verlolgt
564 3711 617 3765 und
645 3711 716 3765 wire
742 3715 811 3767 dann
834 3728 879 3767 zar
904 3714 1062 3783 belngerung
1086 3728 1138 3768 ron
1156 3711 1234 3767 Gdrtz
1250 3713 1404 3780 zurdelrge-

257 3779 350 3845 lrebrt‚
374 3795 416 3830 wc
440 3781 488 3832 der
509 3779 639 3848 patriarch
664 3780 789 3835 Bertrand
811 3797 864 3834 van
888 3784 960 3851 Aglei
986 3783 1033 3836 aul
1051 3781 1232 3836 weibnaebten
1251 3781 1294 3835 die
1312 3795 1404 3836 messe

257 3849 292 3900 ina
316 3848 435 3901 barnisclr
460 3850 505 3900 lar.
532 3847 578 3902 llit
603 3851 739 3902 letrterern
764 3852 861 3904 stimnrt
883 3852 948 3905 auch
977 3851 1023 3906 das
1050 3852 1145 3906 Cbron.
1173 3849 1252 3904 Leob.
1279 3848 1403 3905 iibereiu.

258 3917 289 3978 2]
309 3915 366 3969 Von
394 3915 450 3969 bier
468 3931 499 3970 an
519 3916 617 3985 spricbt
633 3917 765 3985 marlagral
781 3918 842 3971 llarl
865 3919 934 3973 nicht
957 3921 1029 3974 rnebr
1050 3936 1102 3973 ron
1121 3918 1176 3972 sich
1194 3920 1221 3971 in
1239 3917 1285 3971 der
1303 3922 1401 3973 ersten

256 3998 362 4052 person,
382 3985 495 4038 sondern
516 3998 544 4038 es
563 3985 628 4038 wird
646 4001 699 4040 ron
718 3987 771 4040 ibrn
787 3988 814 4040 in
834 3986 880 4041 der
897 3991 1010 4044 zweiton
1030 3987 1204 4058 gesprocbon.
1239 3987 1312 4041 Auclr
1329 3988 1402 4056 zeigt

258 4053 299 4105 die
325 4054 512 4119 vergleiehang
535 4055 580 4106 urit
608 4055 666 4106 dern
691 4056 793 4108 rierten
817 4055 901 4109 buobe
926 4057 973 4112 des
1000 4057 1099 4111 Beness
1117 4069 1170 4109 ron
1188 4055 1316 4120 Wertrnil‚
1335 4057 1401 4110 lass

259 4121 347 4173 dieser
372 4123 413 4174 eiu
439 4122 659 4187 vollstindiperes
684 4125 818 4193 exemplar
836 4125 883 4178 der
907 4125 968 4181 Vita
985 4125 1073 4180 llarcli
1090 4137 1139 4178 ror
1157 4124 1211 4178 sich
1233 4124 1308 4178 batte.
1344 4123 1400 4178 llas

258 4189 379 4256 fulgenda
407 4191 439 4242 iu
463 4191 518 4244 also
543 4205 591 4243 nur
614 4193 656 4245 ein
682 4206 777 4259 auszug
804 4192 849 4246 dos
873 4195 1006 4261 originale,
1025 4194 1140 4264 welcber
1157 4205 1243 4262 gagen
1262 4191 1308 4248 das
1326 4193 1400 4248 endo

256 4257 330 4312 nicht
348 4259 442 4312 oinrnal
461 4259 657 4326 eleonologiseb
676 4262 806 4327 geordoet
822 4262 863 4314 ist.
