3028 4878
446 200 588 248 rorantes
609 201 816 248 rncrunrnusrs.
851 202 875 265 5,
893 202 916 253 5.
1187 176 1256 246 399

118 337 237 406 oseulo
265 337 431 428 conciliat,
458 355 519 426 por
542 344 640 426 pacta
667 340 885 410 subiectionis
906 347 939 410 et
958 341 1160 410 obeditionis
1187 341 1339 414 ira-1325

118 442 188 504 tros
215 437 377 526 implioat,
403 441 441 505 ut
465 438 648 524 imperialia
679 439 828 525 insignia
859 443 1032 510 restituant
1060 446 1093 509 et
1119 443 1278 527 regnum

118 535 259 622 amplius
294 553 362 603 non
396 535 577 604 ollendant.
618 534 744 616 Quibus
779 542 924 626 peraotis
951 540 1000 606 sio
1026 540 1090 607 sibi
1115 541 1256 608 invicem

117 634 408 724 conglutinantur,
435 635 523 702 siout
549 634 717 721 quondam
742 635 900 706 Ionathas
927 643 1026 726 atque
1053 638 1170 706 David.
1204 635 1256 706 Ab

6 793 8 796 .
115 731 181 798 hoo
213 732 396 800 iuramento
428 752 517 821 papa
546 733 760 803 Friderioum.
779 736 967 805 absolutum
999 736 1152 805 reddidit.
1187 736 1257 804 Sed

116 830 173 897 ille
200 829 277 897 fidei
302 830 480 899 intendens
507 832 650 900 nexibus
677 836 855 922 reeusavit,
884 836 1016 904 dioens:
1042 834 1105 902 boe
1128 836 1259 902 bound

116 929 299 996 decentium
320 931 504 1016 principum
523 934 708 1015 periinere,
734 936 766 998 et
789 934 877 1020 vulpi
901 936 1132 1018 improperium
1152 951 1256 1018 posse

115 1026 302 1095 nullatenus
319 1023 513 1096 declinaret
539 1029 726 1100 Friderious
744 1028 912 1101 Austriam
933 1050 1098 1122 reversus,
1120 1034 1256 1100 intonsa

116 1123 239 1215 barba,
272 1127 329 1193 rix
362 1129 517 1214 oognitus
551 1130 704 1218 anotiS,
739 1131 924 1200 inmensum
959 1131 1118 1218 gaudium
1149 1131 1256 1200 attulit

115 1241 292 1292 univorsrs
401 1281 403 1286 ,

189 1320 263 1391 Hoo
282 1340 369 1390 anno
386 1323 417 1388 in
437 1323 639 1426 monasterio
665 1322 815 1393 Rumonsi
840 1327 874 1392 in
901 1325 1007 1394 Stiria
1026 1331 1156 1395 torrens
1172 1345 1255 1414 par-

115 1419 234 1509 vuluS,
269 1422 325 1509 qui
352 1420 393 1488 do
420 1423 542 1490 vertice
570 1424 729 1490 montium
755 1423 840 1514 lluit,
868 1424 1162 1494 vehementissimo
1188 1427 1255 1492 im-

113 1526 197 1608 petu
231 1537 269 1587 so
303 1519 457 1610 resolvit,
494 1526 527 1587 et
553 1518 754 1590 densissima
778 1521 1020 1614 inundacione,
1051 1523 1144 1608 ligna
1172 1540 1255 1592 saxa

112 1618 315 1705 gravissima
348 1619 462 1685 seeum
496 1618 648 1709 traberna,
682 1637 795 1690 muros
821 1620 995 1710 soindens,
1030 1622 1139 1688 omnia
1164 1639 1252 1709 pene

111 1716 313 1806 babitaouta,
339 1719 585 1805 monasterium,
613 1719 767 1788 ambitum
795 1724 829 1789 et
854 1726 982 1788 oeteras
1009 1719 1161 1788 oldoinas
1187 1737 1253 1787 us-

113 1832 180 1903 que
209 1815 251 1883 ad
278 1833 467 1882 mensuram
494 1817 527 1883 in
555 1816 758 1886 altitudinem
778 1824 919 1907 quatuor
944 1819 999 1886 vel
1022 1818 1168 1904 quinque
1188 1836 1253 1885 ou-

110 1912 256 1982 bitorum
278 1915 471 2005 permeavit,
499 1921 532 1982 et
551 1916 696 2001 vestigia
719 1918 752 1984 in
774 1919 875 1985 muris
892 1916 1089 1984 intersibilia
1109 1916 1251 2006 reliquit,

110 2013 218 2081 libros
246 2014 373 2080 armarii
401 2016 434 2080 et
460 2015 652 2081 monasterii
678 2033 746 2083 non
773 2015 907 2085 sedavit.
939 2014 1037 2095 Quod
1060 2032 1128 2082 non
1148 2015 1252 2100 longe

110 2116 193 2201 post
219 2112 253 2178 in
285 2112 640 2180 monasterio'sanote
667 2111 781 2182 Cruois
809 2116 842 2182 in
868 2111 1003 2183 Austria
1029 2114 1126 2182 simili
1151 2113 1251 2183 modo

111 2210 234 2279 dioitur
255 2201 451 2279 aotitatum².

187 2308 262 2377 Hoo
288 2314 436 2397 tempore
462 2306 631 2377 lohannes
658 2327 717 2378 rex
743 2310 903 2378 Bohemio
931 2311 1097 2378 civitatem
1114 2307 1252 2378 Meten-

111 2425 185 2476 sem
208 2399 368 2497 obsedit³,
395 2409 512 2476 vineas
536 2406 733 2496 devastavit,
761 2411 962 2476 munitiones
984 2409 1101 2476 oivium
1130 2409 1252 2477 oircum

110 2510 281 2577 civitatem
302 2506 458 2595 plurimas
477 2504 608 2589 deiecit,
634 2506 778 2594 plateam
802 2526 900 2575 unam
926 2508 960 2574 in
986 2505 1144 2576 suburbio
1171 2506 1252 2574 lon-

109 2625 190 2694 gam
216 2622 325 2694 usque
357 2607 400 2673 ad
428 2606 570 2672 divitatis
600 2605 792 2672 tendentem
818 2607 988 2675 introitum
1015 2607 1251 2672 concremavit.

108 2706 237 2775 Habuit
271 2721 386 2772 seeum
418 2703 597 2792 episcopos
632 2704 871 2772 Treverensem
897 2704 1105 2792 blotensem,
1133 2702 1252 2770 duoem

107 2803 349 2894 Lothoringie,
385 2803 538 2870 comitem
572 2793 791 2870 Barrensem4
823 2809 856 2870 et
888 2803 1048 2870 inlinitum
1083 2803 1252 2890 populum.

107 2903 306 2973 Novissime
340 2899 550 2968 oonoordatis
586 2901 713 2968 oivibus
749 2903 963 2990 extrinseois,
996 2905 1132 2990 propter
1165 2915 1250 2986 quos

45 2993 47 2996 ’
107 3006 269 3091 venerat,
297 3017 371 3068 oum
397 2999 607 3089 intrinseois,
635 2999 843 3069 obsidionem
874 3001 994 3090 solvit,
1021 3016 1087 3067 non
1115 2998 1251 3067 multum

108 3101 268 3188 gaudens
288 3097 330 3167 de
345 3098 615 3166 reoonoiliationo
641 3100 725 3166 inter
744 3098 959 3167 Ludewioum
986 3103 1018 3165 ot
1040 3097 1251 3166 llriderioum.

106 3201 152 3269 Et
177 3199 321 3269 audiens
347 3197 605 3265 marohionatum
629 3196 987 3282 Brandenburgonsem
1015 3195 1057 3263 ad
1083 3197 1251 3284 imperium

109 3299 318 3387 devolutum,
344 3301 510 3385 properat,
527 3295 709 3364 Ludewioo
728 3297 899 3384 insistens,
925 3301 962 3362 ut
979 3297 1069 3362 iuxta
1087 3297 1253 3382 promissa

106 3401 315 3467 memoretur
343 3413 477 3464 suorum
503 3395 672 3484 laborum,
700 3385 751 3461 et⁵
776 3395 833 3461 uni
859 3393 998 3461 filiorum
1026 3410 1161 3460 suorum
1188 3392 1251 3460 do-

106 3498 248 3564 minium
275 3494 426 3562 oonlerat
451 3492 687 3582 supradictum,
716 3510 788 3560 oum
806 3491 848 3559 ad
867 3491 955 3559 idem
976 3492 1017 3559 ab
1036 3492 1154 3558 ineolis
1171 3491 1251 3577 qui-

105 3594 255 3664 busdam
281 3592 378 3661 luerit
404 3592 599 3661 advooatus.
632 3590 702 3673 Que
726 3592 844 3678 petitio
865 3589 1018 3658 effoetum
1038 3606 1106 3656 non
1124 3588 1249 3678 habuit,

107 3685 211 3782 quia⁶
238 3692 306 3760 irlio
333 3711 395 3762 suo
427 3689 609 3759 Ludewioo
635 3689 826 3778 providerat
852 3688 893 3757 de
921 3687 1054 3775 eodem,
1083 3686 1125 3755 ad
1152 3705 1251 3775 quem

105 3791 338 3862 roborandum
373 3791 435 3860 sibi
462 3789 560 3857 filiam
586 3791 676 3875 regis
702 3788 806 3856 Daoie
832 3786 1114 3855 matrimonialiter
1139 3803 1251 3874 oopu-

143 3936 177 4000 l)
197 3933 237 3989 Ab
255 3933 305 3988 boo
324 3963 355 3973 —
375 3935 506 3988 declinare
523 3935 557 3986 ist
575 3933 693 4000 spiterer
710 3935 799 3986 zusatz
822 3932 869 3984 dos
888 3930 950 3983 veri.
1002 3929 1033 3988 2]
1052 3930 1146 3984 Dieser
1163 3929 1252 3984 absatz

104 4007 159 4061 der
172 4004 211 4071 bs.
225 4003 316 4057 wurde
334 4009 421 4071 spiter
439 4001 632 4054 durobstriohen
650 4000 702 4053 und
717 3999 781 4053 ieblt
799 3999 863 4052 auch
881 3998 949 4051 belm
963 3997 1042 4052 Leob.
1068 3997 1099 4060 3)
1118 3999 1249 4051 zweimal:

101 4076 142 4128 im
162 4075 230 4140 sept.
249 4071 317 4125 tuat
334 4071 385 4124 und
402 4074 436 4125 irn
454 4084 514 4123 nov.
532 4068 606 4122 1326.
641 4069 673 4134 d)
691 4068 778 4137 spiiter
796 4067 935 4134 gobndert:
955 4069 1091 4186 episcopos
1107 4067 1188 4120 dnoes
1201 4079 1250 4118 oo-

101 4145 188 4196 mttes
206 4145 234 4194 et
250 4137 385 4193 infinitum.
421 4141 452 4205 5)
472 4143 498 4194 et
511 4135 575 4192 loblt
591 4139 619 4191 in
638 4135 731 4191 derlrs.
744 4135 813 4191 stelit
830 4133 892 4189 abor
909 4134 977 4188 beim
995 4133 1030 4187 Le
1066 4177 1071 4189 .
1108 4134 1140 4200 6)
1158 4133 1249 4187 Lude-

101 4212 194 4266 winus
213 4209 248 4264 ist
265 4223 296 4262 zu
314 4207 456 4276 ergiinzen.
563 4251 564 4254 η
