3044 4882
459 245 608 294 rounnnrrs
628 247 840 296 rucronrrrusrs,
876 249 900 314 2,
917 248 944 302 ε.
1199 226 1269 297 323

132 389 210 451 tum.
236 379 302 464 Qui
318 385 459 454 veniens
486 357 661 454 verborum
684 386 805 457 sanctia
824 396 857 460 et
877 393 1130 482 interpositione
1146 403 1269 484 pacto-

132 499 202 550 mm
229 489 343 572 partes
369 485 585 553 amicabiliter
611 487 838 558 concordavit.
1018 579 1020 582 q

205 581 336 652 Deinde
350 580 506 654 Albanius
520 592 634 654 contra
650 589 787 656 comites
798 589 945 676 Ungarie
962 592 1113 660 Ybanum
1132 599 1166 660 et
1183 593 1269 662 lilios

131 683 205 751 cius
230 682 273 751 de
291 683 464 770 Gdzingen
490 703 580 753 armo
606 687 761 776 corripit,
787 686 976 776 frequenter
1001 698 1106 760 metas
1133 689 1269 762 dustria

131 787 165 849 ct
190 781 301 870 Styrie
328 781 562 872 depredantes.
603 783 644 851 Et
670 784 747 853 dum
774 791 952 856 exercitum
981 791 1161 860 electorum
1188 793 1268 859 mit-

129 887 216 949 teret
242 887 447 973 armatorum,
476 883 519 950 ad
534 882 674 971 prelium
698 891 751 952 est
768 885 957 978 deventum,
985 891 1018 956 in
1045 909 1113 978 quo
1139 891 1269 978 agiliter

130 989 162 1050 ei
188 981 326 1050 viriliter
356 999 399 1050 ex
430 989 572 1070 utraque
597 989 692 1070 parte
719 1002 739 1052 a
765 986 843 1052 viris
879 987 966 1055 bella
999 990 1181 1058 serentibus
1216 997 1269 1059 cst

129 1087 300 1150 certatum.
336 1079 380 1150 Et
404 1078 481 1150 dum
507 1081 569 1150 sub
597 1080 698 1151 dubio
722 1083 899 1154 admodum
921 1089 1059 1158 victoria
1085 1089 1265 1179 lloctuaret,

130 1179 255 1266 Ungari
281 1186 385 1278 artem
411 1180 561 1248 mittendi
587 1181 697 1250 iacula
722 1186 923 1271 propensius
951 1188 1113 1278 scientes,
1139 1186 1268 1257 Alberti

127 1284 254 1368 partem
272 1281 430 1348 acerrime
447 1279 694 1369 perturbabant,
713 1282 905 1352 vulneratos
925 1289 957 1352 et
971 1286 1167 1356 deficientes
1181 1306 1266 1377 oap-

128 1380 214 1448 livos
241 1395 354 1448 secum
372 1379 406 1446 in
426 1379 606 1466 Ungariam
632 1387 872 1468 pertraxerunt.
908 1380 983 1463 ouo
1011 1385 1183 1478 disirrrbio,
1210 1389 1267 1454 in-

128 1484 307 1565 teragente
321 1477 424 1547 nobili
443 1480 513 1547 viro
533 1478 676 1565 Hugone
692 1479 735 1548 de
751 1481 913 1571 louvers,
931 1483 1062 1574 sedato,
1089 1503 1150 1574 ρετ
1166 1492 1267 1574 pacta

128 1579 231 1646 mutui
252 1577 428 1654 iuvaminis
450 1578 592 1645 amicitia
613 1577 856 1649 confirmantur.
891 1582 1036 1668 Ungaris
1053 1591 1162 1652 tamen
1174 1587 1266 1653 iuxta

128 1693 225 1744 suum
251 1694 373 1746 morem
402 1680 516 1764 sepius
544 1676 776 1746 vacillantibus
803 1681 838 1747 in
862 1683 1048 1768 promissis.
1339 1680 1344 1690 ’

200 1775 290 1844 Inter
318 1774 488 1845 Albertum
515 1783 549 1844 el
580 1775 755 1846 lludollum
782 1779 1069 1869 arehiepiscopum
1096 1789 1176 1872 post
1203 1783 1266 1851 bec

126 1874 266 1962 grandis
292 1876 463 1944 altercatio
490 1881 543 1944 ast
568 1882 693 1944 exorta
733 1876 816 1946 Nam
843 1878 911 1948 dux
937 1880 1078 1968 quedam
1108 1889 1265 1951 castren

123 1975 261 2062 presule
287 1976 323 2042 in
349 1973 483 2044 lendum
509 1975 703 2066 postulavit,
730 1995 796 2064 quc
821 1981 952 2067 precise
978 1979 1130 2068 pontifex
1154 1981 1264 2050 dene-

126 2075 231 2160 gavit.
264 2071 361 2154 Quod
387 2073 483 2142 ducis
510 2072 653 2143 animum
675 2073 797 2145 ¹alllixit
823 2085 889 2146 tam
918 2081 1078 2170 grauiter,
1103 2088 1140 2148 ut
1166 2083 1265 2150 etiam

124 2191 185 2262 ρετ
194 2175 470 2243 interventionem
485 2174 620 2262 capituli
629 2173 900 2264 Saltzpurgensis
918 2179 1062 2247 animum
1073 2181 1264 2250 nullatenus

124 2274 301 2359 mitigaret.

198 2371 274 2441 lloe
295 2379 443 2462 tempore
460 2371 547 2440 inter
561 2372 693 2463 mrdtos,
716 2373 822 2460 quiin
841 2376 932 2443 curin
949 2377 1039 2463 regis
1057 2376 1264 2469 inclitabant,

124 2469 186 2539 luit
218 2472 312 2541 miles
348 2470 481 2560 quidam
518 2488 560 2538 ex
586 2473 751 2540 territorio
778 2470 950 2564 duriensi,
978 2477 1128 2544 strennui
1154 2477 1264 2546 mililis

124 2569 221 2662 lilius,
252 2573 308 2658 qui
334 2573 430 2640 miles
455 2568 654 2659 ,‚mortuus“
680 2570 861 2662 dicebatur,
889 2591 987 2659 quem
1003 2573 1177 2642 Heinricus
1197 2575 1264 2644 dux

123 2669 304 2762 llarintbie,
331 2668 517 2740 Meinhardi
541 2669 634 2738 ducis
659 2670 756 2761 lilius,
783 2672 833 2739 vir
858 2689 979 2759 magne
1006 2673 1193 2764 prudentie,
1210 2668 1263 2743 et¹

124 2767 323 2838 Clonradus
350 2770 393 2838 de
411 2767 617 2838 Ouv‘enslain
633 2777 850 2838 asseruerunt
864 2773 1041 2860 sepissime
1063 2790 1101 2840 se
1121 2773 1260 2864 vidisse,

123 2874 160 2936 et
184 2887 298 2938 secum
326 2870 494 2958 colloquia
520 2868 707 2938 miscuisse.
741 2869 841 2938 Cuius
867 2877 973 2939 mater
999 2870 1075 2939 dum
1102 2871 1261 2959 quaudo·-

123 2985 191 3055 que
216 2971 415 3059 peperisset,
442 2969 610 3036 anxietate
635 2975 750 3056 partus
779 2972 954 3058 perterrita
978 2973 1115 3040 moritur
1141 2977 1173 3040 ct
1200 2989 1260 3040 se-

122 3067 259 3160 pelitur,
286 3067 544 3156 frequenterque
578 3068 651 3136 visa
676 3072 728 3136 cst
752 3067 836 3136 inira
862 3071 1069 3138 tricenarium
1096 3069 1182 3140 diem
1208 3074 1260 3141 sui

121 3167 235 3236 obitos
260 3169 405 3257 introire,
434 3172 468 3236 ct
493 3167 606 3252 genite
631 3166 717 3255 proli
740 3167 843 3234 ubera
868 3187 929 3236 sua
956 3167 1047 3237 dare.
1080 3168 1178 3250 Quod
1192 3189 1260 3239 ‘rru-

121 3268 186 3334 trix
200 3265 243 3334 ad
264 3266 431 3337 dominum
458 3265 577 3334 detulit
603 3265 645 3334 de
671 3272 776 3335 morte
803 3267 957 3353 coniugis
983 3267 1081 3336 valde
1108 3277 1260 3338 mestum.

121 3363 204 3456 Qui,
239 3366 419 3435 observato
455 3367 527 3434 eius
561 3366 734 3456 ingressu,
762 3381 835 3434 eam
861 3367 988 3454 rapuit,
1016 3373 1050 3435 et
1075 3368 1260 3438 abscedere

120 3481 191 3534 non
216 3466 382 3556 permisit,
402 3467 542 3552 eiusque
569 3463 775 3554 amplexibus
801 3467 941 3554 amplios
959 3483 1056 3553 quam
1083 3485 1143 3554 per
1158 3467 1259 3536 bien-

120 3566 212 3632 nium
239 3582 354 3634 seeum
381 3562 605 3633 cohabitando
620 3565 761 3654 vacavit,
789 3562 942 3651 duosque
966 3564 1052 3633 filios
1070 3567 1259 3655 progenuit,

120 3681 264 3752 quorum
290 3679 379 3732 unus
407 3665 472 3732 iste
491 3664 600 3731 extitit
620 3663 730 3730 multis
750 3663 783 3730 in
802 3663 992 3731 miraculum
1021 3669 1054 3732 et
1080 3671 1260 3753 stuporem.

119 3761 220 3844 Quod
247 3765 381 3852 ponitur
405 3781 473 3832 non
498 3769 534 3829 ut
557 3760 709 3830 credatur
724 3780 784 3850 per
800 3769 948 3831 naturam
967 3763 1032 3832 hoc
1053 3781 1157 3851 posse
1179 3763 1258 3853 lieri,

120 3862 237 3931 sedut
252 3862 423 3951 multiplex
439 3862 588 3930 uersutia
611 3859 776 3929 diabolice
803 3861 928 3930 fraudis
956 3869 990 3929 et
1013 3864 1258 3952 prodigiorum,

115 3962 382 4048 illusionumquc
409 3959 642 4029 demonialium
669 3961 862 4048 illaqueatio
889 3968 1124 4046 cognoscatur.

194 4059 295 4130 Anno
319 4059 444 4129 domini
468 4060 719 4128 mcclxxxuiii.
744 4061 881 4130 meritur
905 4060 1074 4129 Honorius
1101 4079 1199 4151 papa,
1227 4068 1341 4130 otmar

115 4160 275 4230 succedit
293 4161 324 4228 ei
341 4159 500 4228 Nicolaus
520 4164 655 4246 quartus
678 4165 755 4246 post
775 4161 825 4228 sui
849 4161 1008 4228 transitus
1027 4160 1144 4229 decem
1162 4178 1260 4227 men-

154 4283 187 4346 1]
207 4286 235 4335 el
256 4281 319 4335 lebll
336 4283 363 4334 in
384 4281 431 4334 der
447 4281 485 4334 hs.

1018 4368 1072 4420 21*
