<?xml version="1.0" encoding="UTF-8"?>
<!DOCTYPE html PUBLIC "-//W3C//DTD XHTML 1.0 Transitional//EN"
    "http://www.w3.org/TR/xhtml1/DTD/xhtml1-transitional.dtd">
<html xmlns="http://www.w3.org/1999/xhtml" xml:lang="en" lang="en">
 <head>
  <title>
</title>
<meta http-equiv="Content-Type" content="text/html;charset=utf-8" />
  <meta name='ocr-system' content='tesseract 3.04.00' />
  <meta name='ocr-capabilities' content='ocr_page ocr_carea ocr_par ocr_line ocrx_word'/>
</head>
<body>
  <div class='ocr_page' id='page_1' title='image "./fontesrerumgerm02hubegoog_0164.png"; bbox 0 0 3052 4878; ppageno 0'>
   <div class='ocr_carea' id='block_1_1' title="bbox 513 177 1330 252">
    <p class='ocr_par' dir='ltr' id='par_1_1' title="bbox 513 177 1330 252">
     <span class='ocr_line' id='line_1_1' title="bbox 513 177 1330 252; baseline 0.001 -8"><span class='ocrx_word' id='word_1_1' title='bbox 513 201 628 248; x_wconf 78' lang='lat' dir='ltr'>urceum</span> <span class='ocrx_word' id='word_1_2' title='bbox 649 204 694 248; x_wconf 83' lang='lat' dir='ltr'>nn.</span> <span class='ocrx_word' id='word_1_3' title='bbox 715 203 856 250; x_wconf 87' lang='lat' dir='ltr'>nornonr.</span> <span class='ocrx_word' id='word_1_4' title='bbox 878 205 1013 252; x_wconf 79' lang='lat' dir='ltr'>arnano.</span> <span class='ocrx_word' id='word_1_5' title='bbox 1261 177 1330 246; x_wconf 80' lang='lat' dir='ltr'>tta</span> 
     </span>
    </p>
   </div>
   <div class='ocr_carea' id='block_1_2' title="bbox 181 341 1418 4184">
    <p class='ocr_par' dir='ltr' id='par_1_2' title="bbox 194 341 1415 626">
     <span class='ocr_line' id='line_1_2' title="bbox 195 341 1415 431; baseline 0.003 -23"><span class='ocrx_word' id='word_1_6' title='bbox 195 344 310 428; x_wconf 90' lang='lat' dir='ltr'>tatum,</span> <span class='ocrx_word' id='word_1_7' title='bbox 338 343 520 406; x_wconf 89' lang='lat' dir='ltr'>castrorum</span> <span class='ocrx_word' id='word_1_8' title='bbox 547 344 581 407; x_wconf 92' lang='lat' dir='ltr'>et</span> <span class='ocrx_word' id='word_1_9' title='bbox 610 341 762 408; x_wconf 86' lang='lat' dir='ltr'>villarum</span> <span class='ocrx_word' id='word_1_10' title='bbox 787 342 850 410; x_wconf 91' lang='lat' dir='ltr'>sibi</span> <span class='ocrx_word' id='word_1_11' title='bbox 876 344 1005 431; x_wconf 92' lang='lat' dir='ltr'>accepit</span> <span class='ocrx_word' id='word_1_12' title='bbox 1030 345 1145 412; x_wconf 90' lang='lat' dir='ltr'>contra</span> <span class='ocrx_word' id='word_1_13' title='bbox 1166 343 1273 412; x_wconf 89' lang='lat' dir='ltr'>Deum</span> <span class='ocrx_word' id='word_1_14' title='bbox 1298 348 1332 411; x_wconf 91' lang='lat' dir='ltr'>et</span> <span class='ocrx_word' id='word_1_15' title='bbox 1348 355 1415 414; x_wconf 74' lang='lat' dir='ltr'>tara</span> 
     </span>
     <span class='ocr_line' id='line_1_3' title="bbox 194 438 1332 528; baseline 0.004 -22"><span class='ocrx_word' id='word_1_16' title='bbox 194 439 366 526; x_wconf 83' lang='lat' dir='ltr'>Iustitiam,</span> <span class='ocrx_word' id='word_1_17' title='bbox 395 445 428 506; x_wconf 87' lang='lat' dir='ltr'>ct</span> <span class='ocrx_word' id='word_1_18' title='bbox 453 438 509 505; x_wconf 91' lang='lat' dir='ltr'>ubi</span> <span class='ocrx_word' id='word_1_19' title='bbox 533 439 643 526; x_wconf 66' lang='lat' dir='ltr'>‘potuit</span> <span class='ocrx_word' id='word_1_20' title='bbox 667 441 777 528; x_wconf 91' lang='lat' dir='ltr'>ipsum</span> <span class='ocrx_word' id='word_1_21' title='bbox 804 447 836 510; x_wconf 88' lang='lat' dir='ltr'>et</span> <span class='ocrx_word' id='word_1_22' title='bbox 863 457 945 510; x_wconf 91' lang='lat' dir='ltr'>suos</span> <span class='ocrx_word' id='word_1_23' title='bbox 971 442 1006 510; x_wconf 93' lang='lat' dir='ltr'>in</span> <span class='ocrx_word' id='word_1_24' title='bbox 1031 443 1113 510; x_wconf 90' lang='lat' dir='ltr'>mari</span> <span class='ocrx_word' id='word_1_25' title='bbox 1135 448 1169 510; x_wconf 90' lang='lat' dir='ltr'>et</span> <span class='ocrx_word' id='word_1_26' title='bbox 1184 443 1218 510; x_wconf 94' lang='lat' dir='ltr'>in</span> <span class='ocrx_word' id='word_1_27' title='bbox 1243 449 1332 511; x_wconf 91' lang='lat' dir='ltr'>terra</span> 
     </span>
     <span class='ocr_line' id='line_1_4' title="bbox 194 536 673 626; baseline -0.002 -19"><span class='ocrx_word' id='word_1_28' title='bbox 194 536 335 607; x_wconf 90' lang='lat' dir='ltr'>otIendit</span> <span class='ocrx_word' id='word_1_29' title='bbox 362 542 500 626; x_wconf 91' lang='lat' dir='ltr'>etpost</span> <span class='ocrx_word' id='word_1_30' title='bbox 525 542 673 623; x_wconf 79' lang='lat' dir='ltr'>treugas.</span> 
     </span>
    </p>

    <p class='ocr_par' dir='ltr' id='par_1_3' title="bbox 192 633 1331 903">
     <span class='ocr_line' id='line_1_5' title="bbox 266 633 1331 709; baseline 0.006 -6"><span class='ocrx_word' id='word_1_31' title='bbox 266 633 394 704; x_wconf 87' lang='lat' dir='ltr'>Ibidem</span> <span class='ocrx_word' id='word_1_32' title='bbox 419 635 699 706; x_wconf 86' lang='lat' dir='ltr'>Columnensibns</span> <span class='ocrx_word' id='word_1_33' title='bbox 717 636 824 704; x_wconf 85' lang='lat' dir='ltr'>votuit</span> <span class='ocrx_word' id='word_1_34' title='bbox 840 634 920 704; x_wconf 91' lang='lat' dir='ltr'>dare</span> <span class='ocrx_word' id='word_1_35' title='bbox 936 637 998 703; x_wconf 91' lang='lat' dir='ltr'>tria</span> <span class='ocrx_word' id='word_1_36' title='bbox 1014 637 1116 705; x_wconf 87' lang='lat' dir='ltr'>millia</span> <span class='ocrx_word' id='word_1_37' title='bbox 1133 637 1331 709; x_wconf 89' lang='lat' dir='ltr'>tiorenorum</span> 
     </span>
     <span class='ocr_line' id='line_1_6' title="bbox 193 733 1331 824; baseline 0.004 -22"><span class='ocrx_word' id='word_1_38' title='bbox 193 736 227 802; x_wconf 94' lang='lat' dir='ltr'>in</span> <span class='ocrx_word' id='word_1_39' title='bbox 241 733 390 824; x_wconf 82' lang='lat' dir='ltr'>feodum,</span> <span class='ocrx_word' id='word_1_40' title='bbox 417 735 507 822; x_wconf 88' lang='lat' dir='ltr'>qnod</span> <span class='ocrx_word' id='word_1_41' title='bbox 523 737 670 824; x_wconf 90' lang='lat' dir='ltr'>recipere</span> <span class='ocrx_word' id='word_1_42' title='bbox 690 736 877 822; x_wconf 88' lang='lat' dir='ltr'>noluerunt,</span> <span class='ocrx_word' id='word_1_43' title='bbox 904 736 968 804; x_wconf 91' lang='lat' dir='ltr'>nisi</span> <span class='ocrx_word' id='word_1_44' title='bbox 986 736 1091 823; x_wconf 91' lang='lat' dir='ltr'>primo</span> <span class='ocrx_word' id='word_1_45' title='bbox 1116 739 1240 806; x_wconf 87' lang='lat' dir='ltr'>scirent</span> <span class='ocrx_word' id='word_1_46' title='bbox 1263 757 1331 807; x_wconf 85' lang='lat' dir='ltr'>vo-</span> 
     </span>
     <span class='ocr_line' id='line_1_7' title="bbox 192 832 1002 903; baseline 0.004 -3"><span class='ocrx_word' id='word_1_47' title='bbox 192 833 355 901; x_wconf 85' lang='lat' dir='ltr'>luntatem</span> <span class='ocrx_word' id='word_1_48' title='bbox 382 850 516 902; x_wconf 89' lang='lat' dir='ltr'>suorum</span> <span class='ocrx_word' id='word_1_49' title='bbox 542 834 749 902; x_wconf 86' lang='lat' dir='ltr'>dommorum</span> <span class='ocrx_word' id='word_1_50' title='bbox 775 832 1002 903; x_wconf 77' lang='lat' dir='ltr'>cardinalium.</span> 
     </span>
    </p>

    <p class='ocr_par' dir='ltr' id='par_1_4' title="bbox 192 931 1332 1511">
     <span class='ocr_line' id='line_1_8' title="bbox 267 931 1330 1026; baseline 0.005 -28"><span class='ocrx_word' id='word_1_51' title='bbox 267 931 396 1000; x_wconf 81' lang='lat' dir='ltr'>Ibidem</span> <span class='ocrx_word' id='word_1_52' title='bbox 416 933 490 1021; x_wconf 90' lang='lat' dir='ltr'>ipse</span> <span class='ocrx_word' id='word_1_53' title='bbox 507 932 588 1000; x_wconf 90' lang='lat' dir='ltr'>tecit</span> <span class='ocrx_word' id='word_1_54' title='bbox 604 952 703 1001; x_wconf 89' lang='lat' dir='ltr'>unam</span> <span class='ocrx_word' id='word_1_55' title='bbox 720 934 996 1021; x_wconf 79' lang='lat' dir='ltr'>protestationem</span> <span class='ocrx_word' id='word_1_56' title='bbox 1012 937 1149 1022; x_wconf 90' lang='lat' dir='ltr'>propter</span> <span class='ocrx_word' id='word_1_57' title='bbox 1170 935 1330 1026; x_wconf 89' lang='lat' dir='ltr'>predicta,</span> 
     </span>
     <span class='ocr_line' id='line_1_9' title="bbox 194 1029 1332 1123; baseline 0.004 -25"><span class='ocrx_word' id='word_1_58' title='bbox 194 1029 286 1118; x_wconf 89' lang='lat' dir='ltr'>quod</span> <span class='ocrx_word' id='word_1_59' title='bbox 304 1032 384 1098; x_wconf 88' lang='lat' dir='ltr'>licet</span> <span class='ocrx_word' id='word_1_60' title='bbox 402 1049 471 1100; x_wconf 89' lang='lat' dir='ltr'>non</span> <span class='ocrx_word' id='word_1_61' title='bbox 487 1031 677 1100; x_wconf 83' lang='lat' dir='ltr'>intenderet</span> <span class='ocrx_word' id='word_1_62' title='bbox 699 1032 741 1100; x_wconf 89' lang='lat' dir='ltr'>ad</span> <span class='ocrx_word' id='word_1_63' title='bbox 762 1047 904 1120; x_wconf 87' lang='lat' dir='ltr'>presens</span> <span class='ocrx_word' id='word_1_64' title='bbox 926 1049 1040 1118; x_wconf 84' lang='lat' dir='ltr'>regem</span> <span class='ocrx_word' id='word_1_65' title='bbox 1059 1031 1248 1123; x_wconf 85' lang='lat' dir='ltr'>Robcrtnm,</span> <span class='ocrx_word' id='word_1_66' title='bbox 1269 1033 1332 1102; x_wconf 93' lang='lat' dir='ltr'>sibi</span> 
     </span>
     <span class='ocr_line' id='line_1_10' title="bbox 193 1129 1331 1219; baseline 0.004 -23"><span class='ocrx_word' id='word_1_67' title='bbox 193 1129 352 1198; x_wconf 92' lang='lat' dir='ltr'>rebellem</span> <span class='ocrx_word' id='word_1_68' title='bbox 380 1136 414 1198; x_wconf 91' lang='lat' dir='ltr'>et</span> <span class='ocrx_word' id='word_1_69' title='bbox 438 1132 568 1199; x_wconf 87' lang='lat' dir='ltr'>hostem</span> <span class='ocrx_word' id='word_1_70' title='bbox 595 1131 774 1219; x_wconf 90' lang='lat' dir='ltr'>publicum,</span> <span class='ocrx_word' id='word_1_71' title='bbox 802 1129 985 1218; x_wconf 87' lang='lat' dir='ltr'>attendere,</span> <span class='ocrx_word' id='word_1_72' title='bbox 1010 1135 1124 1199; x_wconf 91' lang='lat' dir='ltr'>tamen</span> <span class='ocrx_word' id='word_1_73' title='bbox 1139 1149 1200 1200; x_wconf 90' lang='lat' dir='ltr'>sue</span> <span class='ocrx_word' id='word_1_74' title='bbox 1216 1135 1331 1200; x_wconf 92' lang='lat' dir='ltr'>inten-</span> 
     </span>
     <span class='ocr_line' id='line_1_11' title="bbox 193 1228 1332 1318; baseline 0.004 -24"><span class='ocrx_word' id='word_1_75' title='bbox 193 1229 294 1296; x_wconf 93' lang='lat' dir='ltr'>tionis</span> <span class='ocrx_word' id='word_1_76' title='bbox 321 1245 391 1296; x_wconf 91' lang='lat' dir='ltr'>non</span> <span class='ocrx_word' id='word_1_77' title='bbox 417 1235 506 1318; x_wconf 90' lang='lat' dir='ltr'>erat,</span> <span class='ocrx_word' id='word_1_78' title='bbox 535 1247 609 1298; x_wconf 89' lang='lat' dir='ltr'>cum</span> <span class='ocrx_word' id='word_1_79' title='bbox 634 1231 669 1298; x_wconf 94' lang='lat' dir='ltr'>in</span> <span class='ocrx_word' id='word_1_80' title='bbox 695 1247 831 1298; x_wconf 89' lang='lat' dir='ltr'>suorum</span> <span class='ocrx_word' id='word_1_81' title='bbox 858 1228 1078 1298; x_wconf 88' lang='lat' dir='ltr'>discretorum</span> <span class='ocrx_word' id='word_1_82' title='bbox 1096 1232 1236 1300; x_wconf 90' lang='lat' dir='ltr'>consitio</span> <span class='ocrx_word' id='word_1_83' title='bbox 1262 1249 1332 1300; x_wconf 92' lang='lat' dir='ltr'>non</span> 
     </span>
     <span class='ocr_line' id='line_1_12' title="bbox 192 1327 1332 1417; baseline 0.001 -22"><span class='ocrx_word' id='word_1_84' title='bbox 192 1329 369 1417; x_wconf 90' lang='lat' dir='ltr'>inveniret,</span> <span class='ocrx_word' id='word_1_85' title='bbox 398 1327 488 1414; x_wconf 87' lang='lat' dir='ltr'>quod</span> <span class='ocrx_word' id='word_1_86' title='bbox 504 1331 633 1396; x_wconf 91' lang='lat' dir='ltr'>ratione</span> <span class='ocrx_word' id='word_1_87' title='bbox 651 1335 769 1414; x_wconf 80' lang='lat' dir='ltr'>treuge</span> <span class='ocrx_word' id='word_1_88' title='bbox 788 1327 912 1395; x_wconf 89' lang='lat' dir='ltr'>indicte</span> <span class='ocrx_word' id='word_1_89' title='bbox 929 1329 1089 1397; x_wconf 86' lang='lat' dir='ltr'>intereos</span> <span class='ocrx_word' id='word_1_90' title='bbox 1107 1347 1166 1417; x_wconf 89' lang='lat' dir='ltr'>per</span> <span class='ocrx_word' id='word_1_91' title='bbox 1187 1337 1332 1398; x_wconf 87' lang='lat' dir='ltr'>vestram</span> 
     </span>
     <span class='ocr_line' id='line_1_13' title="bbox 195 1424 1292 1511; baseline 0.001 -18"><span class='ocrx_word' id='word_1_92' title='bbox 195 1427 406 1494; x_wconf 78' lang='lat' dir='ltr'>sanctitatem</span> <span class='ocrx_word' id='word_1_93' title='bbox 432 1427 473 1494; x_wconf 88' lang='lat' dir='ltr'>ab</span> <span class='ocrx_word' id='word_1_94' title='bbox 501 1427 690 1496; x_wconf 81' lang='lat' dir='ltr'>attonsione</span> <span class='ocrx_word' id='word_1_95' title='bbox 717 1427 795 1495; x_wconf 91' lang='lat' dir='ltr'>dicti</span> <span class='ocrx_word' id='word_1_96' title='bbox 821 1427 913 1511; x_wconf 79' lang='lat' dir='ltr'>regis</span> <span class='ocrx_word' id='word_1_97' title='bbox 939 1424 1074 1494; x_wconf 93' lang='lat' dir='ltr'>Roberti</span> <span class='ocrx_word' id='word_1_98' title='bbox 1101 1428 1292 1497; x_wconf 87' lang='lat' dir='ltr'>abstineret.</span> 
     </span>
    </p>

    <p class='ocr_par' dir='ltr' id='par_1_5' title="bbox 188 1523 1412 2404">
     <span class='ocr_line' id='line_1_14' title="bbox 267 1523 1332 1613; baseline 0.003 -22"><span class='ocrx_word' id='word_1_99' title='bbox 267 1523 396 1592; x_wconf 90' lang='lat' dir='ltr'>Ibidem</span> <span class='ocrx_word' id='word_1_100' title='bbox 412 1525 538 1596; x_wconf 91' lang='lat' dir='ltr'>domini</span> <span class='ocrx_word' id='word_1_101' title='bbox 557 1526 743 1594; x_wconf 80' lang='lat' dir='ltr'>cardinales</span> <span class='ocrx_word' id='word_1_102' title='bbox 760 1527 870 1613; x_wconf 92' lang='lat' dir='ltr'>ipsum</span> <span class='ocrx_word' id='word_1_103' title='bbox 888 1526 1135 1611; x_wconf 86' lang='lat' dir='ltr'>requisiverunt</span> <span class='ocrx_word' id='word_1_104' title='bbox 1149 1527 1240 1613; x_wconf 86' lang='lat' dir='ltr'>quod</span> <span class='ocrx_word' id='word_1_105' title='bbox 1253 1526 1332 1596; x_wconf 92' lang='lat' dir='ltr'>vel-</span> 
     </span>
     <span class='ocr_line' id='line_1_15' title="bbox 189 1623 1330 1714; baseline 0.004 -24"><span class='ocrx_word' id='word_1_106' title='bbox 189 1623 239 1691; x_wconf 92' lang='lat' dir='ltr'>let</span> <span class='ocrx_word' id='word_1_107' title='bbox 252 1623 395 1709; x_wconf 87' lang='lat' dir='ltr'>quedam</span> <span class='ocrx_word' id='word_1_108' title='bbox 415 1627 598 1693; x_wconf 89' lang='lat' dir='ltr'>iuramenta</span> <span class='ocrx_word' id='word_1_109' title='bbox 618 1624 740 1714; x_wconf 89' lang='lat' dir='ltr'>iacere,</span> <span class='ocrx_word' id='word_1_110' title='bbox 766 1641 831 1711; x_wconf 89' lang='lat' dir='ltr'>qne</span> <span class='ocrx_word' id='word_1_111' title='bbox 850 1625 890 1690; x_wconf 88' lang='lat' dir='ltr'>in·</span> <span class='ocrx_word' id='word_1_112' title='bbox 902 1624 1021 1692; x_wconf 88' lang='lat' dir='ltr'>litteris</span> <span class='ocrx_word' id='word_1_113' title='bbox 1041 1627 1160 1692; x_wconf 88' lang='lat' dir='ltr'>vestris</span> <span class='ocrx_word' id='word_1_114' title='bbox 1180 1625 1222 1692; x_wconf 92' lang='lat' dir='ltr'>de</span> <span class='ocrx_word' id='word_1_115' title='bbox 1240 1642 1330 1694; x_wconf 89' lang='lat' dir='ltr'>novo</span> 
     </span>
     <span class='ocr_line' id='line_1_16' title="bbox 195 1721 1332 1812; baseline 0.003 -23"><span class='ocrx_word' id='word_1_116' title='bbox 195 1725 246 1790; x_wconf 92' lang='lat' dir='ltr'>eis</span> <span class='ocrx_word' id='word_1_117' title='bbox 272 1723 387 1790; x_wconf 90' lang='lat' dir='ltr'>missis</span> <span class='ocrx_word' id='word_1_118' title='bbox 414 1724 679 1793; x_wconf 87' lang='lat' dir='ltr'>continebantur.</span> <span class='ocrx_word' id='word_1_119' title='bbox 718 1721 912 1812; x_wconf 87' lang='lat' dir='ltr'>Respondit,</span> <span class='ocrx_word' id='word_1_120' title='bbox 940 1721 1031 1809; x_wconf 86' lang='lat' dir='ltr'>qnod</span> <span class='ocrx_word' id='word_1_121' title='bbox 1048 1740 1117 1792; x_wconf 90' lang='lat' dir='ltr'>non</span> <span class='ocrx_word' id='word_1_122' title='bbox 1137 1723 1332 1792; x_wconf 86' lang='lat' dir='ltr'>intendebat</span> 
     </span>
     <span class='ocr_line' id='line_1_17' title="bbox 192 1820 1412 1913; baseline 0 -25"><span class='ocrx_word' id='word_1_123' title='bbox 192 1820 261 1888; x_wconf 88' lang='lat' dir='ltr'>ntia</span> <span class='ocrx_word' id='word_1_124' title='bbox 276 1823 460 1890; x_wconf 91' lang='lat' dir='ltr'>iuramenta</span> <span class='ocrx_word' id='word_1_125' title='bbox 477 1821 602 1910; x_wconf 90' lang='lat' dir='ltr'>tacere,</span> <span class='ocrx_word' id='word_1_126' title='bbox 629 1840 728 1910; x_wconf 83' lang='lat' dir='ltr'>qnam</span> <span class='ocrx_word' id='word_1_127' title='bbox 746 1820 885 1890; x_wconf 85' lang='lat' dir='ltr'>fecisset</span> <span class='ocrx_word' id='word_1_128' title='bbox 902 1827 979 1889; x_wconf 91' lang='lat' dir='ltr'>ante</span> <span class='ocrx_word' id='word_1_129' title='bbox 998 1824 1050 1889; x_wconf 93' lang='lat' dir='ltr'>sni</span> <span class='ocrx_word' id='word_1_130' title='bbox 1068 1823 1331 1913; x_wconf 90' lang='lat' dir='ltr'>coronationem,</span> <span class='ocrx_word' id='word_1_131' title='bbox 1409 1895 1412 1900; x_wconf 60' lang='grc'><em>,</em></span> 
     </span>
     <span class='ocr_line' id='line_1_18' title="bbox 188 1907 1332 1994; baseline 0.003 -7"><span class='ocrx_word' id='word_1_132' title='bbox 188 1936 257 1987; x_wconf 93' lang='lat' dir='ltr'>nec</span> <span class='ocrx_word' id='word_1_133' title='bbox 288 1921 410 1988; x_wconf 88' lang='lat' dir='ltr'>virtute</span> <span class='ocrx_word' id='word_1_134' title='bbox 432 1922 613 1990; x_wconf 87' lang='lat' dir='ltr'>litterarum</span> <span class='ocrx_word' id='word_1_135' title='bbox 639 1907 826 1989; x_wconf 82' lang='lat' dir='ltr'>vestra&#39;rum</span> <span class='ocrx_word' id='word_1_136' title='bbox 848 1920 1022 1994; x_wconf 91' lang='lat' dir='ltr'>tenebatur</span> <span class='ocrx_word' id='word_1_137' title='bbox 1046 1922 1169 1990; x_wconf 90' lang='lat' dir='ltr'>indicio</span> <span class='ocrx_word' id='word_1_138' title='bbox 1196 1939 1332 1990; x_wconf 93' lang='lat' dir='ltr'>snorum</span> 
     </span>
     <span class='ocr_line' id='line_1_19' title="bbox 188 2019 1329 2110; baseline 0.001 -24"><span class='ocrx_word' id='word_1_139' title='bbox 188 2020 476 2110; x_wconf 87' lang='lat' dir='ltr'>iurisperitorum,</span> <span class='ocrx_word' id='word_1_140' title='bbox 511 2021 590 2106; x_wconf 87' lang='lat' dir='ltr'>quia</span> <span class='ocrx_word' id='word_1_141' title='bbox 619 2027 733 2089; x_wconf 86' lang='lat' dir='ltr'>vestra</span> <span class='ocrx_word' id='word_1_142' title='bbox 768 2021 929 2088; x_wconf 85' lang='lat' dir='ltr'>sanctitas</span> <span class='ocrx_word' id='word_1_143' title='bbox 955 2019 1135 2088; x_wconf 90' lang='lat' dir='ltr'>mandabat</span> <span class='ocrx_word' id='word_1_144' title='bbox 1159 2020 1329 2109; x_wconf 88' lang='lat' dir='ltr'>predictis,</span> 
     </span>
     <span class='ocr_line' id='line_1_20' title="bbox 189 2117 1329 2206; baseline 0.001 -21"><span class='ocrx_word' id='word_1_145' title='bbox 189 2117 283 2204; x_wconf 88' lang='lat' dir='ltr'>qnod</span> <span class='ocrx_word' id='word_1_146' title='bbox 313 2118 392 2186; x_wconf 91' lang='lat' dir='ltr'>talia</span> <span class='ocrx_word' id='word_1_147' title='bbox 417 2121 601 2188; x_wconf 90' lang='lat' dir='ltr'>iuramenta</span> <span class='ocrx_word' id='word_1_148' title='bbox 627 2119 670 2186; x_wconf 89' lang='lat' dir='ltr'>ab</span> <span class='ocrx_word' id='word_1_149' title='bbox 697 2137 738 2187; x_wconf 93' lang='lat' dir='ltr'>eo</span> <span class='ocrx_word' id='word_1_150' title='bbox 769 2119 976 2205; x_wconf 84' lang='lat' dir='ltr'>requirerent</span> <span class='ocrx_word' id='word_1_151' title='bbox 1008 2125 1185 2206; x_wconf 86' lang='lat' dir='ltr'>antequam</span> <span class='ocrx_word' id='word_1_152' title='bbox 1218 2120 1329 2206; x_wconf 79' lang='lat' dir='ltr'>Ipsum</span> 
     </span>
     <span class='ocr_line' id='line_1_21' title="bbox 190 2216 1330 2309; baseline 0 -25"><span class='ocrx_word' id='word_1_153' title='bbox 190 2223 405 2304; x_wconf 88' lang='lat' dir='ltr'>coronarent,</span> <span class='ocrx_word' id='word_1_154' title='bbox 432 2216 524 2304; x_wconf 87' lang='lat' dir='ltr'>quod</span> <span class='ocrx_word' id='word_1_155' title='bbox 550 2218 580 2286; x_wconf 93' lang='lat' dir='ltr'>si</span> <span class='ocrx_word' id='word_1_156' title='bbox 606 2219 721 2307; x_wconf 89' lang='lat' dir='ltr'>nollet,</span> <span class='ocrx_word' id='word_1_157' title='bbox 749 2219 857 2305; x_wconf 92' lang='lat' dir='ltr'>ipsum</span> <span class='ocrx_word' id='word_1_158' title='bbox 883 2234 951 2285; x_wconf 94' lang='lat' dir='ltr'>non</span> <span class='ocrx_word' id='word_1_159' title='bbox 971 2223 1187 2309; x_wconf 91' lang='lat' dir='ltr'>coronarent,</span> <span class='ocrx_word' id='word_1_160' title='bbox 1215 2219 1330 2286; x_wconf 87' lang='lat' dir='ltr'>ctiam</span> 
     </span>
     <span class='ocr_line' id='line_1_22' title="bbox 189 2316 1056 2404; baseline 0.003 -22"><span class='ocrx_word' id='word_1_161' title='bbox 189 2317 302 2402; x_wconf 91' lang='lat' dir='ltr'>ipsum</span> <span class='ocrx_word' id='word_1_162' title='bbox 329 2323 581 2404; x_wconf 83' lang='lat' dir='ltr'>coronaverunt,</span> <span class='ocrx_word' id='word_1_163' title='bbox 608 2316 687 2384; x_wconf 90' lang='lat' dir='ltr'>ideo</span> <span class='ocrx_word' id='word_1_164' title='bbox 713 2318 844 2384; x_wconf 89' lang='lat' dir='ltr'>minime</span> <span class='ocrx_word' id='word_1_165' title='bbox 871 2316 1056 2385; x_wconf 92' lang='lat' dir='ltr'>tenebatur.</span> 
     </span>
    </p>

    <p class='ocr_par' dir='ltr' id='par_1_6' title="bbox 181 2415 1418 4184">
     <span class='ocr_line' id='line_1_23' title="bbox 264 2415 1408 2504; baseline 0 -23"><span class='ocrx_word' id='word_1_166' title='bbox 264 2415 346 2484; x_wconf 88' lang='lat' dir='ltr'>Post</span> <span class='ocrx_word' id='word_1_167' title='bbox 363 2415 485 2483; x_wconf 86' lang='lat' dir='ltr'>testum</span> <span class='ocrx_word' id='word_1_168' title='bbox 506 2415 595 2482; x_wconf 88' lang='lat' dir='ltr'>beati</span> <span class='ocrx_word' id='word_1_169' title='bbox 612 2415 787 2504; x_wconf 90' lang='lat' dir='ltr'>Dominioi,</span> <span class='ocrx_word' id='word_1_170' title='bbox 802 2415 919 2483; x_wconf 89' lang='lat' dir='ltr'>nescio</span> <span class='ocrx_word' id='word_1_171' title='bbox 939 2420 1023 2500; x_wconf 86' lang='lat' dir='ltr'>quot</span> <span class='ocrx_word' id='word_1_172' title='bbox 1039 2415 1170 2503; x_wconf 86' lang='lat' dir='ltr'>diebus,</span> <span class='ocrx_word' id='word_1_173' title='bbox 1189 2419 1328 2482; x_wconf 91' lang='lat' dir='ltr'>contra·</span> <span class='ocrx_word' id='word_1_174' title='bbox 1345 2444 1408 2484; x_wconf 77' lang='lat' dir='ltr'>rue.</span> 
     </span>
     <span class='ocr_line' id='line_1_24' title="bbox 188 2501 1388 2604; baseline 0.001 -25"><span class='ocrx_word' id='word_1_175' title='bbox 188 2510 381 2582; x_wconf 88' lang='lat' dir='ltr'>dicentibus</span> <span class='ocrx_word' id='word_1_176' title='bbox 403 2514 555 2582; x_wconf 91' lang='lat' dir='ltr'>omnibus</span> <span class='ocrx_word' id='word_1_177' title='bbox 577 2513 619 2582; x_wconf 90' lang='lat' dir='ltr'>de</span> <span class='ocrx_word' id='word_1_178' title='bbox 638 2531 700 2582; x_wconf 92' lang='lat' dir='ltr'>suo</span> <span class='ocrx_word' id='word_1_179' title='bbox 722 2514 876 2603; x_wconf 86' lang='lat' dir='ltr'>consilio,</span> <span class='ocrx_word' id='word_1_180' title='bbox 902 2511 1059 2581; x_wconf 89' lang='lat' dir='ltr'>Romanis</span> <span class='ocrx_word' id='word_1_181' title='bbox 1082 2503 1243 2604; x_wconf 88' lang='lat' dir='ltr'>exceptis,</span> <span class='ocrx_word' id='word_1_182' title='bbox 1269 2530 1328 2580; x_wconf 88' lang='lat' dir='ltr'>re·</span> <span class='ocrx_word' id='word_1_183' title='bbox 1371 2501 1388 2550; x_wconf 64' lang='lat'><strong>4</strong></span> 
     </span>
     <span class='ocr_line' id='line_1_25' title="bbox 186 2610 1328 2702; baseline -0.002 -22"><span class='ocrx_word' id='word_1_184' title='bbox 186 2629 310 2680; x_wconf 91' lang='lat' dir='ltr'>versus</span> <span class='ocrx_word' id='word_1_185' title='bbox 337 2618 390 2680; x_wconf 92' lang='lat' dir='ltr'>est</span> <span class='ocrx_word' id='word_1_186' title='bbox 414 2610 549 2680; x_wconf 87' lang='lat' dir='ltr'>Romam</span> <span class='ocrx_word' id='word_1_187' title='bbox 571 2619 707 2701; x_wconf 92' lang='lat' dir='ltr'>propter</span> <span class='ocrx_word' id='word_1_188' title='bbox 733 2630 782 2702; x_wconf 93' lang='lat' dir='ltr'>ea,</span> <span class='ocrx_word' id='word_1_189' title='bbox 810 2630 876 2699; x_wconf 88' lang='lat' dir='ltr'>que</span> <span class='ocrx_word' id='word_1_190' title='bbox 898 2611 1023 2680; x_wconf 85' lang='lat' dir='ltr'>debant</span> <span class='ocrx_word' id='word_1_191' title='bbox 1037 2610 1140 2678; x_wconf 94' lang='lat' dir='ltr'>Rome</span> <span class='ocrx_word' id='word_1_192' title='bbox 1156 2629 1216 2698; x_wconf 88' lang='lat' dir='ltr'>per</span> <span class='ocrx_word' id='word_1_193' title='bbox 1237 2628 1328 2696; x_wconf 85' lang='lat' dir='ltr'>gen-</span> 
     </span>
     <span class='ocr_line' id='line_1_26' title="bbox 187 2709 1328 2801; baseline 0.001 -25"><span class='ocrx_word' id='word_1_194' title='bbox 187 2717 256 2776; x_wconf 90' lang='lat' dir='ltr'>tem</span> <span class='ocrx_word' id='word_1_195' title='bbox 278 2709 403 2778; x_wconf 93' lang='lat' dir='ltr'>domini</span> <span class='ocrx_word' id='word_1_196' title='bbox 422 2710 591 2778; x_wconf 80' lang='lat' dir='ltr'>Iohannis</span> <span class='ocrx_word' id='word_1_197' title='bbox 635 2711 856 2801; x_wconf 86' lang='lat' dir='ltr'>Timebamus,</span> <span class='ocrx_word' id='word_1_198' title='bbox 886 2709 1025 2796; x_wconf 88' lang='lat' dir='ltr'>quodsi</span> <span class='ocrx_word' id='word_1_199' title='bbox 1048 2709 1185 2780; x_wconf 91' lang='lat' dir='ltr'>Romam</span> <span class='ocrx_word' id='word_1_200' title='bbox 1210 2727 1328 2777; x_wconf 88' lang='lat' dir='ltr'>rever-</span> 
     </span>
     <span class='ocr_line' id='line_1_27' title="bbox 187 2809 1330 2899; baseline -0.001 -24"><span class='ocrx_word' id='word_1_201' title='bbox 187 2813 332 2899; x_wconf 88' lang='lat' dir='ltr'>teretur,</span> <span class='ocrx_word' id='word_1_202' title='bbox 370 2809 460 2896; x_wconf 86' lang='lat' dir='ltr'>quod</span> <span class='ocrx_word' id='word_1_203' title='bbox 493 2809 632 2878; x_wconf 92' lang='lat' dir='ltr'>Romani</span> <span class='ocrx_word' id='word_1_204' title='bbox 667 2812 775 2897; x_wconf 89' lang='lat' dir='ltr'>ipsum</span> <span class='ocrx_word' id='word_1_205' title='bbox 810 2809 968 2878; x_wconf 87' lang='lat' dir='ltr'>recedere</span> <span class='ocrx_word' id='word_1_206' title='bbox 1003 2827 1072 2878; x_wconf 93' lang='lat' dir='ltr'>non</span> <span class='ocrx_word' id='word_1_207' title='bbox 1102 2809 1330 2897; x_wconf 90' lang='lat' dir='ltr'>permitterent</span> 
     </span>
     <span class='ocr_line' id='line_1_28' title="bbox 187 2906 1328 2997; baseline 0 -23"><span class='ocrx_word' id='word_1_208' title='bbox 187 2906 301 2975; x_wconf 89' lang='lat' dir='ltr'>donec</span> <span class='ocrx_word' id='word_1_209' title='bbox 315 2907 471 2975; x_wconf 91' lang='lat' dir='ltr'>dominns</span> <span class='ocrx_word' id='word_1_210' title='bbox 491 2909 659 2976; x_wconf 91' lang='lat' dir='ltr'>Iohannes</span> <span class='ocrx_word' id='word_1_211' title='bbox 672 2908 855 2976; x_wconf 87' lang='lat' dir='ltr'>recederet.</span> <span class='ocrx_word' id='word_1_212' title='bbox 880 2907 973 2997; x_wconf 88' lang='lat' dir='ltr'>item,</span> <span class='ocrx_word' id='word_1_213' title='bbox 991 2909 1020 2976; x_wconf 92' lang='lat' dir='ltr'>si</span> <span class='ocrx_word' id='word_1_214' title='bbox 1037 2907 1195 2980; x_wconf 89' lang='lat' dir='ltr'>recedere</span> <span class='ocrx_word' id='word_1_215' title='bbox 1215 2907 1328 2997; x_wconf 82' lang='lat' dir='ltr'>ueitet,</span> 
     </span>
     <span class='ocr_line' id='line_1_29' title="bbox 186 3005 1329 3097; baseline 0 -25"><span class='ocrx_word' id='word_1_216' title='bbox 186 3005 281 3092; x_wconf 92' lang='lat' dir='ltr'>qnod</span> <span class='ocrx_word' id='word_1_217' title='bbox 316 3023 385 3074; x_wconf 92' lang='lat' dir='ltr'>non</span> <span class='ocrx_word' id='word_1_218' title='bbox 411 3013 530 3093; x_wconf 91' lang='lat' dir='ltr'>posset</span> <span class='ocrx_word' id='word_1_219' title='bbox 557 3009 631 3074; x_wconf 91' lang='lat' dir='ltr'>sine</span> <span class='ocrx_word' id='word_1_220' title='bbox 665 3009 805 3075; x_wconf 87' lang='lat' dir='ltr'>maxime</span> <span class='ocrx_word' id='word_1_221' title='bbox 837 3007 1010 3097; x_wconf 90' lang='lat' dir='ltr'>periculo,</span> <span class='ocrx_word' id='word_1_222' title='bbox 1037 3012 1070 3074; x_wconf 93' lang='lat' dir='ltr'>et</span> <span class='ocrx_word' id='word_1_223' title='bbox 1096 3008 1175 3092; x_wconf 89' lang='lat' dir='ltr'>quia</span> <span class='ocrx_word' id='word_1_224' title='bbox 1193 3023 1329 3095; x_wconf 88' lang='lat' dir='ltr'>paucos</span> 
     </span>
     <span class='ocr_line' id='line_1_30' title="bbox 185 3103 1329 3194; baseline 0 -22"><span class='ocrx_word' id='word_1_225' title='bbox 185 3105 343 3174; x_wconf 87' lang='lat' dir='ltr'>homines</span> <span class='ocrx_word' id='word_1_226' title='bbox 371 3105 524 3194; x_wconf 89' lang='lat' dir='ltr'>babebat,</span> <span class='ocrx_word' id='word_1_227' title='bbox 549 3111 586 3173; x_wconf 90' lang='lat' dir='ltr'>et</span> <span class='ocrx_word' id='word_1_228' title='bbox 611 3107 690 3192; x_wconf 87' lang='lat' dir='ltr'>qnia</span> <span class='ocrx_word' id='word_1_229' title='bbox 714 3124 775 3194; x_wconf 95' lang='lat' dir='ltr'>per</span> <span class='ocrx_word' id='word_1_230' title='bbox 798 3110 934 3192; x_wconf 90' lang='lat' dir='ltr'>pontem</span> <span class='ocrx_word' id='word_1_231' title='bbox 957 3103 999 3172; x_wconf 91' lang='lat' dir='ltr'>de</span> <span class='ocrx_word' id='word_1_232' title='bbox 1015 3104 1142 3174; x_wconf 87' lang='lat' dir='ltr'>Mollem</span> <span class='ocrx_word' id='word_1_233' title='bbox 1169 3103 1329 3172; x_wconf 87' lang='lat' dir='ltr'>recedere</span> 
     </span>
     <span class='ocr_line' id='line_1_31' title="bbox 187 3202 1329 3292; baseline -0.001 -22"><span class='ocrx_word' id='word_1_234' title='bbox 187 3221 265 3270; x_wconf 91' lang='lat' dir='ltr'>eum</span> <span class='ocrx_word' id='word_1_235' title='bbox 293 3204 480 3292; x_wconf 91' lang='lat' dir='ltr'>oportebat.</span> <span class='ocrx_word' id='word_1_236' title='bbox 519 3204 582 3272; x_wconf 94' lang='lat' dir='ltr'>Ubi</span> <span class='ocrx_word' id='word_1_237' title='bbox 603 3205 632 3272; x_wconf 92' lang='lat' dir='ltr'>si</span> <span class='ocrx_word' id='word_1_238' title='bbox 654 3222 731 3292; x_wconf 86' lang='lat' dir='ltr'>pars</span> <span class='ocrx_word' id='word_1_239' title='bbox 752 3203 818 3272; x_wconf 88' lang='lat' dir='ltr'>alia</span> <span class='ocrx_word' id='word_1_240' title='bbox 842 3203 967 3271; x_wconf 91' lang='lat' dir='ltr'>bonum</span> <span class='ocrx_word' id='word_1_241' title='bbox 992 3221 1049 3274; x_wconf 90' lang='lat' dir='ltr'>cor</span> <span class='ocrx_word' id='word_1_242' title='bbox 1073 3203 1259 3287; x_wconf 85' lang='lat' dir='ltr'>habuisset,</span> <span class='ocrx_word' id='word_1_243' title='bbox 1286 3202 1329 3270; x_wconf 86' lang='lat' dir='ltr'>dc</span> 
     </span>
     <span class='ocr_line' id='line_1_32' title="bbox 183 3301 1418 3392; baseline 0.004 -24"><span class='ocrx_word' id='word_1_244' title='bbox 183 3301 519 3390; x_wconf 87' lang='lat' dir='ltr'>taeilirmpedivisset</span> <span class='ocrx_word' id='word_1_245' title='bbox 535 3304 569 3371; x_wconf 94' lang='lat' dir='ltr'>in</span> <span class='ocrx_word' id='word_1_246' title='bbox 587 3304 677 3370; x_wconf 87' lang='lat' dir='ltr'>exitu</span> <span class='ocrx_word' id='word_1_247' title='bbox 691 3304 816 3392; x_wconf 80' lang='lat' dir='ltr'>pontia,</span> <span class='ocrx_word' id='word_1_248' title='bbox 836 3304 914 3389; x_wconf 86' lang='lat' dir='ltr'>quia</span> <span class='ocrx_word' id='word_1_249' title='bbox 931 3308 1008 3370; x_wconf 87' lang='lat' dir='ltr'>ante</span> <span class='ocrx_word' id='word_1_250' title='bbox 1023 3307 1159 3390; x_wconf 92' lang='lat' dir='ltr'>pontem</span> <span class='ocrx_word' id='word_1_251' title='bbox 1171 3302 1228 3369; x_wconf 91' lang='lat' dir='ltr'>ubi</span> <span class='ocrx_word' id='word_1_252' title='bbox 1243 3301 1327 3369; x_wconf 85' lang='lat' dir='ltr'>alias</span> <span class='ocrx_word' id='word_1_253' title='bbox 1416 3371 1418 3373; x_wconf 83' lang='grc'><strong>,</strong></span> 
     </span>
     <span class='ocr_line' id='line_1_33' title="bbox 183 3399 1327 3490; baseline 0 -23"><span class='ocrx_word' id='word_1_254' title='bbox 183 3400 329 3490; x_wconf 82' lang='lat' dir='ltr'>Inerant,</span> <span class='ocrx_word' id='word_1_255' title='bbox 345 3399 455 3470; x_wconf 91' lang='lat' dir='ltr'>subito</span> <span class='ocrx_word' id='word_1_256' title='bbox 473 3407 628 3490; x_wconf 88' lang='lat' dir='ltr'>poterant</span> <span class='ocrx_word' id='word_1_257' title='bbox 645 3420 685 3471; x_wconf 87' lang='lat' dir='ltr'>sc</span> <span class='ocrx_word' id='word_1_258' title='bbox 702 3418 926 3490; x_wconf 81' lang='lat' dir='ltr'>congregare,</span> <span class='ocrx_word' id='word_1_259' title='bbox 946 3419 1005 3489; x_wconf 93' lang='lat' dir='ltr'>per</span> <span class='ocrx_word' id='word_1_260' title='bbox 1021 3407 1156 3490; x_wconf 92' lang='lat' dir='ltr'>pontem</span> <span class='ocrx_word' id='word_1_261' title='bbox 1173 3418 1242 3470; x_wconf 92' lang='lat' dir='ltr'>non</span> <span class='ocrx_word' id='word_1_262' title='bbox 1254 3416 1327 3488; x_wconf 90' lang='lat' dir='ltr'>po-</span> 
     </span>
     <span class='ocr_line' id='line_1_34' title="bbox 184 3500 1329 3588; baseline -0.002 -22"><span class='ocrx_word' id='word_1_263' title='bbox 184 3505 298 3566; x_wconf 88' lang='lat' dir='ltr'>terant</span> <span class='ocrx_word' id='word_1_264' title='bbox 315 3504 458 3587; x_wconf 88' lang='lat' dir='ltr'>quatuor</span> <span class='ocrx_word' id='word_1_265' title='bbox 477 3501 628 3568; x_wconf 89' lang='lat' dir='ltr'>homines</span> <span class='ocrx_word' id='word_1_266' title='bbox 648 3502 743 3568; x_wconf 93' lang='lat' dir='ltr'>simnl</span> <span class='ocrx_word' id='word_1_267' title='bbox 758 3501 863 3586; x_wconf 87' lang='lat' dir='ltr'>exire;</span> <span class='ocrx_word' id='word_1_268' title='bbox 884 3500 965 3568; x_wconf 92' lang='lat' dir='ltr'>item</span> <span class='ocrx_word' id='word_1_269' title='bbox 983 3500 1076 3568; x_wconf 82' lang='lat' dir='ltr'>mrdti</span> <span class='ocrx_word' id='word_1_270' title='bbox 1091 3517 1216 3588; x_wconf 88' lang='lat' dir='ltr'>passus</span> <span class='ocrx_word' id='word_1_271' title='bbox 1234 3501 1329 3566; x_wconf 91' lang='lat' dir='ltr'>erant</span> 
     </span>
     <span class='ocr_line' id='line_1_35' title="bbox 181 3595 1327 3689; baseline -0.003 -23"><span class='ocrx_word' id='word_1_272' title='bbox 181 3595 274 3666; x_wconf 80' lang='lat' dir='ltr'>inira</span> <span class='ocrx_word' id='word_1_273' title='bbox 289 3616 393 3666; x_wconf 91' lang='lat' dir='ltr'>unum</span> <span class='ocrx_word' id='word_1_274' title='bbox 409 3599 533 3667; x_wconf 79' lang='lat' dir='ltr'>miliare</span> <span class='ocrx_word' id='word_1_275' title='bbox 552 3619 572 3666; x_wconf 85' lang='lat' dir='ltr'>a</span> <span class='ocrx_word' id='word_1_276' title='bbox 588 3607 706 3689; x_wconf 87' lang='lat' dir='ltr'>ponte,</span> <span class='ocrx_word' id='word_1_277' title='bbox 718 3599 774 3667; x_wconf 91' lang='lat' dir='ltr'>nbi</span> <span class='ocrx_word' id='word_1_278' title='bbox 793 3597 910 3666; x_wconf 88' lang='lat' dir='ltr'>decem</span> <span class='ocrx_word' id='word_1_279' title='bbox 926 3598 1004 3666; x_wconf 90' lang='lat' dir='ltr'>boni</span> <span class='ocrx_word' id='word_1_280' title='bbox 1024 3600 1176 3668; x_wconf 91' lang='lat' dir='ltr'>homines</span> <span class='ocrx_word' id='word_1_281' title='bbox 1194 3597 1327 3664; x_wconf 89' lang='lat' dir='ltr'>tennis-</span> 
     </span>
     <span class='ocr_line' id='line_1_36' title="bbox 185 3696 1329 3786; baseline -0.003 -20"><span class='ocrx_word' id='word_1_282' title='bbox 185 3703 266 3766; x_wconf 90' lang='lat' dir='ltr'>sent</span> <span class='ocrx_word' id='word_1_283' title='bbox 284 3696 402 3773; x_wconf 84' lang='lat' dir='ltr'>decem</span> <span class='ocrx_word' id='word_1_284' title='bbox 416 3698 683 3786; x_wconf 87' lang='lat' dir='ltr'>mitiaperunnm</span> <span class='ocrx_word' id='word_1_285' title='bbox 699 3699 787 3766; x_wconf 90' lang='lat' dir='ltr'>diem</span> <span class='ocrx_word' id='word_1_286' title='bbox 797 3703 973 3784; x_wconf 84' lang='lat' dir='ltr'>antequam</span> <span class='ocrx_word' id='word_1_287' title='bbox 989 3700 1130 3765; x_wconf 89' lang='lat' dir='ltr'>transire</span> <span class='ocrx_word' id='word_1_288' title='bbox 1139 3696 1329 3785; x_wconf 87' lang='lat' dir='ltr'>potuissent</span> 
     </span>
     <span class='ocr_line' id='line_1_37' title="bbox 186 3797 1329 3885; baseline -0.004 -21"><span class='ocrx_word' id='word_1_289' title='bbox 186 3797 266 3864; x_wconf 91' lang='lat' dir='ltr'>sine</span> <span class='ocrx_word' id='word_1_290' title='bbox 294 3813 410 3864; x_wconf 91' lang='lat' dir='ltr'>eornm</span> <span class='ocrx_word' id='word_1_291' title='bbox 436 3799 578 3866; x_wconf 83' lang='lat' dir='ltr'>maximo</span> <span class='ocrx_word' id='word_1_292' title='bbox 604 3797 764 3885; x_wconf 89' lang='lat' dir='ltr'>periculo.</span> <span class='ocrx_word' id='word_1_293' title='bbox 803 3797 942 3885; x_wconf 91' lang='lat' dir='ltr'>Propter</span> <span class='ocrx_word' id='word_1_294' title='bbox 963 3815 1027 3884; x_wconf 87' lang='lat' dir='ltr'>qne</span> <span class='ocrx_word' id='word_1_295' title='bbox 1048 3797 1159 3864; x_wconf 89' lang='lat' dir='ltr'>nultus</span> <span class='ocrx_word' id='word_1_296' title='bbox 1181 3797 1329 3861; x_wconf 91' lang='lat' dir='ltr'>nostrum</span> 
     </span>
     <span class='ocr_line' id='line_1_38' title="bbox 185 3892 1328 3984; baseline -0.003 -20"><span class='ocrx_word' id='word_1_297' title='bbox 185 3894 429 3983; x_wconf 87' lang='lat' dir='ltr'>concordabat,</span> <span class='ocrx_word' id='word_1_298' title='bbox 449 3901 485 3962; x_wconf 89' lang='lat' dir='ltr'>ut</span> <span class='ocrx_word' id='word_1_299' title='bbox 493 3894 629 3964; x_wconf 88' lang='lat' dir='ltr'>Romam</span> <span class='ocrx_word' id='word_1_300' title='bbox 640 3901 869 3966; x_wconf 86' lang='lat' dir='ltr'>reverteretur.</span> <span class='ocrx_word' id='word_1_301' title='bbox 895 3895 972 3984; x_wconf 91' lang='lat' dir='ltr'>Ipse</span> <span class='ocrx_word' id='word_1_302' title='bbox 987 3902 1096 3962; x_wconf 90' lang='lat' dir='ltr'>autem</span> <span class='ocrx_word' id='word_1_303' title='bbox 1113 3892 1328 3961; x_wconf 84' lang='lat' dir='ltr'>fidelissimus</span> 
     </span>
     <span class='ocr_line' id='line_1_39' title="bbox 184 3992 1328 4085; baseline -0.003 -23"><span class='ocrx_word' id='word_1_304' title='bbox 184 4010 273 4062; x_wconf 89' lang='lat' dir='ltr'>snos</span> <span class='ocrx_word' id='word_1_305' title='bbox 295 3995 422 4062; x_wconf 88' lang='lat' dir='ltr'>amicos</span> <span class='ocrx_word' id='word_1_306' title='bbox 438 3994 617 4085; x_wconf 87' lang='lat' dir='ltr'>Romanos,</span> <span class='ocrx_word' id='word_1_307' title='bbox 645 4013 729 4082; x_wconf 87' lang='lat' dir='ltr'>qnos</span> <span class='ocrx_word' id='word_1_308' title='bbox 750 3994 867 4062; x_wconf 88' lang='lat' dir='ltr'>Irdelcs</span> <span class='ocrx_word' id='word_1_309' title='bbox 889 3996 1073 4083; x_wconf 88' lang='lat' dir='ltr'>invenerat,</span> <span class='ocrx_word' id='word_1_310' title='bbox 1099 3992 1219 4061; x_wconf 87' lang='lat' dir='ltr'>volens</span> <span class='ocrx_word' id='word_1_311' title='bbox 1240 4009 1328 4060; x_wconf 87' lang='lat' dir='ltr'>con-</span> 
     </span>
     <span class='ocr_line' id='line_1_40' title="bbox 185 4091 1327 4184; baseline -0.002 -24"><span class='ocrx_word' id='word_1_312' title='bbox 185 4091 292 4160; x_wconf 89' lang='lat' dir='ltr'>solari</span> <span class='ocrx_word' id='word_1_313' title='bbox 318 4093 352 4159; x_wconf 93' lang='lat' dir='ltr'>in</span> <span class='ocrx_word' id='word_1_314' title='bbox 379 4111 527 4184; x_wconf 87' lang='lat' dir='ltr'>recessu,</span> <span class='ocrx_word' id='word_1_315' title='bbox 555 4098 589 4162; x_wconf 86' lang='lat' dir='ltr'>et</span> <span class='ocrx_word' id='word_1_316' title='bbox 615 4095 650 4161; x_wconf 95' lang='lat' dir='ltr'>in</span> <span class='ocrx_word' id='word_1_317' title='bbox 675 4094 748 4163; x_wconf 91' lang='lat' dir='ltr'>Deo</span> <span class='ocrx_word' id='word_1_318' title='bbox 772 4092 955 4181; x_wconf 83' lang='lat' dir='ltr'>confidens,</span> <span class='ocrx_word' id='word_1_319' title='bbox 974 4091 1053 4160; x_wconf 90' lang='lat' dir='ltr'>nibil</span> <span class='ocrx_word' id='word_1_320' title='bbox 1075 4093 1194 4160; x_wconf 90' lang='lat' dir='ltr'>timens</span> <span class='ocrx_word' id='word_1_321' title='bbox 1216 4091 1327 4158; x_wconf 91' lang='lat' dir='ltr'>inimi-</span> 
     </span>
    </p>
   </div>
   <div class='ocr_carea' id='block_1_3' title="bbox 185 4189 1329 4284">
    <p class='ocr_par' dir='ltr' id='par_1_7' title="bbox 185 4189 1329 4284">
     <span class='ocr_line' id='line_1_41' title="bbox 185 4189 1329 4284; baseline -0.003 -24"><span class='ocrx_word' id='word_1_322' title='bbox 185 4209 272 4284; x_wconf 78' lang='lat' dir='ltr'>coS,</span> <span class='ocrx_word' id='word_1_323' title='bbox 308 4189 444 4260; x_wconf 86' lang='lat' dir='ltr'>Romam</span> <span class='ocrx_word' id='word_1_324' title='bbox 471 4211 539 4262; x_wconf 92' lang='lat' dir='ltr'>non</span> <span class='ocrx_word' id='word_1_325' title='bbox 565 4210 639 4262; x_wconf 92' lang='lat' dir='ltr'>cum</span> <span class='ocrx_word' id='word_1_326' title='bbox 666 4211 787 4280; x_wconf 83' lang='lat' dir='ltr'>magna</span> <span class='ocrx_word' id='word_1_327' title='bbox 819 4193 980 4260; x_wconf 87' lang='lat' dir='ltr'>societate</span> <span class='ocrx_word' id='word_1_328' title='bbox 1008 4197 1061 4260; x_wconf 89' lang='lat' dir='ltr'>ost</span> <span class='ocrx_word' id='word_1_329' title='bbox 1087 4209 1259 4278; x_wconf 79' lang='lat' dir='ltr'>reversus3</span> <span class='ocrx_word' id='word_1_330' title='bbox 1296 4195 1329 4258; x_wconf 93' lang='lat' dir='ltr'>et</span> 
     </span>
    </p>
   </div>
   <div class='ocr_carea' id='block_1_4' title="bbox 0 0 1530 4878">
    <p class='ocr_par' dir='ltr' id='par_1_8' title="bbox 0 0 1530 4878">
     <span class='ocr_line' id='line_1_42' title="bbox 0 0 1530 4878; baseline 0 3"><span class='ocrx_word' id='word_1_331' title='bbox 0 0 1530 4878; x_wconf 95' lang='lat' dir='ltr'> </span> 
     </span>
    </p>
   </div>
  </div>
 </body>
</html>
