<?xml version="1.0" encoding="UTF-8"?>
<!DOCTYPE html PUBLIC "-//W3C//DTD XHTML 1.0 Transitional//EN"
    "http://www.w3.org/TR/xhtml1/DTD/xhtml1-transitional.dtd">
<html xmlns="http://www.w3.org/1999/xhtml" xml:lang="en" lang="en">
 <head>
  <title>
</title>
<meta http-equiv="Content-Type" content="text/html;charset=utf-8" />
  <meta name='ocr-system' content='tesseract 3.04.00' />
  <meta name='ocr-capabilities' content='ocr_page ocr_carea ocr_par ocr_line ocrx_word'/>
</head>
<body>
  <div class='ocr_page' id='page_1' title='image "./fontesrerumgerm02hubegoog_0488.png"; bbox 0 0 3028 4878; ppageno 0'>
   <div class='ocr_carea' id='block_1_1' title="bbox 148 153 1254 280">
    <p class='ocr_par' dir='ltr' id='par_1_1' title="bbox 148 153 1254 280">
     <span class='ocr_line' id='line_1_1' title="bbox 148 153 1254 280; baseline 0.002 -24"><span class='ocrx_word' id='word_1_1' title='bbox 148 153 169 214; x_wconf 45' lang='grc' dir='ltr'>ἰ</span> <span class='ocrx_word' id='word_1_2' title='bbox 445 213 592 262; x_wconf 81' lang='lat' dir='ltr'>ronruurrs</span> <span class='ocrx_word' id='word_1_3' title='bbox 613 214 816 262; x_wconf 84' lang='lat' dir='ltr'>rrcronrnusrs</span> <span class='ocrx_word' id='word_1_4' title='bbox 860 213 885 280; x_wconf 87' lang='lat' dir='ltr'>o,</span> <span class='ocrx_word' id='word_1_5' title='bbox 906 214 943 267; x_wconf 89' lang='lat' dir='ltr'>rr.</span> <span class='ocrx_word' id='word_1_6' title='bbox 1133 253 1137 260; x_wconf 84' lang='lat'>.</span> <span class='ocrx_word' id='word_1_7' title='bbox 1182 189 1254 258; x_wconf 75' lang='lat' dir='ltr'>aba</span> 
     </span>
    </p>
   </div>
   <div class='ocr_carea' id='block_1_2' title="bbox 88 351 1362 4297">
    <p class='ocr_par' dir='ltr' id='par_1_2' title="bbox 111 351 1338 541">
     <span class='ocr_line' id='line_1_2' title="bbox 111 351 1338 446; baseline 0.003 -26"><span class='ocrx_word' id='word_1_8' title='bbox 111 354 186 420; x_wconf 85' lang='lat' dir='ltr'>suis</span> <span class='ocrx_word' id='word_1_9' title='bbox 213 353 311 441; x_wconf 86' lang='lat' dir='ltr'>cepit,</span> <span class='ocrx_word' id='word_1_10' title='bbox 338 357 372 419; x_wconf 91' lang='lat' dir='ltr'>et</span> <span class='ocrx_word' id='word_1_11' title='bbox 391 351 489 419; x_wconf 91' lang='lat' dir='ltr'>rebus</span> <span class='ocrx_word' id='word_1_12' title='bbox 510 353 648 420; x_wconf 92' lang='lat' dir='ltr'>sublatis</span> <span class='ocrx_word' id='word_1_13' title='bbox 675 354 840 422; x_wconf 91' lang='lat' dir='ltr'>artissime</span> <span class='ocrx_word' id='word_1_14' title='bbox 864 353 1017 424; x_wconf 91' lang='lat' dir='ltr'>custodio</span> <span class='ocrx_word' id='word_1_15' title='bbox 1044 355 1255 446; x_wconf 69' lang='lat' dir='ltr'><strong>mancipavit,</strong></span> <span class='ocrx_word' id='word_1_16' title='bbox 1271 371 1338 426; x_wconf 78' lang='lat' dir='ltr'>tara</span> 
     </span>
     <span class='ocr_line' id='line_1_3' title="bbox 117 449 1256 541; baseline 0.004 -23"><span class='ocrx_word' id='word_1_17' title='bbox 117 450 313 537; x_wconf 85' lang='lat' dir='ltr'>quibusdam</span> <span class='ocrx_word' id='word_1_18' title='bbox 347 454 384 518; x_wconf 93' lang='lat' dir='ltr'>ut</span> <span class='ocrx_word' id='word_1_19' title='bbox 416 449 582 519; x_wconf 87' lang='lat' dir='ltr'>serebatur</span> <span class='ocrx_word' id='word_1_20' title='bbox 615 453 649 519; x_wconf 94' lang='lat' dir='ltr'>in</span> <span class='ocrx_word' id='word_1_21' title='bbox 676 453 725 520; x_wconf 91' lang='lat' dir='ltr'>eis</span> <span class='ocrx_word' id='word_1_22' title='bbox 751 451 881 522; x_wconf 90' lang='lat' dir='ltr'>iudiciis</span> <span class='ocrx_word' id='word_1_23' title='bbox 908 459 1063 541; x_wconf 90' lang='lat' dir='ltr'>corrupte</span> <span class='ocrx_word' id='word_1_24' title='bbox 1090 453 1166 521; x_wconf 87' lang='lat' dir='ltr'>fidei</span> <span class='ocrx_word' id='word_1_25' title='bbox 1193 454 1256 522; x_wconf 93' lang='lat' dir='ltr'>de-</span> 
     </span>
    </p>

    <p class='ocr_par' dir='ltr' id='par_1_3' title="bbox 88 546 1257 835">
     <span class='ocr_line' id='line_1_4' title="bbox 88 546 1257 641; baseline 0.004 -25"><span class='ocrx_word' id='word_1_26' title='bbox 88 575 91 578; x_wconf 95' lang='lat'>·</span> <span class='ocrx_word' id='word_1_27' title='bbox 116 549 306 637; x_wconf 77' lang='lat' dir='ltr'>prehensis</span> <span class='ocrx_word' id='word_1_28' title='bbox 331 546 397 616; x_wconf 85' lang='lat' dir='ltr'>Alii</span> <span class='ocrx_word' id='word_1_29' title='bbox 423 556 628 640; x_wconf 74' lang='lat' dir='ltr'>metuentes,</span> <span class='ocrx_word' id='word_1_30' title='bbox 662 568 734 618; x_wconf 93' lang='lat' dir='ltr'>oum</span> <span class='ocrx_word' id='word_1_31' title='bbox 761 569 943 639; x_wconf 77' lang='lat' dir='ltr'>processus</span> <span class='ocrx_word' id='word_1_32' title='bbox 968 553 1109 641; x_wconf 91' lang='lat' dir='ltr'>papales</span> <span class='ocrx_word' id='word_1_33' title='bbox 1137 557 1257 621; x_wconf 88' lang='lat' dir='ltr'>terram</span> 
     </span>
     <span class='ocr_line' id='line_1_5' title="bbox 119 648 1257 738; baseline 0.004 -22"><span class='ocrx_word' id='word_1_34' title='bbox 119 653 355 738; x_wconf 74' lang='lat' dir='ltr'>concuterent,</span> <span class='ocrx_word' id='word_1_35' title='bbox 384 648 492 716; x_wconf 84' lang='lat' dir='ltr'>dicere</span> <span class='ocrx_word' id='word_1_36' title='bbox 519 649 729 718; x_wconf 89' lang='lat' dir='ltr'>videbantur:</span> <span class='ocrx_word' id='word_1_37' title='bbox 761 649 879 718; x_wconf 84' lang='lat' dir='ltr'>Merito</span> <span class='ocrx_word' id='word_1_38' title='bbox 904 649 964 718; x_wconf 86' lang='lat' dir='ltr'>lrcc</span> <span class='ocrx_word' id='word_1_39' title='bbox 983 653 1140 736; x_wconf 82' lang='lat' dir='ltr'>potimur.</span> <span class='ocrx_word' id='word_1_40' title='bbox 1178 651 1257 722; x_wconf 85' lang='lat' dir='ltr'>Mo-</span> 
     </span>
     <span class='ocr_line' id='line_1_6' title="bbox 117 747 1113 835; baseline 0.006 -21"><span class='ocrx_word' id='word_1_41' title='bbox 117 748 273 814; x_wconf 89' lang='lat' dir='ltr'>nasteriis</span> <span class='ocrx_word' id='word_1_42' title='bbox 302 753 410 815; x_wconf 91' lang='lat' dir='ltr'>tamen</span> <span class='ocrx_word' id='word_1_43' title='bbox 436 747 498 816; x_wconf 89' lang='lat' dir='ltr'>sub</span> <span class='ocrx_word' id='word_1_44' title='bbox 524 747 589 816; x_wconf 93' lang='lat' dir='ltr'>boc</span> <span class='ocrx_word' id='word_1_45' title='bbox 615 748 744 816; x_wconf 90' lang='lat' dir='ltr'>turbine</span> <span class='ocrx_word' id='word_1_46' title='bbox 770 750 885 816; x_wconf 91' lang='lat' dir='ltr'>vivere</span> <span class='ocrx_word' id='word_1_47' title='bbox 912 767 1016 835; x_wconf 88' lang='lat' dir='ltr'>grave</span> <span class='ocrx_word' id='word_1_48' title='bbox 1044 749 1113 820; x_wconf 88' lang='lat' dir='ltr'>luit.</span> 
     </span>
    </p>

    <p class='ocr_par' dir='ltr' id='par_1_4' title="bbox 113 845 1258 1823">
     <span class='ocr_line' id='line_1_7' title="bbox 190 845 1257 936; baseline 0 -22"><span class='ocrx_word' id='word_1_49' title='bbox 190 845 266 914; x_wconf 91' lang='lat' dir='ltr'>Hoc</span> <span class='ocrx_word' id='word_1_50' title='bbox 292 852 440 934; x_wconf 91' lang='lat' dir='ltr'>tempore</span> <span class='ocrx_word' id='word_1_51' title='bbox 466 847 666 916; x_wconf 89' lang='lat' dir='ltr'>venerabilis</span> <span class='ocrx_word' id='word_1_52' title='bbox 691 853 786 934; x_wconf 90' lang='lat' dir='ltr'>pater</span> <span class='ocrx_word' id='word_1_53' title='bbox 815 847 1042 918; x_wconf 87' lang='lat' dir='ltr'>Bertbrandus</span> <span class='ocrx_word' id='word_1_54' title='bbox 1071 847 1257 936; x_wconf 89' lang='lat' dir='ltr'>patriarcba</span> 
     </span>
     <span class='ocr_line' id='line_1_8' title="bbox 117 945 1258 1035; baseline 0.003 -24"><span class='ocrx_word' id='word_1_55' title='bbox 117 961 260 1032; x_wconf 94' lang='lat' dir='ltr'>corpora</span> <span class='ocrx_word' id='word_1_56' title='bbox 286 945 458 1013; x_wconf 91' lang='lat' dir='ltr'>beatorum</span> <span class='ocrx_word' id='word_1_57' title='bbox 485 945 607 1035; x_wconf 85' lang='lat' dir='ltr'>Helori,</span> <span class='ocrx_word' id='word_1_58' title='bbox 635 947 690 1032; x_wconf 84' lang='lat' dir='ltr'>qui</span> <span class='ocrx_word' id='word_1_59' title='bbox 715 946 832 1013; x_wconf 91' lang='lat' dir='ltr'>tertius</span> <span class='ocrx_word' id='word_1_60' title='bbox 857 952 937 1034; x_wconf 92' lang='lat' dir='ltr'>post</span> <span class='ocrx_word' id='word_1_61' title='bbox 955 946 1088 1014; x_wconf 91' lang='lat' dir='ltr'>beatum</span> <span class='ocrx_word' id='word_1_62' title='bbox 1108 946 1258 1014; x_wconf 89' lang='lat' dir='ltr'>Marcum</span> 
     </span>
     <span class='ocr_line' id='line_1_9' title="bbox 115 1039 1258 1133; baseline 0.003 -23"><span class='ocrx_word' id='word_1_63' title='bbox 115 1039 394 1130; x_wconf 85' lang='lat' dir='ltr'>Aquilegiensem</span> <span class='ocrx_word' id='word_1_64' title='bbox 429 1045 606 1112; x_wconf 91' lang='lat' dir='ltr'>ecclesiam</span> <span class='ocrx_word' id='word_1_65' title='bbox 640 1043 858 1133; x_wconf 83' lang='lat' dir='ltr'>gubernavit,</span> <span class='ocrx_word' id='word_1_66' title='bbox 894 1052 928 1113; x_wconf 91' lang='lat' dir='ltr'>et</span> <span class='ocrx_word' id='word_1_67' title='bbox 953 1046 1006 1112; x_wconf 92' lang='lat' dir='ltr'>sui</span> <span class='ocrx_word' id='word_1_68' title='bbox 1031 1044 1258 1114; x_wconf 89' lang='lat' dir='ltr'>archidiaconi</span> 
     </span>
     <span class='ocr_line' id='line_1_10' title="bbox 117 1141 1258 1232; baseline 0 -22"><span class='ocrx_word' id='word_1_69' title='bbox 117 1143 259 1232; x_wconf 86' lang='lat' dir='ltr'>Tatiani,</span> <span class='ocrx_word' id='word_1_70' title='bbox 287 1161 360 1210; x_wconf 91' lang='lat' dir='ltr'>cum</span> <span class='ocrx_word' id='word_1_71' title='bbox 388 1143 506 1230; x_wconf 89' lang='lat' dir='ltr'>quibus</span> <span class='ocrx_word' id='word_1_72' title='bbox 532 1142 625 1210; x_wconf 86' lang='lat' dir='ltr'>Felix</span> <span class='ocrx_word' id='word_1_73' title='bbox 643 1141 776 1228; x_wconf 82' lang='lat' dir='ltr'>Largus</span> <span class='ocrx_word' id='word_1_74' title='bbox 801 1141 985 1232; x_wconf 84' lang='lat' dir='ltr'>Dionysius</span> <span class='ocrx_word' id='word_1_75' title='bbox 1012 1146 1105 1232; x_wconf 93' lang='lat' dir='ltr'>passi</span> <span class='ocrx_word' id='word_1_76' title='bbox 1130 1144 1258 1230; x_wconf 89' lang='lat' dir='ltr'>legun-</span> 
     </span>
     <span class='ocr_line' id='line_1_11' title="bbox 116 1239 1258 1332; baseline 0.002 -24"><span class='ocrx_word' id='word_1_77' title='bbox 116 1245 169 1309; x_wconf 95' lang='lat' dir='ltr'>tur</span> <span class='ocrx_word' id='word_1_78' title='bbox 186 1260 206 1309; x_wconf 95' lang='lat' dir='ltr'>a</span> <span class='ocrx_word' id='word_1_79' title='bbox 222 1241 383 1310; x_wconf 92' lang='lat' dir='ltr'>Berronio</span> <span class='ocrx_word' id='word_1_80' title='bbox 401 1241 535 1329; x_wconf 87' lang='lat' dir='ltr'>preside</span> <span class='ocrx_word' id='word_1_81' title='bbox 553 1242 615 1309; x_wconf 91' lang='lat' dir='ltr'>sub</span> <span class='ocrx_word' id='word_1_82' title='bbox 638 1241 838 1310; x_wconf 87' lang='lat' dir='ltr'>Numeriano</span> <span class='ocrx_word' id='word_1_83' title='bbox 856 1245 1017 1332; x_wconf 88' lang='lat' dir='ltr'>principe,</span> <span class='ocrx_word' id='word_1_84' title='bbox 1044 1241 1132 1331; x_wconf 92' lang='lat' dir='ltr'>apud</span> <span class='ocrx_word' id='word_1_85' title='bbox 1149 1239 1258 1329; x_wconf 86' lang='lat' dir='ltr'>Aqui-</span> 
     </span>
     <span class='ocr_line' id='line_1_12' title="bbox 116 1339 1257 1430; baseline 0.002 -24"><span class='ocrx_word' id='word_1_86' title='bbox 116 1339 241 1425; x_wconf 87' lang='lat' dir='ltr'>legiam</span> <span class='ocrx_word' id='word_1_87' title='bbox 269 1340 448 1410; x_wconf 90' lang='lat' dir='ltr'>devotione</span> <span class='ocrx_word' id='word_1_88' title='bbox 475 1340 598 1408; x_wconf 92' lang='lat' dir='ltr'>celebri</span> <span class='ocrx_word' id='word_1_89' title='bbox 629 1341 813 1430; x_wconf 81' lang='lat' dir='ltr'>transtulit,</span> <span class='ocrx_word' id='word_1_90' title='bbox 842 1349 875 1408; x_wconf 93' lang='lat' dir='ltr'>et</span> <span class='ocrx_word' id='word_1_91' title='bbox 900 1341 943 1409; x_wconf 91' lang='lat' dir='ltr'>ad</span> <span class='ocrx_word' id='word_1_92' title='bbox 968 1343 1077 1410; x_wconf 92' lang='lat' dir='ltr'>locum</span> <span class='ocrx_word' id='word_1_93' title='bbox 1103 1343 1257 1409; x_wconf 91' lang='lat' dir='ltr'>eminen-</span> 
     </span>
     <span class='ocr_line' id='line_1_13' title="bbox 116 1439 1257 1528; baseline 0.003 -23"><span class='ocrx_word' id='word_1_94' title='bbox 116 1441 235 1506; x_wconf 94' lang='lat' dir='ltr'>tiorem</span> <span class='ocrx_word' id='word_1_95' title='bbox 270 1440 416 1508; x_wconf 86' lang='lat' dir='ltr'>ecclesie</span> <span class='ocrx_word' id='word_1_96' title='bbox 443 1440 674 1508; x_wconf 88' lang='lat' dir='ltr'>venerabiliter</span> <span class='ocrx_word' id='word_1_97' title='bbox 701 1439 853 1508; x_wconf 81' lang='lat' dir='ltr'>elevavit.</span> <span class='ocrx_word' id='word_1_98' title='bbox 892 1439 1040 1528; x_wconf 85' lang='lat' dir='ltr'>Corpora</span> <span class='ocrx_word' id='word_1_99' title='bbox 1065 1442 1257 1527; x_wconf 90' lang='lat' dir='ltr'>incorrupta</span> 
     </span>
     <span class='ocr_line' id='line_1_14' title="bbox 114 1537 1256 1625; baseline 0 -20"><span class='ocrx_word' id='word_1_100' title='bbox 114 1544 220 1605; x_wconf 91' lang='lat' dir='ltr'>totam</span> <span class='ocrx_word' id='word_1_101' title='bbox 254 1538 422 1608; x_wconf 91' lang='lat' dir='ltr'>basilicam</span> <span class='ocrx_word' id='word_1_102' title='bbox 457 1545 556 1625; x_wconf 83' lang='lat' dir='ltr'>atque</span> <span class='ocrx_word' id='word_1_103' title='bbox 583 1556 700 1606; x_wconf 91' lang='lat' dir='ltr'>omnes</span> <span class='ocrx_word' id='word_1_104' title='bbox 727 1539 782 1625; x_wconf 87' lang='lat' dir='ltr'>qui</span> <span class='ocrx_word' id='word_1_105' title='bbox 809 1537 949 1606; x_wconf 87' lang='lat' dir='ltr'>aderant</span> <span class='ocrx_word' id='word_1_106' title='bbox 973 1540 1055 1606; x_wconf 92' lang='lat' dir='ltr'>mira</span> <span class='ocrx_word' id='word_1_107' title='bbox 1081 1540 1256 1606; x_wconf 89' lang='lat' dir='ltr'>suavitatis</span> 
     </span>
     <span class='ocr_line' id='line_1_15' title="bbox 113 1636 1256 1725; baseline 0.001 -20"><span class='ocrx_word' id='word_1_108' title='bbox 113 1636 299 1722; x_wconf 80' lang='lat' dir='ltr'>fragrantia</span> <span class='ocrx_word' id='word_1_109' title='bbox 325 1643 566 1725; x_wconf 88' lang='lat' dir='ltr'>resperserunt.</span> <span class='ocrx_word' id='word_1_110' title='bbox 596 1638 749 1706; x_wconf 84' lang='lat' dir='ltr'>Estimati</span> <span class='ocrx_word' id='word_1_111' title='bbox 779 1642 857 1704; x_wconf 87' lang='lat' dir='ltr'>sunt</span> <span class='ocrx_word' id='word_1_112' title='bbox 882 1645 991 1707; x_wconf 91' lang='lat' dir='ltr'>autem</span> <span class='ocrx_word' id='word_1_113' title='bbox 1018 1637 1107 1706; x_wconf 89' lang='lat' dir='ltr'>mille</span> <span class='ocrx_word' id='word_1_114' title='bbox 1135 1643 1168 1706; x_wconf 91' lang='lat' dir='ltr'>et</span> <span class='ocrx_word' id='word_1_115' title='bbox 1193 1639 1256 1706; x_wconf 85' lang='lat' dir='ltr'>tri-</span> 
     </span>
     <span class='ocr_line' id='line_1_16' title="bbox 114 1737 786 1823; baseline 0.004 -21"><span class='ocrx_word' id='word_1_116' title='bbox 114 1737 212 1823; x_wconf 85' lang='lat' dir='ltr'>ginta</span> <span class='ocrx_word' id='word_1_117' title='bbox 238 1754 345 1806; x_wconf 90' lang='lat' dir='ltr'>annos</span> <span class='ocrx_word' id='word_1_118' title='bbox 371 1737 426 1804; x_wconf 89' lang='lat' dir='ltr'>vel</span> <span class='ocrx_word' id='word_1_119' title='bbox 453 1737 581 1804; x_wconf 82' lang='lat' dir='ltr'>circiter</span> <span class='ocrx_word' id='word_1_120' title='bbox 604 1737 786 1822; x_wconf 90' lang='lat' dir='ltr'>quievisse.</span> 
     </span>
    </p>

    <p class='ocr_par' dir='ltr' id='par_1_5' title="bbox 111 1831 1362 2814">
     <span class='ocr_line' id='line_1_17' title="bbox 191 1831 1331 1922; baseline -0.003 -19"><span class='ocrx_word' id='word_1_121' title='bbox 191 1835 293 1904; x_wconf 91' lang='lat' dir='ltr'>Porro</span> <span class='ocrx_word' id='word_1_122' title='bbox 319 1835 486 1904; x_wconf 88' lang='lat' dir='ltr'>lohannes</span> <span class='ocrx_word' id='word_1_123' title='bbox 511 1853 570 1902; x_wconf 88' lang='lat' dir='ltr'>rex</span> <span class='ocrx_word' id='word_1_124' title='bbox 593 1834 753 1903; x_wconf 92' lang='lat' dir='ltr'>Bobemie</span> <span class='ocrx_word' id='word_1_125' title='bbox 779 1831 950 1902; x_wconf 81' lang='lat' dir='ltr'>Alberlum</span> <span class='ocrx_word' id='word_1_126' title='bbox 978 1833 1094 1902; x_wconf 93' lang='lat' dir='ltr'>ducem</span> <span class='ocrx_word' id='word_1_127' title='bbox 1127 1831 1254 1922; x_wconf 88' lang='lat' dir='ltr'>otiatur,</span> <span class='ocrx_word' id='word_1_128' title='bbox 1273 1861 1331 1902; x_wconf 76' lang='lat' dir='ltr'>rar.</span> 
     </span>
     <span class='ocr_line' id='line_1_18' title="bbox 114 1931 1362 2023; baseline -0.001 -22"><span class='ocrx_word' id='word_1_129' title='bbox 114 1934 297 2020; x_wconf 86' lang='lat' dir='ltr'>querulans</span> <span class='ocrx_word' id='word_1_130' title='bbox 333 1934 391 2002; x_wconf 86' lang='lat' dir='ltr'>ibi</span> <span class='ocrx_word' id='word_1_131' title='bbox 416 1935 468 2002; x_wconf 87' lang='lat' dir='ltr'>sui</span> <span class='ocrx_word' id='word_1_132' title='bbox 494 1951 640 2002; x_wconf 90' lang='lat' dir='ltr'>oausam.</span> <span class='ocrx_word' id='word_1_133' title='bbox 680 1934 722 2000; x_wconf 87' lang='lat' dir='ltr'>Et</span> <span class='ocrx_word' id='word_1_134' title='bbox 748 1931 824 2002; x_wconf 94' lang='lat' dir='ltr'>dum</span> <span class='ocrx_word' id='word_1_135' title='bbox 850 1935 884 2000; x_wconf 94' lang='lat' dir='ltr'>in</span> <span class='ocrx_word' id='word_1_136' title='bbox 912 1933 1064 2001; x_wconf 91' lang='lat' dir='ltr'>conclavi</span> <span class='ocrx_word' id='word_1_137' title='bbox 1090 1931 1142 1999; x_wconf 93' lang='lat' dir='ltr'>bic</span> <span class='ocrx_word' id='word_1_138' title='bbox 1167 1947 1255 2020; x_wconf 90' lang='lat' dir='ltr'>pene</span> <span class='ocrx_word' id='word_1_139' title='bbox 1361 2020 1362 2023; x_wconf 8' lang='grc' dir='ltr'><strong>Ἴ</strong></span> 
     </span>
     <span class='ocr_line' id='line_1_19' title="bbox 113 2029 1256 2123; baseline -0.002 -23"><span class='ocrx_word' id='word_1_140' title='bbox 113 2048 235 2123; x_wconf 79' lang='lat' dir='ltr'>cecuS,</span> <span class='ocrx_word' id='word_1_141' title='bbox 263 2034 346 2101; x_wconf 90' lang='lat' dir='ltr'>alter</span> <span class='ocrx_word' id='word_1_142' title='bbox 371 2033 589 2101; x_wconf 93' lang='lat' dir='ltr'>membrorum</span> <span class='ocrx_word' id='word_1_143' title='bbox 620 2049 689 2099; x_wconf 94' lang='lat' dir='ltr'>non</span> <span class='ocrx_word' id='word_1_144' title='bbox 716 2048 870 2122; x_wconf 90' lang='lat' dir='ltr'>compos,</span> <span class='ocrx_word' id='word_1_145' title='bbox 898 2033 1134 2099; x_wconf 86' lang='lat' dir='ltr'>sermocinium</span> <span class='ocrx_word' id='word_1_146' title='bbox 1160 2029 1256 2098; x_wconf 88' lang='lat' dir='ltr'>lace·-</span> 
     </span>
     <span class='ocr_line' id='line_1_20' title="bbox 112 2130 1256 2221; baseline -0.003 -22"><span class='ocrx_word' id='word_1_147' title='bbox 112 2137 206 2199; x_wconf 89' lang='lat' dir='ltr'>rent:</span> <span class='ocrx_word' id='word_1_148' title='bbox 240 2151 340 2220; x_wconf 92' lang='lat' dir='ltr'>super</span> <span class='ocrx_word' id='word_1_149' title='bbox 374 2149 441 2219; x_wconf 85' lang='lat' dir='ltr'>quo</span> <span class='ocrx_word' id='word_1_150' title='bbox 476 2132 568 2200; x_wconf 86' lang='lat' dir='ltr'>linito</span> <span class='ocrx_word' id='word_1_151' title='bbox 602 2130 792 2221; x_wconf 86' lang='lat' dir='ltr'>colloquio,</span> <span class='ocrx_word' id='word_1_152' title='bbox 819 2149 878 2198; x_wconf 87' lang='lat' dir='ltr'>rex</span> <span class='ocrx_word' id='word_1_153' title='bbox 902 2136 939 2197; x_wconf 93' lang='lat' dir='ltr'>ut</span> <span class='ocrx_word' id='word_1_154' title='bbox 965 2132 1071 2198; x_wconf 85' lang='lat' dir='ltr'>exiret</span> <span class='ocrx_word' id='word_1_155' title='bbox 1096 2131 1256 2218; x_wconf 90' lang='lat' dir='ltr'>parietem</span> 
     </span>
     <span class='ocr_line' id='line_1_21' title="bbox 111 2227 1257 2322; baseline -0.002 -24"><span class='ocrx_word' id='word_1_156' title='bbox 111 2229 300 2322; x_wconf 86' lang='lat' dir='ltr'>palpitavit,</span> <span class='ocrx_word' id='word_1_157' title='bbox 326 2249 395 2299; x_wconf 95' lang='lat' dir='ltr'>non</span> <span class='ocrx_word' id='word_1_158' title='bbox 420 2231 538 2299; x_wconf 86' lang='lat' dir='ltr'>valens</span> <span class='ocrx_word' id='word_1_159' title='bbox 565 2232 687 2299; x_wconf 90' lang='lat' dir='ltr'>ostium</span> <span class='ocrx_word' id='word_1_160' title='bbox 705 2231 860 2318; x_wconf 92' lang='lat' dir='ltr'>reperire,</span> <span class='ocrx_word' id='word_1_161' title='bbox 888 2230 956 2297; x_wconf 86' lang='lat' dir='ltr'>dux</span> <span class='ocrx_word' id='word_1_162' title='bbox 973 2247 1088 2315; x_wconf 88' lang='lat' dir='ltr'>regem</span> <span class='ocrx_word' id='word_1_163' title='bbox 1106 2227 1148 2296; x_wconf 92' lang='lat' dir='ltr'>de</span> <span class='ocrx_word' id='word_1_164' title='bbox 1168 2229 1257 2296; x_wconf 91' lang='lat' dir='ltr'>ostio</span> 
     </span>
     <span class='ocr_line' id='line_1_22' title="bbox 112 2326 1258 2421; baseline -0.002 -25"><span class='ocrx_word' id='word_1_165' title='bbox 112 2326 308 2421; x_wconf 83' lang='lat' dir='ltr'>informans,</span> <span class='ocrx_word' id='word_1_166' title='bbox 327 2331 506 2398; x_wconf 91' lang='lat' dir='ltr'>cecutienti</span> <span class='ocrx_word' id='word_1_167' title='bbox 520 2346 588 2398; x_wconf 94' lang='lat' dir='ltr'>non</span> <span class='ocrx_word' id='word_1_168' title='bbox 606 2329 711 2396; x_wconf 85' lang='lat' dir='ltr'>valuit</span> <span class='ocrx_word' id='word_1_169' title='bbox 731 2328 921 2417; x_wconf 87' lang='lat' dir='ltr'>subvenire,</span> <span class='ocrx_word' id='word_1_170' title='bbox 936 2345 1112 2415; x_wconf 84' lang='lat' dir='ltr'>quousque</span> <span class='ocrx_word' id='word_1_171' title='bbox 1129 2328 1258 2394; x_wconf 89' lang='lat' dir='ltr'>utrius-</span> 
     </span>
     <span class='ocr_line' id='line_1_23' title="bbox 113 2425 1258 2518; baseline -0.002 -22"><span class='ocrx_word' id='word_1_172' title='bbox 113 2445 181 2515; x_wconf 82' lang='lat' dir='ltr'>que</span> <span class='ocrx_word' id='word_1_173' title='bbox 216 2428 362 2497; x_wconf 85' lang='lat' dir='ltr'>iocando</span> <span class='ocrx_word' id='word_1_174' title='bbox 390 2428 528 2497; x_wconf 91' lang='lat' dir='ltr'>ridiculo</span> <span class='ocrx_word' id='word_1_175' title='bbox 554 2445 613 2518; x_wconf 92' lang='lat' dir='ltr'>pre</span> <span class='ocrx_word' id='word_1_176' title='bbox 640 2426 766 2495; x_wconf 87' lang='lat' dir='ltr'>loribus</span> <span class='ocrx_word' id='word_1_177' title='bbox 793 2425 980 2494; x_wconf 86' lang='lat' dir='ltr'>residentes</span> <span class='ocrx_word' id='word_1_178' title='bbox 1004 2429 1125 2494; x_wconf 90' lang='lat' dir='ltr'>ostium</span> <span class='ocrx_word' id='word_1_179' title='bbox 1144 2427 1258 2513; x_wconf 91' lang='lat' dir='ltr'>aperi-</span> 
     </span>
     <span class='ocr_line' id='line_1_24' title="bbox 111 2525 1257 2615; baseline -0.003 -21"><span class='ocrx_word' id='word_1_180' title='bbox 111 2531 198 2594; x_wconf 84' lang='lat' dir='ltr'>rent</span> <span class='ocrx_word' id='word_1_181' title='bbox 239 2527 369 2596; x_wconf 89' lang='lat' dir='ltr'>Deinde</span> <span class='ocrx_word' id='word_1_182' title='bbox 404 2527 447 2595; x_wconf 92' lang='lat' dir='ltr'>ad</span> <span class='ocrx_word' id='word_1_183' title='bbox 480 2544 600 2615; x_wconf 90' lang='lat' dir='ltr'>papam</span> <span class='ocrx_word' id='word_1_184' title='bbox 636 2525 678 2593; x_wconf 92' lang='lat' dir='ltr'>ad</span> <span class='ocrx_word' id='word_1_185' title='bbox 715 2542 829 2611; x_wconf 89' lang='lat' dir='ltr'>regern</span> <span class='ocrx_word' id='word_1_186' title='bbox 855 2526 992 2596; x_wconf 83' lang='lat' dir='ltr'>Franeie</span> <span class='ocrx_word' id='word_1_187' title='bbox 1020 2526 1062 2593; x_wconf 91' lang='lat' dir='ltr'>ad</span> <span class='ocrx_word' id='word_1_188' title='bbox 1088 2526 1257 2613; x_wconf 90' lang='lat' dir='ltr'>principes</span> 
     </span>
     <span class='ocr_line' id='line_1_25' title="bbox 111 2624 1259 2714; baseline -0.004 -20"><span class='ocrx_word' id='word_1_189' title='bbox 111 2624 248 2694; x_wconf 89' lang='lat' dir='ltr'>nobiles</span> <span class='ocrx_word' id='word_1_190' title='bbox 277 2633 310 2695; x_wconf 88' lang='lat' dir='ltr'>et</span> <span class='ocrx_word' id='word_1_191' title='bbox 336 2628 461 2695; x_wconf 92' lang='lat' dir='ltr'>amicos</span> <span class='ocrx_word' id='word_1_192' title='bbox 489 2626 647 2696; x_wconf 86' lang='lat' dir='ltr'>deterens</span> <span class='ocrx_word' id='word_1_193' title='bbox 683 2624 856 2710; x_wconf 89' lang='lat' dir='ltr'>negotium</span> <span class='ocrx_word' id='word_1_194' title='bbox 883 2642 997 2714; x_wconf 89' lang='lat' dir='ltr'>suum,</span> <span class='ocrx_word' id='word_1_195' title='bbox 1024 2624 1198 2693; x_wconf 93' lang='lat' dir='ltr'>consilium</span> <span class='ocrx_word' id='word_1_196' title='bbox 1225 2627 1259 2690; x_wconf 91' lang='lat' dir='ltr'>et</span> 
     </span>
     <span class='ocr_line' id='line_1_26' title="bbox 113 2725 1044 2814; baseline 0 -21"><span class='ocrx_word' id='word_1_197' title='bbox 113 2725 274 2793; x_wconf 89' lang='lat' dir='ltr'>auxilium</span> <span class='ocrx_word' id='word_1_198' title='bbox 301 2725 505 2814; x_wconf 91' lang='lat' dir='ltr'>deprecatur.</span> <span class='ocrx_word' id='word_1_199' title='bbox 1038 2731 1044 2737; x_wconf 84' lang='grc'>’</span> 
     </span>
    </p>

    <p class='ocr_par' dir='ltr' id='par_1_6' title="bbox 112 2819 1335 4297">
     <span class='ocr_line' id='line_1_27' title="bbox 193 2819 1335 2915; baseline -0.003 -24"><span class='ocrx_word' id='word_1_200' title='bbox 193 2823 268 2892; x_wconf 91' lang='lat' dir='ltr'>Hoc</span> <span class='ocrx_word' id='word_1_201' title='bbox 288 2842 376 2892; x_wconf 90' lang='lat' dir='ltr'>anno</span> <span class='ocrx_word' id='word_1_202' title='bbox 400 2830 547 2912; x_wconf 92' lang='lat' dir='ltr'>tempore</span> <span class='ocrx_word' id='word_1_203' title='bbox 566 2825 754 2912; x_wconf 88' lang='lat' dir='ltr'>incipientis</span> <span class='ocrx_word' id='word_1_204' title='bbox 773 2824 897 2915; x_wconf 88' lang='lat' dir='ltr'>aprilis,</span> <span class='ocrx_word' id='word_1_205' title='bbox 920 2821 1093 2910; x_wconf 89' lang='lat' dir='ltr'>glaciebus</span> <span class='ocrx_word' id='word_1_206' title='bbox 1108 2819 1256 2908; x_wconf 87' lang='lat' dir='ltr'>undique</span> <span class='ocrx_word' id='word_1_207' title='bbox 1276 2857 1335 2897; x_wconf 70' lang='lat' dir='ltr'>rra.</span> 
     </span>
     <span class='ocr_line' id='line_1_28' title="bbox 115 2920 1256 3012; baseline -0.004 -22"><span class='ocrx_word' id='word_1_208' title='bbox 115 2921 306 3012; x_wconf 89' lang='lat' dir='ltr'>dissolutis,</span> <span class='ocrx_word' id='word_1_209' title='bbox 334 2923 538 3009; x_wconf 82' lang='lat' dir='ltr'>graminibus</span> <span class='ocrx_word' id='word_1_210' title='bbox 563 2922 713 2992; x_wconf 92' lang='lat' dir='ltr'>deterre</span> <span class='ocrx_word' id='word_1_211' title='bbox 739 2925 831 3011; x_wconf 94' lang='lat' dir='ltr'>poris</span> <span class='ocrx_word' id='word_1_212' title='bbox 858 2921 1118 3011; x_wconf 89' lang='lat' dir='ltr'>erumpentibus,</span> <span class='ocrx_word' id='word_1_213' title='bbox 1145 2920 1256 3007; x_wconf 93' lang='lat' dir='ltr'>inopi-</span> 
     </span>
     <span class='ocr_line' id='line_1_29' title="bbox 112 3021 1257 3113; baseline -0.002 -25"><span class='ocrx_word' id='word_1_214' title='bbox 112 3025 230 3089; x_wconf 89' lang='lat' dir='ltr'>natum</span> <span class='ocrx_word' id='word_1_215' title='bbox 263 3021 367 3108; x_wconf 89' lang='lat' dir='ltr'>lrigus</span> <span class='ocrx_word' id='word_1_216' title='bbox 403 3041 561 3110; x_wconf 88' lang='lat' dir='ltr'>aquarum</span> <span class='ocrx_word' id='word_1_217' title='bbox 587 3025 844 3113; x_wconf 91' lang='lat' dir='ltr'>constrictione,</span> <span class='ocrx_word' id='word_1_218' title='bbox 872 3031 1048 3091; x_wconf 87' lang='lat' dir='ltr'>ventorum</span> <span class='ocrx_word' id='word_1_219' title='bbox 1074 3027 1175 3106; x_wconf 80' lang='lat' dir='ltr'>atque</span> <span class='ocrx_word' id='word_1_220' title='bbox 1201 3021 1257 3086; x_wconf 92' lang='lat' dir='ltr'>ni-</span> 
     </span>
     <span class='ocr_line' id='line_1_30' title="bbox 112 3120 1258 3210; baseline -0.003 -23"><span class='ocrx_word' id='word_1_221' title='bbox 112 3121 205 3188; x_wconf 86' lang='lat' dir='ltr'>vium</span> <span class='ocrx_word' id='word_1_222' title='bbox 224 3120 391 3188; x_wconf 90' lang='lat' dir='ltr'>densitate</span> <span class='ocrx_word' id='word_1_223' title='bbox 411 3121 529 3208; x_wconf 87' lang='lat' dir='ltr'>hyems</span> <span class='ocrx_word' id='word_1_224' title='bbox 547 3121 650 3188; x_wconf 92' lang='lat' dir='ltr'>altera</span> <span class='ocrx_word' id='word_1_225' title='bbox 666 3123 768 3210; x_wconf 93' lang='lat' dir='ltr'>irruit,</span> <span class='ocrx_word' id='word_1_226' title='bbox 796 3124 896 3190; x_wconf 90' lang='lat' dir='ltr'>itaut</span> <span class='ocrx_word' id='word_1_227' title='bbox 922 3121 1043 3189; x_wconf 88' lang='lat' dir='ltr'>multos</span> <span class='ocrx_word' id='word_1_228' title='bbox 1068 3123 1258 3205; x_wconf 87' lang='lat' dir='ltr'>percuteret</span> 
     </span>
     <span class='ocr_line' id='line_1_31' title="bbox 112 3217 1256 3305; baseline -0.003 -19"><span class='ocrx_word' id='word_1_229' title='bbox 112 3219 168 3286; x_wconf 86' lang='lat' dir='ltr'>vis</span> <span class='ocrx_word' id='word_1_230' title='bbox 195 3219 331 3305; x_wconf 88' lang='lat' dir='ltr'>algoris.</span> <span class='ocrx_word' id='word_1_231' title='bbox 364 3219 406 3288; x_wconf 88' lang='lat' dir='ltr'>Et</span> <span class='ocrx_word' id='word_1_232' title='bbox 431 3219 508 3288; x_wconf 94' lang='lat' dir='ltr'>dum</span> <span class='ocrx_word' id='word_1_233' title='bbox 532 3219 659 3305; x_wconf 91' lang='lat' dir='ltr'>glacies</span> <span class='ocrx_word' id='word_1_234' title='bbox 679 3221 865 3289; x_wconf 89' lang='lat' dir='ltr'>solveretur</span> <span class='ocrx_word' id='word_1_235' title='bbox 887 3225 920 3288; x_wconf 93' lang='lat' dir='ltr'>et</span> <span class='ocrx_word' id='word_1_236' title='bbox 936 3219 1060 3286; x_wconf 88' lang='lat' dir='ltr'>nivium</span> <span class='ocrx_word' id='word_1_237' title='bbox 1077 3217 1256 3302; x_wconf 89' lang='lat' dir='ltr'>congeries</span> 
     </span>
     <span class='ocr_line' id='line_1_32' title="bbox 113 3317 1257 3407; baseline -0.003 -21"><span class='ocrx_word' id='word_1_238' title='bbox 113 3317 282 3386; x_wconf 91' lang='lat' dir='ltr'>solaribus</span> <span class='ocrx_word' id='word_1_239' title='bbox 304 3319 439 3404; x_wconf 87' lang='lat' dir='ltr'>ignibus</span> <span class='ocrx_word' id='word_1_240' title='bbox 458 3317 678 3407; x_wconf 91' lang='lat' dir='ltr'>scinderetur,</span> <span class='ocrx_word' id='word_1_241' title='bbox 697 3321 794 3404; x_wconf 91' lang='lat' dir='ltr'>quasi</span> <span class='ocrx_word' id='word_1_242' title='bbox 816 3319 959 3386; x_wconf 94' lang='lat' dir='ltr'>omnium</span> <span class='ocrx_word' id='word_1_243' title='bbox 973 3317 1143 3384; x_wconf 92' lang='lat' dir='ltr'>lluminum</span> <span class='ocrx_word' id='word_1_244' title='bbox 1160 3333 1257 3401; x_wconf 90' lang='lat' dir='ltr'>mag·</span> 
     </span>
     <span class='ocr_line' id='line_1_33' title="bbox 113 3413 1257 3505; baseline 0 -23"><span class='ocrx_word' id='word_1_245' title='bbox 113 3433 235 3484; x_wconf 93' lang='lat' dir='ltr'>norum</span> <span class='ocrx_word' id='word_1_246' title='bbox 260 3418 518 3505; x_wconf 77' lang='lat' dir='ltr'>totiusliurope</span> <span class='ocrx_word' id='word_1_247' title='bbox 541 3423 575 3485; x_wconf 90' lang='lat' dir='ltr'>et</span> <span class='ocrx_word' id='word_1_248' title='bbox 594 3417 806 3504; x_wconf 90' lang='lat' dir='ltr'>parvulorum</span> <span class='ocrx_word' id='word_1_249' title='bbox 829 3417 1064 3484; x_wconf 90' lang='lat' dir='ltr'>incurrentium</span> <span class='ocrx_word' id='word_1_250' title='bbox 1083 3413 1257 3482; x_wconf 88' lang='lat' dir='ltr'>inundatio</span> 
     </span>
     <span class='ocr_line' id='line_1_34' title="bbox 115 3514 1256 3604; baseline -0.001 -23"><span class='ocrx_word' id='word_1_251' title='bbox 115 3515 215 3582; x_wconf 85' lang='lat' dir='ltr'>villas</span> <span class='ocrx_word' id='word_1_252' title='bbox 236 3516 390 3584; x_wconf 88' lang='lat' dir='ltr'>homines</span> <span class='ocrx_word' id='word_1_253' title='bbox 407 3517 544 3584; x_wconf 90' lang='lat' dir='ltr'>arbores</span> <span class='ocrx_word' id='word_1_254' title='bbox 562 3534 663 3602; x_wconf 86' lang='lat' dir='ltr'>agros</span> <span class='ocrx_word' id='word_1_255' title='bbox 689 3522 785 3604; x_wconf 91' lang='lat' dir='ltr'>prata</span> <span class='ocrx_word' id='word_1_256' title='bbox 810 3514 968 3583; x_wconf 90' lang='lat' dir='ltr'>radicitus</span> <span class='ocrx_word' id='word_1_257' title='bbox 996 3514 1127 3602; x_wconf 84' lang='lat' dir='ltr'>evulsit,</span> <span class='ocrx_word' id='word_1_258' title='bbox 1155 3518 1256 3599; x_wconf 86' lang='lat' dir='ltr'>atquo</span> 
     </span>
     <span class='ocr_line' id='line_1_35' title="bbox 114 3612 1257 3703; baseline -0.003 -22"><span class='ocrx_word' id='word_1_259' title='bbox 114 3612 159 3681; x_wconf 93' lang='lat' dir='ltr'>ad</span> <span class='ocrx_word' id='word_1_260' title='bbox 181 3613 356 3684; x_wconf 85' lang='lat' dir='ltr'>interiores</span> <span class='ocrx_word' id='word_1_261' title='bbox 373 3616 490 3684; x_wconf 89' lang='lat' dir='ltr'>alveos</span> <span class='ocrx_word' id='word_1_262' title='bbox 509 3615 707 3703; x_wconf 88' lang='lat' dir='ltr'>deportavit.</span> <span class='ocrx_word' id='word_1_263' title='bbox 739 3614 843 3696; x_wconf 84' lang='lat' dir='ltr'>Quasi</span> <span class='ocrx_word' id='word_1_264' title='bbox 866 3613 1015 3682; x_wconf 89' lang='lat' dir='ltr'>rediviva</span> <span class='ocrx_word' id='word_1_265' title='bbox 1034 3613 1257 3696; x_wconf 88' lang='lat' dir='ltr'>castigatione</span> 
     </span>
     <span class='ocr_line' id='line_1_36' title="bbox 113 3710 1256 3802; baseline -0.003 -22"><span class='ocrx_word' id='word_1_266' title='bbox 113 3719 330 3801; x_wconf 88' lang='lat' dir='ltr'>pcccatorum</span> <span class='ocrx_word' id='word_1_267' title='bbox 346 3714 515 3782; x_wconf 92' lang='lat' dir='ltr'>bominum</span> <span class='ocrx_word' id='word_1_268' title='bbox 532 3720 611 3802; x_wconf 94' lang='lat' dir='ltr'>post</span> <span class='ocrx_word' id='word_1_269' title='bbox 634 3715 773 3802; x_wconf 93' lang='lat' dir='ltr'>primum</span> <span class='ocrx_word' id='word_1_270' title='bbox 799 3713 933 3784; x_wconf 92' lang='lat' dir='ltr'>humani</span> <span class='ocrx_word' id='word_1_271' title='bbox 959 3713 1104 3800; x_wconf 83' lang='lat' dir='ltr'>gencriS,</span> <span class='ocrx_word' id='word_1_272' title='bbox 1132 3710 1256 3798; x_wconf 90' lang='lat' dir='ltr'>apertis</span> 
     </span>
     <span class='ocr_line' id='line_1_37' title="bbox 115 3808 1292 3903; baseline -0.003 -25"><span class='ocrx_word' id='word_1_273' title='bbox 115 3811 181 3879; x_wconf 89' lang='lat' dir='ltr'>celi</span> <span class='ocrx_word' id='word_1_274' title='bbox 203 3814 390 3903; x_wconf 70' lang='lat' dir='ltr'>cataractis</span> <span class='ocrx_word' id='word_1_275' title='bbox 417 3812 585 3882; x_wconf 90' lang='lat' dir='ltr'>secundus</span> <span class='ocrx_word' id='word_1_276' title='bbox 604 3814 744 3880; x_wconf 87' lang='lat' dir='ltr'>exilierlt</span> <span class='ocrx_word' id='word_1_277' title='bbox 761 3811 997 3899; x_wconf 87' lang='lat' dir='ltr'>cataclysmus,</span> <span class='ocrx_word' id='word_1_278' title='bbox 1025 3815 1058 3877; x_wconf 92' lang='lat' dir='ltr'>et</span> <span class='ocrx_word' id='word_1_279' title='bbox 1073 3810 1165 3876; x_wconf 86' lang='lat' dir='ltr'>iuxta</span> <span class='ocrx_word' id='word_1_280' title='bbox 1182 3808 1256 3875; x_wconf 91' lang='lat' dir='ltr'>Lu·</span> <span class='ocrx_word' id='word_1_281' title='bbox 1289 3849 1292 3854; x_wconf 90' lang='lat'><em>-</em></span> 
     </span>
     <span class='ocr_line' id='line_1_38' title="bbox 116 3905 1256 4000; baseline -0.004 -23"><span class='ocrx_word' id='word_1_282' title='bbox 116 3927 255 4000; x_wconf 87' lang='lat' dir='ltr'>canum:</span> <span class='ocrx_word' id='word_1_283' title='bbox 281 3911 555 4000; x_wconf 87' lang='lat' dir='ltr'>„Deucalioneos</span> <span class='ocrx_word' id='word_1_284' title='bbox 587 3911 729 3989; x_wconf 82' lang='lat' dir='ltr'>[udisset</span> <span class='ocrx_word' id='word_1_285' title='bbox 755 3912 911 3999; x_wconf 86' lang='lat' dir='ltr'>aquarius</span> <span class='ocrx_word' id='word_1_286' title='bbox 937 3905 1098 3977; x_wconf 82' lang='lat' dir='ltr'>imbres.“</span> <span class='ocrx_word' id='word_1_287' title='bbox 1135 3906 1256 3974; x_wconf 89' lang='lat' dir='ltr'>Danu-</span> 
     </span>
     <span class='ocr_line' id='line_1_39' title="bbox 115 4007 1256 4098; baseline -0.003 -23"><span class='ocrx_word' id='word_1_288' title='bbox 115 4008 191 4078; x_wconf 91' lang='lat' dir='ltr'>bius</span> <span class='ocrx_word' id='word_1_289' title='bbox 225 4007 338 4078; x_wconf 88' lang='lat' dir='ltr'>Renus</span> <span class='ocrx_word' id='word_1_290' title='bbox 374 4016 409 4078; x_wconf 91' lang='lat' dir='ltr'>et</span> <span class='ocrx_word' id='word_1_291' title='bbox 441 4011 585 4097; x_wconf 82' lang='lat' dir='ltr'>blogus,</span> <span class='ocrx_word' id='word_1_292' title='bbox 619 4013 675 4098; x_wconf 83' lang='lat' dir='ltr'>qui</span> <span class='ocrx_word' id='word_1_293' title='bbox 711 4009 898 4079; x_wconf 87' lang='lat' dir='ltr'>Orientalcs</span> <span class='ocrx_word' id='word_1_294' title='bbox 924 4009 1070 4076; x_wconf 84' lang='lat' dir='ltr'>Francos</span> <span class='ocrx_word' id='word_1_295' title='bbox 1097 4011 1256 4097; x_wconf 91' lang='lat' dir='ltr'>permeat,</span> 
     </span>
     <span class='ocr_line' id='line_1_40' title="bbox 115 4105 1257 4199; baseline -0.001 -26"><span class='ocrx_word' id='word_1_296' title='bbox 115 4115 236 4197; x_wconf 79' lang='lat' dir='ltr'>turreS,</span> <span class='ocrx_word' id='word_1_297' title='bbox 263 4127 375 4177; x_wconf 89' lang='lat' dir='ltr'>muros</span> <span class='ocrx_word' id='word_1_298' title='bbox 402 4109 611 4199; x_wconf 87' lang='lat' dir='ltr'>tortissmos,</span> <span class='ocrx_word' id='word_1_299' title='bbox 638 4117 777 4199; x_wconf 93' lang='lat' dir='ltr'>pontes,</span> <span class='ocrx_word' id='word_1_300' title='bbox 804 4109 923 4180; x_wconf 90' lang='lat' dir='ltr'>domos</span> <span class='ocrx_word' id='word_1_301' title='bbox 950 4114 983 4174; x_wconf 90' lang='lat' dir='ltr'>et</span> <span class='ocrx_word' id='word_1_302' title='bbox 1008 4105 1118 4172; x_wconf 91' lang='lat' dir='ltr'>menia</span> <span class='ocrx_word' id='word_1_303' title='bbox 1145 4111 1177 4172; x_wconf 92' lang='lat' dir='ltr'>et</span> <span class='ocrx_word' id='word_1_304' title='bbox 1204 4105 1257 4173; x_wconf 92' lang='lat' dir='ltr'>ci-</span> 
     </span>
     <span class='ocr_line' id='line_1_41' title="bbox 113 4207 780 4297; baseline 0.007 -24"><span class='ocrx_word' id='word_1_305' title='bbox 113 4208 255 4276; x_wconf 88' lang='lat' dir='ltr'>vitatum</span> <span class='ocrx_word' id='word_1_306' title='bbox 279 4207 536 4297; x_wconf 88' lang='lat' dir='ltr'>propugnacula</span> <span class='ocrx_word' id='word_1_307' title='bbox 561 4207 780 4278; x_wconf 88' lang='lat' dir='ltr'>abstulerunt.</span> 
     </span>
    </p>
   </div>
   <div class='ocr_carea' id='block_1_3' title="bbox 0 0 1518 4878">
    <p class='ocr_par' dir='ltr' id='par_1_7' title="bbox 0 0 1518 4878">
     <span class='ocr_line' id='line_1_42' title="bbox 0 0 1518 4878; baseline 0 2"><span class='ocrx_word' id='word_1_308' title='bbox 0 0 1518 4878; x_wconf 95' lang='lat' dir='ltr'> </span> 
     </span>
    </p>
   </div>
  </div>
 </body>
</html>
