3028 4878
272 197 343 266 bib
593 226 734 274 renarras
754 227 965 274 v1croarunsrs.
1001 223 1026 292 6,
1046 227 1067 280 l.

188 379 255 436 raas
270 365 492 456 respiraverit,
518 371 553 434 et
578 365 645 434 alta
671 383 755 436 voca
784 366 975 436 clamaverit
1001 366 1044 436 de
1071 367 1237 456 sepulcro.
1280 367 1410 438 Trans·

271 472 345 533 acto
371 463 508 533 biennio
534 464 577 533 ad
603 467 837 534 monasterium
864 465 1057 536 Stamsensc
1086 465 1290 556 transfertur,
1319 466 1410 554 qued
1506 483 1507 496 ³

271 570 365 651 putor
390 565 461 632 eius
488 563 635 650 gloriose
661 562 822 652 fundavit,
849 565 993 652 ipseque
1009 565 1232 656 multipliciter
1252 565 1411 653 locuple-

271 663 372 752 tavit,
404 663 517 750 ibique
544 681 564 732 a
589 663 777 731 Brixinensi
800 662 950 733 Mattbeo
978 664 1207 752 sollempniter
1232 681 1306 732 cum
1339 666 1412 733 suis
1506 687 1507 720 t

269 761 418 850 patribus
446 762 614 850 sepelitur.
656 761 720 830 Hic
746 761 870 830 ordinis
898 761 1146 832 Cartbusiensis
1173 766 1412 832 monasterium
1506 795 1507 858 ᾗ

269 859 421 930 fundavit
446 863 481 928 in
507 861 674 929 montibus
689 913 698 949 ,
734 859 823 948 qnod
852 861 1015 951 Senbals,
1050 862 1116 932 alio
1142 862 1276 930 nomina
1303 861 1412 930 Vallis
1506 893 1507 940 1

269 961 412 1028 omniurn
442 958 636 1029 Sanctorum
662 956 878 1049 Angelorum,
906 959 1034 1030 dicitur.
1506 1003 1507 1056 t

342 1058 449 1126 Huius
477 1064 623 1146 tempore
645 1059 804 1147 principis
827 1061 861 1126 in
881 1061 1048 1128 montanis
1074 1077 1135 1128 sue
1156 1058 1292 1141 ditionis
1319 1076 1409 1145 gens

269 1159 427 1243 gnanain
446 1158 597 1224 cavernis
615 1159 773 1225 montium
791 1157 961 1247 habitavit,
989 1177 1062 1226 oum
1077 1159 1265 1228 bominibus
1283 1175 1411 1226 vesce-

268 1256 388 1324 bantur
413 1255 573 1324 ludebant
599 1256 758 1324 bibebant
784 1257 924 1326 choreas
951 1256 1136 1346 ducebant,
1164 1256 1225 1326 sed
1251 1257 1412 1326 invisibi-

268 1355 352 1422 liter.
384 1352 526 1423 Litteras
559 1354 767 1442 scribebant,
795 1355 1028 1444 rempublicam
1054 1358 1139 1434 inter
1165 1374 1203 1424 se
1229 1355 1408 1446 gerebant,

267 1452 378 1539 legem
410 1453 574 1522 habentes
608 1459 640 1521 et
666 1454 862 1544 principem,
889 1453 988 1526 sulem
1015 1455 1214 1524 katholicam
1240 1454 1409 1542 profiten-

268 1557 330 1641 tae,
357 1551 523 1622 domicilia
548 1552 715 1622 hominum
742 1553 884 1621 latenter
910 1554 1083 1643 intrantes
1112 1553 1299 1622 hominibus
1319 1571 1409 1622 con-

268 1651 427 1720 sedentes
454 1658 488 1718 et
522 1650 714 1722 arridentes
763 1653 804 1720 Et
838 1670 881 1719 ne
915 1652 1069 1720 eradatur
1103 1652 1279 1722 fascinatio
1314 1653 1408 1740 quod
1506 1713 1507 1730 ,

266 1750 394 1840 dicitur,
422 1750 463 1818 ab
490 1752 652 1839 episcopo
672 1750 822 1819 Mattbeo
837 1751 1028 1820 Brixincnsi
1053 1752 1214 1841 predicto,
1241 1753 1313 1819 viro
1339 1770 1407 1820 va·

266 1849 415 1938 derabili,
442 1856 476 1916 et
501 1868 521 1916 a
546 1849 695 1938 pluribus
722 1851 892 1936 utriusque
919 1868 1023 1918 sexus
1050 1849 1114 1918 lide
1142 1849 1257 1936 dignis
1281 1867 1405 1938 perso-

266 1949 335 2036 nis,
364 1949 419 2034 qui
446 1949 682 2036 experientiam
717 1965 789 2016 oum
824 1949 873 2016 eis
908 1948 1076 2018 habebant
1101 1949 1217 2017 borum
1246 1950 1404 2038 omnium,
1506 2003 1507 2008 ,

266 2046 345 2114 mihi
369 2047 544 2114 verissime
571 2052 650 2114 sunt
674 2048 786 2116 relata.
819 2047 968 2138 Principe
995 2047 1160 2118 subducto
1177 2048 1279 2116 nichil
1296 2047 1337 2116 de
1355 2051 1406 2115 eis
1506 2115 1507 2146 ἦ

266 2144 406 2233 amplius
433 2151 486 2211 est
512 2144 668 2213 auditum.
700 2144 846 2234 Dicitur,
869 2145 959 2232 quod
985 2165 1133 2233 gemmas
1161 2152 1307 2234 gestent,
1335 2165 1402 2233 que
1506 2149 1507 2160 ’

266 2261 327 2312 cos
363 2242 506 2312 reddunt
538 2244 741 2334 invisibiles,
777 2245 854 2331 quia
880 2244 1122 2314 deformitatem
1149 2253 1182 2316 et
1207 2247 1404 2335 parvitatem
1506 2285 1507 2324 ,

266 2359 440 2431 corporum
464 2341 676 2411 erubescunt.

340 2441 423 2510 Filia
447 2441 592 2509 Heinrici
619 2448 653 2510 et
678 2459 784 2528 gener
811 2459 911 2532 suus,
938 2442 1160 2512 Bobcmorum
1186 2445 1276 2528 regis
1304 2401 1403 2532 filios,

265 2539 307 2608 de
334 2541 475 2610 consilio
502 2540 661 2609 nobilium
688 2543 818 2610 mittunt
835 2541 878 2609 ad
894 2559 990 2610 suum
1017 2549 1168 2631 tutorem,
1196 2543 1325 2610 scilicet
1344 2559 1404 2609 re·
1506 2535 1507 2566 ³

265 2657 341 2725 gem
367 2639 537 2728 Bohemie,
566 2639 819 2708 consulendum.
859 2637 922 2720 Qui
948 2641 1094 2709 Parisius
1121 2647 1256 2730 propter
1282 2640 1404 2730 plagas
1506 2655 1507 2702 1

265 2743 425 2825 exceptas
458 2737 575 2806 debilis
610 2744 662 2806 est
696 2751 863 2827 repertus,
891 2745 925 2806 et
959 2757 1097 2827 corpore
1132 2740 1233 2808 nichil
1259 2745 1381 2829 potens
1392 2762 1401 2825 3

264 2837 415 2924 promisit
440 2836 670 2904 nichilominus
702 2855 740 2904 se
767 2843 942 2904 venturum
967 2841 1172 2927 recuperatis
1199 2840 1340 2929 viribus,
1368 2844 1403 2905 at

265 2936 354 3003 casis
382 2937 476 3002 terris
503 2934 642 3002 fideliter
669 2953 706 3003 se
732 2937 943 3004 intenturam.

336 3033 469 3101 Interea
494 3032 598 3101 duces
623 3030 756 3102 Austrie
781 3034 998 3103 Ludewicum
1023 3036 1254 3123 imperatorem
1281 3055 1400 3122 accer-

265 3133 364 3199 siunt.
398 3133 439 3200 Et
463 3133 496 3199 in
523 3133 655 3200 civitate
681 3133 811 3220 Lyntza
837 3152 937 3222 super
956 3135 1048 3202 littus
1063 3133 1206 3201 Danubii
1233 3136 1402 3223 colloquia

264 3232 460 3320 miscentes,
497 3231 699 3298 Karinthiam
733 3237 850 3320 potunt
878 3235 1015 3312 ,rationo
1048 3235 1221 3318 sanguinis
1248 3235 1398 3322 materni,

265 3347 329 3416 que
357 3328 423 3396 filia
449 3329 635 3400 bleinhardi
662 3329 758 3398 ducis
776 3329 945 3399 Karinthie
972 3329 1095 3419 suerat3
1124 3330 1312 3400 Camiolam
1339 3351 1399 3401 as-

264 3434 415 3496 serentes
442 3427 484 3496 ad
512 3446 550 3496 se
576 3429 722 3514 legitime
749 3429 948 3520 devolutam,
977 3449 1075 3518 quam
1102 3429 1204 3498 ducos
1227 3431 1397 3519 Karintbie

263 3528 378 3595 asuis
410 3527 681 3616 progenitoribus
715 3529 779 3595 iam
815 3528 919 3614 longo
954 3534 1102 3618 tempore
1136 3528 1232 3597 vadis
1265 3533 1400 3598 nomine

262 3625 492 3713 possidebant.
531 3625 734 3694 Ludevvicus
767 3633 876 3694 antem
903 3646 1016 3696 eorum
1041 3631 1223 3716 potentiam
1250 3629 1313 3696 sibi
1340 3646 1400 3696 ar-

263 3723 389 3793 bitrans
416 3728 658 3813 necessariam,
686 3724 887 3794 adiudicavit
919 3727 988 3794 fieri
1013 3727 1192 3815 postulata.
1226 3727 1268 3795 Et
1293 3727 1397 3796 tercio

191 3837 242 3944 ⁸5³¹
263 3840 340 3890 non
368 3825 443 3891 maii
471 3823 577 3893 duces
604 3823 831 3912 sollempniter
857 3825 990 3895 indutus
1018 3827 1262 3939 imperialibus,
1290 3826 1399 3896 comi-

206 3895 349 3989 ⁵tibus
375 3922 497 3991 vexilla
516 3929 673 3991 terrarum
691 3923 943 4013 proferentibus,
972 3926 1077 4010 signis
1094 3925 1309 4012 radiantibus,
1327 3940 1397 3990 no-

261 4017 382 4088 bilibus
409 4039 449 4088 ac
474 4023 632 4091 militibus
656 4021 734 4090 binc
754 4023 831 4091 inde
850 4024 1094 4114 cursitantibus,
1122 4025 1298 4092 investivit.
1323 4021 1395 4089 itti-

261 4125 375 4185 serant
393 4121 477 4187 enirn
499 4121 602 4189 duces
621 4120 764 4188 nobilem
785 4140 823 4189 ao
840 4123 1051 4209 magnificum
1077 4125 1180 4191 virum
1209 4122 1251 4189 de
1270 4121 1398 4188 Planu-

260 4214 342 4300 berg
368 4223 401 4284 et
426 4219 569 4287 Ulrioum
598 4221 639 4288 de
657 4219 786 4309 Walse,
816 4221 1011 4292 Stiriensem
1029 4224 1245 4312 capitaneum,
1274 4219 1398 4288 llarin-
