3044 4882
242 250 312 321 3n2
585 279 726 324 ronnnnns
747 279 952 328 vroromrrnsrs.
990 279 1014 348 ³,
1035 281 1059 332 t.

244 416 484 504 sollempnibus
509 416 642 503 gaudiis
669 419 849 486 institutus.
891 419 932 487 Et
953 420 1178 509 properabant
1202 419 1244 488 ad
1267 419 1381 488 urbem

242 534 303 606 pro
331 532 465 583 suorum
492 517 720 603 peccaminum
742 517 948 586 relaxatione
966 524 1000 585 et
1013 521 1119 604 gratie
1138 520 1380 587 consecutione

244 615 286 684 de
312 615 465 683 omnibns
492 613 604 683 mundi
621 615 770 704 partibus
789 634 894 706 prope
922 610 1067 684 inimiti¹.
1099 619 1223 705 Papaa
1239 618 1381 686 transitu

243 713 399 782 Fridcrici
424 715 632 802 imperatoris
660 712 800 782 forsitan
824 714 913 783 hunc
939 733 1071 803 annum,
1098 714 1298 800 computatis
1317 734 1382 790 an:
1410 789 1413 800 ,
1500 771 1501 776 ,

243 815 294 882 nis
322 813 499 881 ecclesiam
526 813 751 901 temporaliter
777 815 958 903 quievisse,
986 821 1020 884 et
1044 818 1081 880 ut
1103 829 1145 880 sc
1171 810 1214 878 ad
1241 809 1381 877 liberta=

244 918 309 980 tem
342 917 442 998 atque
476 912 620 998 quietem
658 913 762 1000 patrie
795 911 1009 1004 disponeret,
1044 928 1104 1000 per
1137 909 1382 998 depositionem

244 1010 411 1079 servilium
439 1027 575 1098 operum
606 1012 787 1078 annotavit.

317 1107 389 1178 Rex
403 1105 561 1176 Albertus
577 1109 782 1197 principibus
797 1115 913 1176 contra
932 1125 970 1176 se
994 1109 1127 1176 armatis
1144 1106 1300 1192 cogitans
1322 1108 1384 1175 ob·

242 1209 344 1296 viare,
372 1207 547 1275 comitibus
558 1204 724 1296 Ribaurio,
751 1207 879 1274 scilicet
898 1205 1017 1297 Gelrie,
1045 1205 1170 1295 laliaci,
1189 1204 1231 1273 de
1249 1204 1380 1292 Monte,

242 1312 277 1374 ut
305 1305 542 1374 Coloniensem
566 1307 732 1394 presulem
759 1305 950 1373 concutiant
976 1312 1010 1374 et
1034 1304 1225 1394 impediant,
1254 1303 1384 1372 studuit

242 1406 430 1494 prevenire.
462 1402 526 1483 Qui
548 1401 591 1470 ad
613 1403 679 1470 boo
695 1421 825 1470 omnem
842 1421 976 1491 oporam
994 1404 1205 1473 adhibebant.
1242 1401 1384 1470 Mandat

244 1505 342 1572 etiam
359 1502 557 1570 officialibus
571 1501 641 1570 suis
656 1520 716 1589 per
734 1503 957 1592 Sweviam,ut
973 1505 1098 1572 sororis
1116 1520 1176 1571 suo
1192 1501 1294 1569 lrlium
1311 1500 1384 1568 Ru-

228 1601 370 1670 ·dolium
388 1599 546 1670 invadere
564 1617 632 1668 non
651 1601 834 1669 obmittant.
872 1599 935 1680 om
961 1602 1161 1688 Langingen
1184 1599 1382 1686 Schongaw

242 1698 423 1768 Werdeam
448 1705 591 1767 castrum
614 1699 896 1768 Swewischwerd
914 1700 1153 1769 Swebelberch
1167 1699 1286 1767 bellico
1307 1703 1386 1768 sunt

244 1800 416 1887 aggressi,
444 1815 508 1885 quc
540 1797 583 1866 ad
617 1799 788 1886 imperium
822 1799 1042 1886 pertinebant.
1078 1799 1146 1867 Sed
1177 1796 1384 1867 Ludewious

241 1904 337 1987 pater
361 1895 492 1965 Rudollr
519 1913 559 1964 ea
585 1895 732 1964 indebite
758 1897 945 1985 perlonga
972 1904 1122 1986 tempora
1147 1896 1359 1985 possidebat.

317 1995 391 2064 Hoc
416 2012 505 2063 anno
532 1995 648 2063 Petrus
678 1996 865 2084 patriarcba
892 1998 1044 2088 moritur,
1073 2001 1106 2065 et
1137 2014 1226 2064 anno
1258 1994 1383 2062 domini
1504 2050 1505 2080 ,

241 2095 390 2162 moccii.
417 2090 605 2161 Ottobonus
633 2095 773 2180 eligitur.
813 2094 876 2161 Hic
901 2094 1047 2164 Heinrioi
1083 2094 1177 2163 ducis
1211 2093 1384 2162 Karinthie

241 2193 445 2261 munitiones
477 2190 639 2280 quasdam
672 2195 707 2261 in
742 2193 914 2262 Karinttria
948 2195 1109 2280 obligavit
1138 2193 1180 2260 ad
1206 2195 1382 2260 terminum

243 2296 401 2360 statutum
410 2345 420 2382 ,
457 2296 491 2358 et
527 2298 642 2359 contra
674 2293 780 2360 virum
813 2291 958 2359 nobilem
986 2291 1282 2361 de-Hobonburcb
1309 2309 1383 2358 cum

241 2391 353 2458 multis
381 2391 454 2460 aliis
482 2389 704 2479 stipendiavit.
746 2388 961 2478 Castrumque
991 2393 1062 2460 eins
1089 2391 1280 2460 fortissimis
1310 2396 1384 2456 tnr-

242 2489 331 2557 ribus
366 2492 525 2558 munitum
557 2490 704 2557 vallavit.
743 2489 884 2558 Etcum
917 2507 985 2557 non
1013 2497 1104 2558 esset
1130 2507 1210 2577 spes
1237 2496 1383 2556 castrum

242 2587 433 2678 obtinendi,
461 2590 603 2656 orationi
639 2605 676 2656 sc
703 2586 811 2678 dedit,
839 2587 1058 2657 devotissime
1084 2588 1219 2657 domino
1248 2586 1383 2675 suppli-

239 2689 324 2755 ‘cans
351 2692 385 2754 et
409 2686 530 2772 virgini
557 2687 715 2775 gloriose,
742 2691 779 2753 ut
804 2685 1028 2755 adversarium
1051 2688 1194 2756 ecclesie
1220 2692 1383 2753 contere-

242 2791 301 2854 ret.
337 2785 379 2852 Et
406 2787 501 2852 ecce!
536 2803 632 2853 mane
667 2783 756 2852 iacto
789 2784 884 2852 ducis
918 2785 1088 2854 Karinthie
1121 2785 1279 2853 vexillum
1308 2785 1383 2851 sine

243 2885 332 2952 omni
358 2884 550 2952 resistentia
577 2889 721 2950 erectum
748 2884 782 2950 in
800 2883 910 2952 medio
931 2887 1030 2953 castri
1057 2902 1174 2954 omnes
1202 2882 1289 2951 adeo
1316 2882 1383 2951 de-

243 2982 369 3069 terruit,
395 2987 432 3049 ut
458 2986 568 3050 castro
595 2981 717 3049 tradito
744 2983 800 3049 vix
826 2983 948 3050 exitum
966 2984 1068 3052 salvis
1091 2982 1287 3072 corporibus
1315 2981 1382 3049 olr-

243 3082 395 3148 tinerent.
429 3078 546 3147 Castro
571 3098 651 3148 vero
678 3078 721 3147 ad
747 3079 902 3148 nichilum
930 3081 1075 3151 deducto
1099 3088 1132 3150 et
1149 3083 1284 3170 penitus
1307 3079 1382 3148 dis·

244 3179 364 3267 sipato,
390 3177 501 3266 lapide
529 3195 631 3266 super
655 3177 799 3266 lapidem
825 3197 893 3247 non
919 3180 1048 3270 relicto,
1075 3183 1161 3249 siout
1182 3179 1282 3248 bodio
1302 3196 1381 3246 oer-

243 3278 339 3367 nitur,
366 3277 465 3345 beata
479 3277 575 3363 virgo
590 3295 683 3346 suam
700 3277 874 3345 ecclesiam
895 3281 1044 3366 respexit
1058 3286 1089 3348 et
1104 3278 1290 3369 patriarcba
1307 3295 1382 3345 cnm

243 3375 393 3462 gloriosa
416 3376 557 3444 victoria
574 3375 616 3444 ad
637 3377 772 3464 propria
791 3378 959 3445 remeavit

161 3497 226 3552 1301
316 3472 443 3541 Eodem
460 3492 548 3542 anno
564 3492 623 3542 rex
640 3474 886 3542 Wizzenburcb
909 3477 1075 3545 civitatem
1096 3478 1131 3544 in
1145 3465 1295 3544 Alsatia²
1312 3473 1380 3542 ob-

244 3573 343 3663 sedit,
371 3578 404 3640 et
429 3571 541 3641 habito
567 3575 695 3641 intento
722 3591 796 3662 sno,
823 3572 969 3642 blaciam
997 3577 1183 3663 occupavit.
1220 3571 1294 3653 Qua
1319 3589 1380 3660 per

242 3678 339 3760 pacta
365 3669 496 3762 tradita,
522 3664 743 3740 Adoltlbaim³
768 3674 933 3741 civitatem
955 3673 1150 3760 aggreditur
1175 3687 1379 3760 expugnare.

243 3773 341 3850 Quod
368 3769 444 3837 dnm
472 3770 623 3839 celeriter
656 3771 816 3858 perficere
850 3789 918 3839 non
944 3772 1087 3861 valeret,
1113 3773 1229 3840 vineas
1257 3776 1291 3838 et
1316 3786 1378 3839 sa-

243 3874 341 3954 gatos
375 3885 435 3958 per
460 3871 629 3937 circuitum
655 3868 848 3959 dissipavit,
874 3868 1068 3958 Rannmqno
1095 3870 1262 3938 transiens
1288 3869 1379 3937 iuxta

244 3965 383 4058 Spiram,
411 3969 625 4056 comportatis
649 3968 848 4036 victualibus
870 3969 1034 4038 civitatem
1054 3969 1199 4059 presulis
1225 3966 1378 4054 Mogon-

281 4085 312 4150 l)
330 4085 445 4142 infinitus
462 4090 500 4144 bs.
537 4091 569 4156 2)
587 4089 775 4156 Weisserburg
791 4090 836 4143 bat
852 4087 933 4153 konig
942 4087 1065 4144 nibreabt
1075 4089 1150 4144 nicht
1167 4089 1293 4156 bongart,
1309 4084 1379 4138 rrobl

241 4151 305 4208 aber
322 4154 456 4210 Wiesloeb
474 4159 529 4212 drei
546 4159 657 4213 stundeu
676 4157 777 4214 siidlicb
795 4170 847 4212 von
864 4155 1030 4227 Heidelberg,
1047 4157 1164 4213 welches
1181 4157 1245 4212 aucb
1262 4155 1380 4224 gemeint

241 4227 300 4275 seln
318 4221 393 4276 vird.
436 4225 467 4289 3)
485 4229 518 4280 ist
537 4225 696 4296 Oppenlreim
713 4227 846 4294 gemeint?
864 4223 927 4278 aber
946 4223 1018 4280 diosc
1036 4227 1107 4280 stadt
1124 4241 1180 4280 war
1196 4223 1237 4278 iiir
1256 4227 1306 4279 dea
1324 4221 1376 4276 no-

240 4293 293 4360 mg,
311 4290 437 4346 wibrend
456 4295 613 4364 Heidelberg
632 4297 673 4350 dia
692 4294 758 4350 stadt
775 4309 839 4362 war,
860 4293 903 4348 die
920 4305 950 4347 ar
968 4294 1040 4350 nicbt
1057 4293 1171 4350 aroberu
1185 4293 1291 4349 locuta.
