3044 4882
448 197 595 245 nonnanes
616 196 826 244 vroronnnrsrs.
860 195 886 262 e,
905 197 929 248 5.
1180 165 1250 238 369

123 341 275 414 strennue
309 335 488 406 dimicavit.
529 335 668 418 Quidam
694 334 811 404 iratres
837 335 879 406 de
905 336 1005 406 domo
1033 333 1250 425 Tbeutonieo,
1267 349 1333 404 ieri

124 442 156 504 et
177 436 333 524 precipue
360 455 418 525 pre
453 435 605 506 omnibus
636 452 727 504 unus
749 437 799 504 vir
826 434 975 505 eiusdem
1000 434 1125 504 ordinis
1152 435 1250 521 agilis

123 540 153 602 et
177 533 341 624 cordatuS,
369 536 462 604 lateri
488 535 647 624 principis
675 534 851 625 adherens,
878 536 988 604 multis
1012 535 1191 603 cruentatis
1218 538 1252 602 ct

122 635 289 722 prostratis
308 633 519 723 adversante,
534 636 762 722 imperatorem
779 635 977 703 incolomem
994 633 1250 703 conservabant.

121 731 192 800 Dux
216 739 326 802 autem
350 733 544 822 Lenpoldns
570 739 664 801 entra
689 751 800 802 muros
821 733 916 822 'apud
942 740 1094 802 sonetum
1120 733 1250 801 Gerva-

121 833 200 900 sium
223 838 256 902 et
279 832 486 902 Prothasium
504 832 633 900 habens
658 831 869 922 domicilium,
897 833 1022 901 inscius
1043 832 1139 900 huius
1161 829 1250 920 iacti,

121 930 229 1000 audito
264 933 402 1020 strepitu
428 939 462 1000 et
496 932 658 1021 elamore,
686 932 838 998 celeriter
865 934 962 1000 armis
989 932 1189 1021 accingitur,
1218 934 1253 997 et

121 1031 204 1097 sicut
220 1029 317 1098 turbo
335 1031 516 1100 vehemens
540 1030 653 1099 urbem
666 1030 858 1116 ingreditur.
892 1029 1015 1099 Contra
1034 1048 1130 1118 quem
1142 1030 1253 1099 iacula

121 1130 203 1198 sicut
234 1129 321 1198 stille
352 1130 535 1218 pluviarum
562 1128 762 1219 diriguntur,
789 1127 920 1218 lapides
946 1130 1136 1216 gravissimi
1160 1148 1252 1218 pon-

121 1226 224 1318 deris,
251 1244 420 1318 scampna,
448 1227 567 1298 sedilia
593 1248 613 1298 a
640 1227 811 1297 domorum
839 1230 1017 1298 eminentia
1037 1228 1251 1318 dimittuntur,

120 1331 152 1394 et
176 1332 356 1415 antequam
382 1328 426 1396 ad
451 1329 658 1416 imperatoris
692 1329 868 1396 stationem
893 1329 1084 1416 perveniret
1107 1327 1253 1416 impedi-

118 1433 227 1494 menta
245 1425 390 1495 diiiioiiia
406 1427 603 1496 sustinebat
639 1424 713 1506 Quo
735 1429 891 1494 veniente
913 1427 966 1495 sol
985 1443 1094 1495 novus
1112 1426 1251 1517 refulsit,

118 1525 172 1612 qui
197 1526 347 1615 spiritum
372 1527 435 1594 iam
461 1544 549 1615 pene
575 1524 797 1594 deficientium
823 1524 1009 1594 illustravit.
1043 1525 1139 1594 Nova
1163 1525 1253 1594 belia

118 1624 233 1693 iterum
267 1624 483 1715 inchoantur,
519 1623 638 1693 domus
665 1624 875 1714 devastatur,
910 1623 1055 1693 hostium
1081 1625 1191 1692 rabies
1219 1630 1252 1692 et

118 1719 231 1792 lenitas
258 1724 482 1814 conculcatur,
514 1741 632 1792 marrus
659 1723 801 1792 adversa
825 1724 974 1813 rigescit,
1001 1723 1168 1792 brachium
1195 1729 1251 1791 te-

116 1825 235 1913 pescit,
261 1840 374 1892 mucro
402 1824 554 1914 quiescit,
582 1839 636 1892 res
663 1822 808 1912 sedatur,
836 1824 1014 1911 imperator
1038 1823 1144 1891 victor
1169 1822 1251 1909 glo-

116 1922 227 1991 riatur.
261 1918 385 1991 Auctor
407 1923 506 1992 huius
525 1922 662 1990 sceleris
680 1921 798 1991 Gwido
812 1923 849 1998 in
871 1921 1110 1990 monasterium
1133 1921 1251 1990 liare-

117 2017 220 2090 Vailis
247 2019 380 2107 fugiens
406 2021 510 2112 latuit,
537 2021 683 2108 indeque
710 2039 730 2089 a
756 2021 926 2090 monacbis
953 2022 988 2090 in
1013 2040 1095 2091 vose
1120 2022 1250 2090 vinario

116 2126 167 2188 est
192 2119 335 2190 eductus
363 2126 397 2188 et
422 2122 541 2190 misere
567 2126 686 2210 postea
711 2121 906 2209 supervixit.

186 2219 384 2308 imperatrix
414 2219 531 2289 ducem
562 2218 769 2308 Lenpoldnm
801 2219 946 2306 diligens
972 2239 1034 2310 pro
1059 2220 1191 2308 virtute,
1218 2220 1251 2288 in

116 2314 167 2386 die
195 2317 375 2407 epiphanie
402 2337 504 2387 aureo
523 2319 619 2407 cipho
646 2319 746 2406 pleno
769 2318 902 2387 ilorenis
928 2321 1040 2389 aureis
1066 2318 1251 2407 honoravit,

115 2419 310 2505 sororisque
346 2435 407 2486 sne
434 2419 563 2487 comitis
592 2417 760 2486 Suboudie
791 2417 910 2507 liliam,
945 2417 1157 2486 llatherinam
1184 2434 1252 2486 no-

116 2517 220 2606 mine,
256 2517 415 2604 coniungi
447 2519 482 2586 in
515 2518 754 2586 matrimonium
786 2519 976 2603 procuravit
1027 2517 1104 2584 Dux
1128 2514 1249 2583 ibidem

115 2615 262 2685 nobilem
279 2616 384 2684 virum
404 2615 568 2704 quendam
592 2617 680 2685 iilius
698 2616 868 2703 provincie
896 2615 937 2684 de
965 2615 1135 2703 Corregio,
1163 2632 1253 2682 armo

115 2714 324 2804 clipeumque
351 2714 490 2784 ducatus
517 2715 654 2784 Austrie
680 2733 740 2803 per
762 2715 893 2782 omnem
915 2715 1161 2783 similitudinem
1188 2729 1252 2798 ge-

114 2820 260 2902 rentem,
294 2817 467 2904 convenit,
504 2814 620 2882 dicens
652 2832 726 2882 cum
752 2832 772 2880 a
799 2831 837 2880 se
864 2819 897 2880 ct
923 2813 1076 2882 iratribus
1102 2830 1162 2900 per
1188 2811 1253 2880 hoe

114 2930 220 2999 posse
247 2915 369 2982 intrare
396 2914 570 2982 maximum
593 2912 742 2982 dedecus
764 2914 979 2980 etinctumm.
1014 2911 1077 2993 Qui
1104 2928 1252 2998 respon-

115 3010 181 3080 dit:
210 3012 407 3100 abantiquo
435 3030 472 3082 se
499 3013 636 3082 audisse
663 3018 774 3101 patres
802 3029 883 3079 suos
911 3031 930 3080 a
957 3011 1097 3080 ducibus
1115 3008 1251 3078 dustria

113 3128 174 3198 pro
203 3112 275 3180 suis
302 3114 425 3182 meritis
451 3111 514 3180 biis
542 3113 650 3198 signis
676 3129 736 3200 pro
764 3111 900 3198 speciali
928 3112 1036 3197 gratia
1058 3116 1091 3178 et
1108 3110 1252 3180 amicitia

113 3208 311 3280 honoratos.
349 3211 425 3280 Dux
449 3217 626 3280 contentus
660 3228 733 3278 eum
766 3209 830 3277 sibi
855 3212 889 3277 in
915 3211 1106 3298 ampliorem
1132 3209 1251 3278 amici-

114 3309 191 3377 tiam
228 3309 426 3400 devincivit,
464 3315 497 3378 ct
529 3311 702 3379 consuetis
731 3313 831 3396 atque
857 3310 979 3377 innatis
1007 3299 1251 3396 edigmatibns¹

112 3410 287 3478 concessit
311 3409 547 3500 perpetualiter
574 3427 689 3478 seeum
714 3409 772 3476 uti.

186 3507 264 3578 Hoc
287 3526 374 3578 anno
397 3507 550 3578 Clemens
575 3528 663 3598 papa
689 3507 864 3577 concilium
888 3505 922 3575 in
950 3505 1081 3575 Vienna
1106 3505 1252 3575 celebrat

112 3607 440 3698 generalemque
468 3607 557 3678 edite
584 3614 663 3676 sunt
689 3607 947 3676 constitutiones
976 3604 1190 3692 clementino,
1219 3609 1251 3671 et
1320 3625 1326 3637 ·

112 3704 307 3776 destructus
333 3713 387 3776 est
412 3705 504 3777 ordo·
522 3707 778 3797 Templariorum
805 3705 849 3774 ad
866 3711 980 3773 nutum
994 3705 1084 3790 regis
1101 3703 1251 3772 Francia.

112 3802 178 3885 Qui
204 3807 303 3874 etiam
325 3805 368 3874 ibi
389 3808 486 3895 petiit
505 3805 711 3876 Boniiacium
737 3804 837 3875 allodi
856 3803 899 3872 de
922 3809 1018 3893 terra,
1046 3809 1078 3870 et
1095 3808 1251 3889 tanquam

111 3902 299 3974 hereticum
332 3907 542 3974 concremari.
584 3905 651 3974 Sed
678 3906 754 3974 dum
781 3910 871 3973 totus
898 3901 980 3971 ordo
1002 3901 1252 3971 ecclesiasticus

112 4003 307 4095 obsisteret,
335 4003 435 4072 desiit
460 4004 501 4072 ab
528 4006 671 4093 incepto.
706 4002 872 4073 Articulos
897 4008 1007 4069 autom
1032 4018 1117 4088 qnos
1139 3998 1252 4067 habuit

111 4108 234 4172 contra
260 4121 332 4194 eoS,
358 4103 403 4171 hii
429 4101 577 4173 luerunt:
612 4105 749 4193 Primus,
777 4100 870 4191 quod
894 4104 1104 4186 negaverunt
1124 4097 1251 4166 eucha-

146 4224 179 4290 i]
199 4225 259 4278 hier
275 4223 329 4278 und
346 4223 416 4278 oben
435 4238 455 4278 s.
473 4225 525 4280 310
540 4221 596 4277 iiir:
615 4221 777 4291 dignoribus,
796 4219 1001 4288 vappensubiid.

144 4322 282 4366 uoununn
301 4324 403 4369 nonnus
418 4320 442 4365 i.
1020 4304 1055 4358 24
