3028 4878
255 214 326 282 h02
581 239 728 286 reximus
747 238 958 286 rrcronrausrs.
994 241 1019 306 5,
1036 235 1060 290 6.

173 383 463 454 lsarsacramenta
497 376 598 461 fidei,
634 377 833 446 sinceritatis
866 378 994 447 scilicet
1026 385 1059 448 et
1093 379 1243 447 veritatis
1277 381 1395 469 amma,

256 479 471 548 fermentavit.
512 475 757 545 Matrimonium
798 495 870 545 cum
912 479 1069 566 personis
1103 482 1396 566 quantumcunque

256 580 414 669 proximis
448 575 591 665 licitum,
626 573 792 644 Christum
817 594 886 644 non
913 575 955 645 de
981 577 1112 664 virgine
1138 582 1268 667 natum,
1295 576 1396 644 nichil

256 695 334 746 esse
360 677 527 766 ieiunium,
555 674 652 744 deum
679 693 748 743 non
775 693 854 743 esse
880 681 992 744 natum
1018 693 1130 765 neque
1156 694 1294 764 passum
1321 681 1395 743 tur-

254 779 339 867 piter
356 775 548 863 disputavit,
577 781 609 842 et
628 775 730 842 multa
751 772 828 842 fidei
848 777 1072 844 sacratissime
1094 776 1259 842 contraria
1285 791 1395 860 grun-

255 876 377 944 niebat.
410 872 632 962 Degradatus,
660 872 870 964 dampnatus,
887 891 996 962 usque
1023 874 1234 941 adustionem
1249 891 1317 942 non
1338 891 1398 940 re-.

255 976 367 1064 sipuit,
394 975 551 1040 mentitus
576 978 629 1039 est
647 974 743 1040 etiam
765 971 818 1040 die
846 973 1001 1041 solertia
1027 978 1260 1040 surrecturum.
1287 971 1394 1040 Huius

254 1075 323 1142 voti
349 1073 461 1162 plures
489 1076 673 1160 compoteS,
702 1072 912 1159 experientes
939 1071 1040 1140 falsas
1067 1073 1216 1139 insanias
1241 1076 1274 1138 et
1296 1087 1395 1138 erro-

256 1191 321 1260 res,
350 1170 393 1239 ad
419 1169 587 1238 dominum
614 1175 692 1237 sunt
717 1171 888 1259 conversi,
915 1171 1147 1239 conversionis
1175 1175 1276 1256 atque
1302 1170 1394 1238 resi-

254 1272 417 1361 piscentia
445 1271 544 1353 signa
568 1270 661 1337 iuxta
685 1274 814 1356 patrum
833 1270 1027 1337 sanctiones
1049 1270 1157 1337 crucis
1184 1269 1395 1354 signaculum

254 1374 290 1437 in
319 1371 388 1436 suis
414 1362 588 1435 vestibas¹
613 1367 836 1454 preferebant.
868 1365 940 1436 Hec
962 1368 1092 1436 heresis
1118 1364 1303 1435 Adamiana
1329 1366 1395 1434 dici

254 1474 377 1558 potest,
405 1468 499 1534 ouius
525 1465 676 1534 Isidorus
703 1465 783 1533 iecit
807 1468 1009 1535 mentionem
1034 1467 1068 1534 in
1094 1465 1179 1535 libro
1206 1465 1395 1534 Ethimolo-

255 1568 393 1656 giarum,
421 1565 553 1634 dicens:
580 1562 777 1654 „Adamiani
798 1565 908 1633 vocati
927 1572 1015 1655 sunt,
1044 1566 1121 1653 quia
1135 1562 1208 1632 Ade
1226 1565 1394 1633 imitantur
1441 1617 1443 1623 Α

255 1665 448 1755 nuditatem,
462 1663 553 1731 unde
569 1664 650 1732 nudi
669 1669 773 1754 erant,
794 1668 827 1731 et
845 1662 925 1732 nudi
941 1666 1027 1732 inter
1042 1679 1080 1731 se
1097 1681 1206 1732 mares
1220 1670 1254 1731 et
1271 1663 1393 1732 lemine

256 1760 496 1834 conveniunt.“

328 1863 403 1931 Fuit
421 1863 518 1930 etiam
543 1860 607 1930 hoc
631 1866 779 1948 tempore
796 1862 830 1927 in
848 1860 958 1928 multis
979 1859 1063 1928 locis
1083 1860 1172 1928 circa
1188 1864 1295 1927 metas
1317 1855 1393 1926 Au-

255 1963 335 2031 strie
370 1967 404 2030 et
428 1960 584 2028 Bohcmie
617 1960 746 2028 zizania
771 1959 942 2047 multiplex
967 1959 1001 2026 in
1028 1959 1137 2026 medio
1163 1958 1261 2026 tritici
1289 1959 1394 2025 semi-

255 2066 351 2149 nata,
380 2066 413 2128 ei
438 2057 648 2146 pulchritudo
683 2075 839 2143 agrorum
866 2058 1009 2125 ecclesie
1036 2056 1203 2125 deiedata.
1239 2055 1304 2137 Qui
1332 2056 1392 2125 sub
1500 2127 1501 2130 ,

254 2160 402 2228 terrain
429 2157 595 2245 specubus
622 2174 660 2224 se
687 2155 801 2225 dicunt
826 2173 895 2224 non
921 2173 1073 2247 peccare,
1099 2173 1164 2224 nec
1180 2155 1393 2225 absolutione
1500 2175 1501 2186 ¹

256 2275 377 2346 egere,
404 2274 445 2325 eo
473 2255 564 2344 quod
591 2255 745 2323 dominus
777 2255 875 2322 Petro
902 2254 1036 2322 dixerit:
1063 2253 1322 2345 „Quodcunque
1347 2255 1393 2322 li-

256 2357 390 2444 gaveris
409 2360 654 2443 superterram,
683 2359 716 2422 et
731 2354 872 2423 solveris
889 2351 991 2440 etc.“;
1019 2352 1117 2421 deum
1143 2355 1262 2420 trinum
1290 2355 1392 2442 patris

256 2455 313 2523 tilii
338 2462 373 2524 et
398 2455 533 2544 spiritus
561 2454 669 2522 sancti
694 2469 860 2541 personas
881 2452 1114 2520 immateriales
1131 2452 1268 2542 visibili,
1298 2453 1394 2521 senili

254 2554 393 2622 iuvenili
421 2560 454 2621 et
488 2552 690 2642 columbina,
718 2553 832 2640 specie
858 2551 1127 2619 demonstrantes
1135 2572 1144 2636 ;
1179 2549 1336 2620 diversos
1363 2557 1395 2620 et

256 2652 422 2721 mirabiles
440 2667 572 2720 errores
593 2650 837 2738 debachantes,
864 2651 1039 2718 missarum
1059 2650 1257 2736 sollempnia
1284 2649 1394 2719 ollicia

256 2758 290 2820 et
312 2752 514 2820 elemosinas
532 2766 594 2837 pro
617 2751 816 2837 purgatione
838 2755 871 2816 et
889 2749 1101 2836 exernptioue
1127 2749 1310 2816 animarum
1334 2767 1393 2838 pro
1499 2745 1500 2766 ¹

256 2851 381 2918 nichilo
408 2854 611 2936 reputantes
647 2848 697 2915 Ex
718 2847 837 2934 quibus
861 2848 1003 2915 maxima
1022 2845 1196 2915 multitudo
1219 2849 1395 2936 utriusque

257 2967 359 3016 sexus
386 2945 542 3014 incendio
568 2945 754 3036 perierunt,
786 2951 819 3013 et
844 2963 968 3015 semem
995 2963 1056 3014 sue
1082 2945 1204 3013 malitie
1229 2947 1264 3013 in
1291 2948 1394 3016 sulcis

232 3053 240 3072 ¹
256 3048 347 3115 velut
368 3043 597 3113 absconditum
615 3045 649 3111 in
665 3061 899 3131 perversorum
919 3043 1077 3112 cordibus
1098 3043 1314 3138 reliquerunt,
1330 3064 1394 3135 que

255 3147 348 3213 iuxta
374 3144 572 3212 sententiam
600 3142 723 3210 domini
749 3144 902 3210 sinuntur
926 3161 1078 3211 erescere
1095 3160 1203 3230 usque
1229 3143 1273 3212 ad
1301 3162 1394 3213 mes-

258 3261 339 3333 sem,
366 3242 401 3310 id
419 3247 472 3311 est
489 3241 596 3310 seculi
617 3243 944 3310 consummationem.
970 3240 1134 3332 „Oportet
1154 3243 1242 3310 enim
1255 3243 1393 3313 hereses

258 3357 355 3432 esse,
387 3347 424 3408 ut
450 3342 506 3428 qui
531 3340 663 3429 probati
689 3346 785 3430 sunt,
811 3339 977 3409 manifesti
1004 3336 1125 3424 dant‘,
1155 3346 1191 3407 ut
1216 3343 1393 3431 apostolus
1498 3353 1499 3378 ³

256 3441 377 3509 Paulus
404 3439 493 3507 dicit.

331 3538 407 3607 Dux
426 3544 535 3606 autem
553 3534 642 3627 Otto,
670 3536 924 3623 dispensatione
942 3534 1054 3606 habita
1072 3553 1173 3625 super
1189 3541 1390 3625 cognatione

259 3639 383 3706 carnali
406 3639 494 3706 inter
520 3654 557 3705 se
585 3641 618 3703 ei
645 3640 844 3726 consortem,
872 3636 951 3723 quia
966 3637 996 3703 ei
1012 3637 1046 3704 iu
1064 3638 1161 3704 tertia
1181 3638 1390 3726 consangui-

258 3739 372 3806 nitatis
397 3737 488 3805 linea
515 3733 705 3823 coherebat,
732 3735 967 3802 monasterium
985 3732 1122 3804 fundare
1145 3734 1322 3824 disposuit
1350 3735 1388 3805 Et

260 3853 334 3904 cum
356 3834 475 3905 eodem
493 3851 582 3902 anno
607 3833 747 3900 tilius-ei
764 3833 1018 3925 primogenitus,
1044 3833 1230 3904 Friderious
1253 3836 1387 3923 scilicet,

182 3917 241 4026 Ἐξ·
259 3936 294 4003 in
328 3935 381 4004 die
414 3934 514 4002 beate
549 3931 755 4002 Scholastica
782 3937 891 4012 natus¹
908 3937 1000 4001 esset
1007 3985 1018 4023 ,
1051 3932 1190 4002 abbates
1217 3940 1252 4002 et
1282 3939 1390 4025 patres
1497 3977 1498 4012 ἰ

294 4119 325 4184 l]
344 4116 466 4172 mildam
489 4119 556 4170 wart
577 4111 696 4170 restibus
720 4112 799 4165 endet
817 4113 903 4170 dieser
919 4114 983 4170 theil
1001 4113 1048 4168 der
1064 4111 1117 4180 hs,
1136 4115 1255 4170 clasma
1274 4116 1391 4184 loigeude

260 4189 293 4239 ist
310 4186 378 4239 ohne
396 4183 638 4238 handschriithches
655 4180 806 4236 hiillsmittel
824 4181 883 4238 dem
901 4183 997 4242 Chion.
1014 4181 1094 4237 Leob.
1111 4185 1156 4238 mit
1175 4185 1392 4250 zuratheziehuuu

260 4254 307 4308 der
324 4253 400 4308 Cant.
417 4253 520 4307 llartini
537 4252 591 4305 Pol.
609 4255 784 4304 entnommen.
