3028 4878
248 213 323 282 ddb
627 237 752 283 urrunnu
774 235 1006 282 uaaerrorevsrs.

249 379 378 470 precari
400 377 566 446 caritative
591 375 782 465 dignemur,
809 382 845 444 ut
863 375 971 443 anima
987 374 1093 462 ipsius
1112 372 1234 443 domini
1252 369 1386 441 Ottonis

250 480 400 568 episcopi
415 475 668 564 Herbipolensis
695 478 820 543 utinam
846 475 1034 560 requiescat
1050 475 1083 541 in
1099 490 1193 562 pace,
1212 491 1319 541 amen.
1346 475 1391 542 Ut

250 578 360 647 valeat
392 576 555 646 veraciter
581 592 702 642 canere
729 592 802 642 cum
829 573 1020 661 psalmista:
1053 574 1250 640 Convertere
1276 574 1390 640 ocimo

249 695 323 745 neo
347 678 381 743 tn
405 675 546 760 repetem
572 677 661 740 mom
686 674 765 758 poto
790 667 937 740 domitent
962 671 1123 755 benefecit
1147 671 1211 738 cot.

249 857 440 925 Dedomtno
452 854 585 922 otberto
603 854 644 921 tte
657 851 848 922 Holtentoclt
864 853 968 920 electo
980 852 1215 939 Herbtpotenst.

323 972 364 1040 Et
382 970 558 1059 quiaidem
576 970 730 1038 dominus
757 968 836 1038 Otto
863 972 1056 1058 episcopus,
1083 977 1119 1036 ut
1144 987 1262 1038 revera
1288 969 1390 1037 homo

250 1073 413 1160 sincerus
441 1076 534 1158 pater
560 1069 747 1158 benivolus,
776 1069 996 1157 dominusque
1023 1069 1199 1156 benignus,
1227 1070 1261 1136 in
1278 1086 1391 1155 agone

250 1171 364 1238 mortis
392 1187 453 1237 sue
481 1169 622 1237 dilectus
649 1169 712 1236 sibi
740 1171 772 1235 in
800 1167 929 1236 Christo
955 1218 965 1236 .
990 1219 999 1236 .
1025 1170 1228 1255 prepositum
1254 1219 1262 1236 .
1289 1218 1298 1236 .
1324 1167 1390 1235 de-

251 1287 369 1337 canum
396 1275 429 1335 et
454 1317 462 1336 .
490 1317 498 1334 .
527 1267 705 1354 capitulum
733 1284 795 1334 seu
821 1268 1002 1336 canonicos
1022 1266 1221 1355 capitulares
1242 1266 1389 1334 ecclesie

250 1385 311 1436 sue
338 1367 591 1455 Herbipclensis
617 1367 819 1454 propensius
847 1364 1054 1434 exhortando
1077 1383 1116 1432 ac
1138 1367 1250 1434 votive
1277 1365 1392 1454 adop-

250 1465 352 1535 tandc
377 1465 517 1554 induxit,
546 1464 636 1552 quod
655 1465 689 1532 irr
707 1466 900 1553 receptione
929 1466 981 1533 sui
1003 1466 1210 1534 successoris
1238 1467 1390 1552 episcopi

251 1565 395 1634 ecclesie
421 1583 481 1634 sue
508 1564 772 1653 HerbipcleusiS,
799 1566 834 1632 in
864 1563 973 1634 medic
999 1565 1150 1654 potentie
1178 1568 1394 1652 tyrannorum

250 1665 486 1754 consistentis,
513 1665 717 1731 necessitate
742 1669 885 1748 urgente
917 1683 956 1732 ac
982 1665 1086 1732 eciam
1114 1663 1269 1731 evidente
1295 1663 1392 1730 utili-

250 1770 317 1832 tate
345 1763 518 1851 suadente,
546 1761 751 1831 concordare
779 1762 906 1850 absque
928 1781 1017 1832 nrcre
1045 1762 1223 1851 dispendio
1250 1770 1391 1848 satage·
1506 1791 1507 1794 ¹

250 1869 324 1932 rent
357 1862 520 1930 studiose.
563 1861 743 1949 Propterea
778 1863 875 1929 etiam
909 1861 1020 1930 divina
1053 1863 1237 1949 inspirante
1269 1863 1389 1950 gratia,

249 1967 383 2051 propter
409 1960 610 2031 ordinarium
637 1967 671 2028 et
688 1960 820 2028 salubre
847 1963 996 2046 regimen
1018 1961 1233 2049 spiritualium
1251 1966 1284 2028 et
1302 1967 1392 2027 tem-

250 2061 409 2149 peralium
437 2078 581 2148 suorum,
608 2060 800 2128 venerabile
827 2060 1003 2149 capitulum
1028 2059 1210 2148 predictum
1237 2059 1390 2128 honora-

250 2159 349 2227 bilem
377 2158 543 2226 dominum
569 2154 739 2226 Albertum
767 2158 809 2225 de
834 2158 1033 2227 Hohenloch
1059 2161 1264 2246 prepositum
1292 2176 1390 2226 suum

250 2257 544 2347 Herbipcleusem,
573 2257 748 2324 reverendi
778 2257 903 2326 domini
929 2258 1095 2326 Frederici
1122 2256 1164 2324 dc
1191 2257 1392 2326 Hchenlcch

250 2363 329 2427 turre
361 2357 512 2445 episcopi
545 2355 837 2442 Babenbergensis
871 2374 1083 2446 germanum,
1117 2358 1221 2424 virum
1256 2355 1390 2444 quidem

251 2455 496 2542 magnanimum
518 2473 576 2543 pre
601 2457 731 2544 nelarie,
761 2457 917 2542 equitatis
944 2456 1132 2524 veracitatis
1162 2455 1329 2523 fidelitatis
1355 2463 1390 2522 et

252 2555 440 2624 stabilitatis
468 2553 640 2622 virtutibus
667 2556 870 2643 insignitum,
898 2556 932 2622 in
959 2573 1055 2622 suum
1083 2555 1277 2642 episcopum
1296 2554 1388 2622 Her-

251 2654 460 2742 bipcleasem
485 2651 686 2722 duodecima
711 2652 766 2721 die
792 2655 833 2722 alr
860 2652 952 2721 obitu
969 2653 1089 2741 prelati
1109 2652 1235 2722 domini
1254 2651 1387 2721 Ottonis

169 2762 236 2817 tens
252 2753 412 2842 episcopi,
439 2753 567 2820 scilicet
586 2753 690 2820 tercio
710 2769 819 2820 nonas
839 2753 1047 2842 septembris,
1068 2753 1220 2822 celeriter
1239 2769 1388 2820 concor·
1505 2817 1506 2820 ,

169 2844 242 2952 sagr.
252 2851 336 2920 diter
362 2858 396 2919 et
420 2850 629 2919 laudabiliter
660 2868 722 2938 pro
748 2852 812 2919 lcci
839 2857 872 2918 et
904 2854 1063 2940 temporis
1090 2853 1249 2938 qualitate
1276 2851 1389 2937 elegit.
1505 2899 1506 2904 ,

251 2948 381 3019 Deinde
408 2967 543 3037 quoque
569 2950 632 3036 ipsi
650 2949 759 3017 electe
783 2956 817 3018 et
833 2951 1029 3019 auctoritate
1047 2950 1290 3039 metropolitica
1304 2968 1392 3019 con-
1505 2947 1506 2950 ’

252 3048 379 3117 lrrmatc
407 3050 612 3117 municiones
639 3049 745 3136 ipsius
772 3049 988 3137 episcopatus
1015 3051 1183 3136 assignari
1209 3049 1389 3137 mandavit,
1505 3063 1506 3144 ζ

251 3154 376 3217 ettam
403 3148 510 3217 clerus
539 3165 637 3234 quam
669 3148 812 3235 populus
843 3149 986 3216 civitatis
1014 3167 1053 3217 ac
1082 3148 1238 3238 dyocesis
1255 3148 1392 3217 ‘Herbi-

250 3248 401 3335 pclensis
420 3246 557 3316 obedire
576 3252 768 3315 reverenter
784 3247 848 3316 sibi
868 3253 903 3316 ut
923 3264 985 3316 suc
1002 3249 1164 3337 episcopo
1184 3247 1391 3316 studuerunt.

250 3424 301 3492 lte
334 3423 515 3494 bnlnsmodt
548 3430 616 3492 torn
649 3427 803 3511 defuncto
836 3426 954 3494 Ottone
979 3445 1078 3512 potone
1108 3428 1231 3495 vivente
1257 3426 1390 3496 Alberto

347 3525 487 3592 dominis
504 3523 790 3610 Herbtpotennons
806 3528 913 3594 orntt'o
927 3528 1077 3613 noptstn‘
1093 3525 1265 3594 Mtcbcelts
1279 3543 1392 3596 corvem

343 3621 588 3711 protbonotnn‘t
612 3628 693 3692 coto
718 3627 828 3712 dano.

325 3737 531 3828 Opiissime
557 3740 866 3810 misericordissime
897 3745 930 3808 et
964 3740 1219 3809 clementissime
1254 3739 1388 3808 domine
1504 3755 1505 3790 ³

250 3845 382 3909 creator
415 3840 558 3909 omnium
594 3845 628 3907 et
661 3839 828 3928 salvator,
856 3841 991 3927 suscipe
1018 3858 1042 3908 a·
1064 3857 1115 3907 me
1141 3837 1320 3926 Mychaele
1347 3837 1389 3906 de
1504 3831 1505 3882 ἶ

249 3936 366 4006 Leone
401 3939 564 4007 canonico
599 3937 829 4007 Novimonast.
859 3937 1003 4027 Herbip.‚
1030 3938 1281 4026 prothonotario
1307 3955 1392 4025 pre-

250 4033 413 4104 dictomm
440 4042 505 4106 tam
533 4036 610 4104 olim
636 4036 784 4107 defuncti
811 4037 935 4107 domini
962 4032 1097 4105 Ottonis
1119 4037 1270 4125 episcopi
1292 4052 1391 4122 quam

251 4133 351 4202 modo
379 4134 504 4204 domini
529 4133 656 4204 Alberti
682 4135 820 4226 preteeti
847 4138 880 4204 in
909 4136 1104 4226 episcopum
1131 4134 1274 4204 ecclesie
1300 4133 1390 4201 ller-

250 4233 447 4324 imolensis,
469 4235 651 4303 miserrimo
674 4241 860 4327 peccatore,
884 4236 969 4303 hauc
991 4233 1158 4323 preculam
1181 4232 1390 4301 medicellam
