3044 4882
445 272 586 318 roununns
606 237 818 318 vrcvonrunsrs.
854 271 879 336 3,
898 273 920 322 5,
1196 239 1265 307 3t5

129 431 217 504 papa
243 429 360 480 omnes
387 410 510 480 llarolo
537 410 756 480 adversantes
777 409 1126 480 excommunicationis
1154 407 1267 494 gladio

129 514 250 601 feriret,
278 529 337 578 rex
361 511 521 579 Bobcmie
549 528 644 578 suurn
671 509 771 578 lilium
798 512 979 580 revocavit.
1017 507 1160 577 llarolus
1186 524 1268 574 vero

129 615 163 680 in
189 611 393 679 monasterio
419 608 648 701 Bele-iontis,
682 607 905 679 cistertiensis
931 607 1077 697 ordinis,
1111 604 1267 693 degebat,

129 712 299 780 sustinens
334 725 454 796 aspera
488 709 627 797 plurima
653 712 686 776 et
712 709 871 800 adversa,
899 723 1075 797 quousque
1102 704 1268 772 adversa·

128 811 249 878 riorum
266 807 483 875 decrescente
501 809 662 896 potentia,
689 823 827 894 rognum
850 807 1074 897 potentialiter
1089 811 1141 872 est
1158 801 1268 890 adep-

127 915 193 977 tus,
227 903 377 997 Accepta
394 908 497 994 prima
518 925 622 975 uxore
648 906 715 974 filia
735 905 830 976 ducis
857 907 1005 994 Polonie,
1033 900 1180 972 secunda
1203 900 1269 969 filia

128 1008 339 1095 imperatoris
365 1004 523 1097 Heinrioi,
551 1023 666 1074 sorore
682 1006 841 1074 Iohannis
856 1009 948 1092 regis
974 1003 1144 1090 Bobenia,
1171 1000 1270 1068 tertia

132 1105 200 1173 filia
225 1105 379 1173 Lottonis
406 1107 498 1190 regis
523 1104 699 1194 llrakovie,
727 1123 770 1173 ex
796 1124 862 1191 qua
892 1102 1035 1172 heredes
1062 1101 1190 1188 genuit,
1216 1095 1269 1167 al-

130 1203 301 1272 fluentiam
326 1205 557 1292 prosperitatis
585 1203 724 1289 gloriam
752 1209 785 1272 ct
811 1203 944 1271 divitias
971 1207 1023 1270 est
1048 1199 1201 1287 adeptus

204 1302 295 1390 Papa
317 1310 426 1370 autern
452 1295 658 1370 contrarios¹
686 1303 749 1370 sibi
773 1303 900 1370 babens
930 1318 1044 1387 regem
1069 1299 1269 1366 Francorum

129 1405 267 1491 propter
298 1400 589 1488 Columpnensium
622 1400 851 1491 aiilictionem,
885 1406 918 1468 et
944 1398 1035 1485 quod
1060 1397 1209 1464 Minores
1237 1398 1271 1462 et
1386 1408 1388 1420 ¹

131 1501 218 1581 alios
245 1497 478 1568 Mendioantes
506 1500 664 1590 turbavit,
699 1502 823 1585 gratias
851 1500 900 1568 eis
927 1498 1119 1584 iactasper
1144 1492 1270 1582 prede-

133 1616 292 1668 cessores
325 1615 407 1667 suos
434 1597 602 1668 cassando
630 1598 672 1666 de
698 1599 925 1688 testamentis,
953 1612 1091 1684 quorum
1119 1598 1270 1678 quartam

130 1704 269 1788 partem,
296 1701 387 1786 prius
411 1700 459 1767 eis
477 1698 647 1788 indultam,
675 1698 828 1766 ecclesiis
855 1695 999 1764 dandam
1023 1689 1271 1782 parochialibus

132 1796 317 1884 ordinavit;
344 1799 481 1886 insuper
507 1802 539 1864 et
570 1815 684 1882 regem
710 1797 929 1865 Bobemorum
955 1798 1091 1884 propter
1117 1807 1211 1858 suam
1239 1794 1272 1856 et

133 1895 193 1964 blii
210 1896 596 1985 excommunicationem,
620 1914 733 1981 regem
749 1913 882 1983 quoque
900 1893 1123 1962 Romanorum
1137 1892 1273 1977 propter

133 1995 241 2081 gratie
268 1992 536 2080 denegationem.
571 1993 680 2062 Corde
706 2000 817 2062 tamen
843 1998 1025 2061 retractans
1051 1986 1142 2077 quod
1158 1986 1222 2056 sibi
1239 1990 1273 2052 et

134 2093 280 2162 ecclesie
305 2093 385 2162 utile
412 2099 531 2182 posset
557 2110 645 2184 esse,
672 2093 806 2161 mandat
822 2089 959 2161 iliberto
985 2096 1022 2158 ut
1044 2087 1087 2157 ad
1105 2105 1179 2156 eum
1198 2083 1273 2152 sol-

132 2192 285 2280 lempnes
311 2192 447 2282 nuntios
473 2191 618 2278 dirigere
636 2209 704 2261 non
720 2193 881 2260 obmittat.
913 2189 977 2271 Qui
996 2188 1149 2257 comitem
1164 2183 1274 2252 llber-

134 2290 278 2358 hardum.
299 2289 341 2358 de
367 2290 654 2380 Katzencllpogen
687 2291 888 2378 transmisit,
916 2307 936 2356 a
963 2305 1029 2376 quo
1056 2302 1144 2374 papa
1167 2283 1273 2371 petiit,

135 2395 173 2457 ut
204 2408 263 2457 rex
295 2391 482 2478 quempiam
516 2408 652 2458 suornm
691 2407 753 2458 suo
789 2389 947 2474 sanguini
983 2387 1215 2454 commisceret
1242 2385 1276 2448 et

136 2487 420 2557 matrimonialiter
435 2489 618 2577 copularet,
645 2490 675 2556 si
695 2488 797 2557 vellet
819 2488 929 2555 omnia
955 2503 1020 2572 que
1046 2479 1276 2571 postulaverat

137 2587 180 2656 ad
215 2586 374 2675 placitum
408 2586 557 2676 adipisci.
594 2585 666 2655 Rex
698 2604 778 2655 vero
810 2587 897 2653 letus
931 2583 1070 2650 ellectos
1097 2595 1275 2648 assensum

139 2685 261 2776 tribuit,
287 2687 464 2774 statimque
479 2704 567 2775 papa
584 2685 780 2754 electionem
803 2682 1009 2772 approbavit.
1042 2679 1092 2746 Dc
1119 2680 1275 2767 potesta-

137 2785 180 2852 tis
205 2783 414 2873 plenitudine
447 2802 547 2872 super
580 2802 662 2852 casu
688 2783 854 2852 homicidii
881 2789 914 2850 et
941 2780 1075 2848 crimine
1100 2777 1173 2844 lese
1200 2792 1276 2842 ma-

137 2884 278 2973 iestatis,
307 2883 349 2966 de
367 2890 472 2953 morte
491 2884 620 2950 scilicet
636 2880 759 2972 Adolu,
787 2879 1043 2950 misericorditer
1056 2875 1275 2964 dispensavit,

137 2983 171 3049 in
198 2983 359 3069 reliquum
385 2982 534 3068 glorians
561 2980 603 3050 dc
631 2983 703 3050 eius
725 2983 883 3048 amicitia:
910 2978 1082 3060 Suscitooi,
1107 2975 1276 3063 inquiens,

138 3079 233 3148 uticii
267 3080 390 3148 monem
424 3081 467 3148 od
499 3082 637 3164 oriente,
672 3081 726 3166 qui
750 3079 882 3163 fremitu
907 3079 1062 3160 uocisque
1087 3089 1144 3141 soe
1169 3073 1278 3158 ropitv

139 3197 276 3246 coemam
308 3179 447 3248 ecclesie
476 3178 661 3246 vindicabit.
702 3178 910 3264 Vocavitque
943 3193 1017 3244 eum
1050 3172 1094 3240 ad
1120 3188 1277 3238 coronam

139 3279 274 3368 imperii,
294 3279 387 3345 curius
408 3279 588 3364 legationis
606 3277 737 3345 baiulus
751 3277 812 3344 luit
829 3276 1005 3343 Heinrieus
1021 3271 1125 3340 abbas
1141 3269 1278 3337 Uterine

140 3376 248 3465 vallis,
265 3383 385 3465 postca
402 3377 506 3445 abbas
519 3376 739 3464 villariensis,
758 3375 990 3443 cisterciensis
1005 3371 1142 3458 ordinis,
1157 3367 1278 3435 deinde

139 3477 348 3564 imperatoris
374 3474 522 3543 Heinrioi
545 3475 762 3543 cancellarius
788 3480 822 3541 et
848 3475 1028 3562 episcopus
1055 3467 1279 3537 Tridentinus

211 3574 301 3662 Papa
314 3573 542 3642 conformitate
560 3574 685 3659 regalis
704 3574 846 3640 amicitia
864 3571 1082 3658 confortatus,
1102 3565 1279 3635 concilium

140 3673 245 3741 Rome
271 3672 405 3761 indicit,
431 3690 613 3761 processus
640 3679 755 3740 contra
781 3689 895 3757 regem
921 3670 1057 3738 Francia
1084 3664 1278 3751 dictaturus,

139 3772 277 3860 prelatis
311 3770 353 3840 de
385 3769 527 3840 diversis
561 3771 675 3839 mundi
708 3771 857 3859 partibus
892 3768 1082 3855 accersitis,
1110 3778 1195 3850 quos
1221 3779 1280 3829 rex

140 3871 280 3938 Francia
300 3868 483 3958 procedere
502 3869 650 3957 undique
670 3869 848 3959 impedivit.
875 3868 997 3935 Iterum
1016 3860 1197 3934 secundam
1212 3877 1280 3927 vo-

143 3971 307 4038 cationem
333 3967 429 4058 iacit,
465 3970 583 4037 iterum
609 3987 669 4036 rex
700 3968 841 4036 obsistit.
876 3967 917 4036 Et
944 3961 1141 4032 coadunatis
1168 3959 1281 4026 arohi-

141 4069 310 4156 episcopis
336 4067 471 4155 prelatis
495 4067 685 4135 decretistis
721 4067 889 4151 theologis
914 4070 947 4132 et
968 4060 1137 4148 magistris
1167 4064 1282 4126 eontra

145 4185 262 4255 papam
281 4184 342 4255 per
361 4184 399 4234 os
417 4165 660 4255 archiepiscopi
676 4162 886 4234 Arelatensis
907 4162 1105 4230 subnotatos
1124 4157 1282 4226 articulos

180 4286 209 4350 l)
227 4285 374 4342 contrarios
391 4286 427 4339 ist
445 4285 534 4354 spiiter
550 4286 577 4339 in
597 4285 751 4340 contrarium
768 4282 902 4352 geindert.
