3096 4882
534 233 602 282 vura
624 234 732 281 urnour
754 233 862 288 ounnrr
884 235 943 281 rur.
1234 209 1304 278 247

164 373 236 439 toto
263 369 424 441 oblivioni
450 371 702 462 tradideramus,
730 372 822 460 quod
847 377 928 470 post
951 373 1176 466 redidioimus,
1203 375 1303 444 itaut
1323 391 1389 446 rasa

163 469 378 557 loqueremur
403 478 437 539 et
461 471 724 558 intelligeremus
750 477 787 539 ut
814 472 896 541 alter
920 472 1077 541 Boemus.
1118 473 1168 542 Ex
1191 473 1304 544 divina

164 574 274 636 autem
301 570 416 656 graoia
441 587 510 638 non
526 573 645 652 ,solum
672 571 873 662 Boemioum,
901 571 962 640 sed
989 572 1168 660 Gallioum,
1195 572 1302 642 Lom-

162 665 353 758 bardioum,
385 668 629 739 Tbeutunioum
656 673 689 738 et
713 669 867 739 Latinum
897 673 944 739 ita
974 672 1067 759 loqui
1093 667 1242 741 seribere
1269 678 1303 742 et

161 766 277 854 legere
313 769 488 858 solvimus,
522 775 558 836 ut
588 787 655 838 una
686 768 803 854 lingua
833 771 969 838 istarum
1005 773 1091 838 siout
1122 771 1225 839 altera
1258 771 1301 839 ad

164 864 373 934 scribendum
408 867 587 954 legendum
623 867 826 954 loquendum
854 873 889 936 et·
920 868 1173 954 intelligendum
1201 870 1299 938 nobis

163 971 234 1032 orat
260 969 348 1052 apta.
391 966 483 1035 Tunc
498 973 596 1055 pater
614 972 731 1035 noster
747 967 937 1054 prooedens
963 984 1083 1036 versus
1111 969 1300 1038 comitatum

161 1057 513 1150 Luozemburgensem
538 1071 674 1155 propter
700 1065 865 1153 quandam
891 1084 1045 1152 guerram
1071 1085 1168 1155 quarn
1195 1085 1299 1154 gere-

161 1160 220 1229 bat
255 1180 327 1230 oum
363 1163 448 1232 duee
480 1165 682 1252 Bravaneie,
714 1166 788 1252 ipse
816 1171 849 1234 et
879 1166 1011 1252 eollege
1040 1169 1109 1256 sui,
1143 1166 1300 1236 videlieet

157 1259 360 1329 leodiensis
395 1265 591 1354 episeopus,
628 1264 826 1332 luliaoensis
859 1264 1023 1355 marohio,
1060 1260 1297 1335 Gerlenonsis¹

159 1375 275 1428 eomes
303 1366 336 1428 et
368 1379 466 1448 quam
497 1363 610 1451 plures
644 1364 717 1452 alil,
745 1365 907 1432 oommisit
940 1363 1038 1432 nobis
1067 1366 1297 1434 auotoritatem

159 1475 255 1526 suam
281 1461 485 1547 temporibus
513 1463 671 1531 absenoio
697 1464 817 1530 suein
844 1463 990 1531 Boemia.

235 1556 335 1638 Quod
352 1578 490 1646 regnum
506 1563 694 1630 invenimus
716 1563 763 1628 ita
779 1560 978 1650 desolatum,
1005 1560 1097 1648 quod
1115 1577 1178 1628 neo
1194 1579 1296 1630 unum

155 1662 302 1724 oastrum
327 1658 515 1728 invenimus
537 1661 675 1730 libemm
698 1659 788 1748 quod
810 1677 879 1728 non
903 1664 996 1730 esset
1015 1659 1198 1745 obligatum
1217 1677 1292 1730 oum

155 1756 311 1824 omnibus
343 1759 441 1827 bonis
478 1761 663 1851 regalibus,
697 1761 743 1827 ita
776 1759 868 1846 qrvod
898 1777 966 1828 non
999 1758 1204 1826 habebamus
1238 1760 1295 1828 ubi

153 1871 291 1923 manere
325 1859 392 1926 nisi
417 1859 452 1925 in
478 1857 630 1929 domibus
664 1860 830 1927 eivitatum
857 1860 945 1926 siout
971 1857 1055 1927 alter
1080 1859 1176 1926 aivis.
1224 1857 1294 1928 Ca-

155 1958 262 2022 strum
295 1975 376 2025 vero
410 1957 582 2043 Pragense
614 1961 659 2027 ita
686 1957 872 2026 desolatum
899 1957 1104 2026 destructum
1130 1973 1169 2026 ao
1196 1973 1293 2026 oom-

153 2053 315 2121 minutum
327 2054 397 2146 luit,
424 2056 553 2144 quoda
571 2064 719 2146 tempore
738 2054 890 2142 Ottogari
907 2059 999 2144 regis
1016 2061 1119 2125 totum
1136 2062 1292 2144 prostra-

154 2156 226 2219 tum
245 2151 428 2242 fultusque
446 2154 489 2223 ad
509 2162 636 2226 terram.
679 2156 743 2224 Ubi
767 2155 809 2223 de
833 2173 924 2224 novo
945 2156 1110 2244 palaoiom
1135 2173 1291 2242 magnum

156 2255 194 2319 et
218 2251 389 2339 pulobrum
415 2269 488 2321 oum
514 2259 645 2342 magnis
673 2255 858 2343 sumptibus
879 2255 1025 2324 editioari
1043 2257 1292 2342 proouravimus

152 2355 258 2438 prout
280 2351 442 2421 hodierna
467 2352 521 2421 die
540 2359 678 2443 apparet
694 2353 912 2422 intuentibus.
954 2354 1119 2441 Tempore
1145 2354 1202 2422 illo
1224 2356 1290 2422 mi-

151 2449 258 2517 simus
284 2469 344 2538 pro
375 2469 478 2519 uxore
505 2459 629 2544 nostra,
656 2453 734 2541 quia
759 2452 870 2520 adhue
895 2458 965 2520 erat
988 2454 1023 2520 in
1048 2452 1291 2539 Luozemburg.

150 2544 228 2628 Quo
254 2565 327 2616 oum
352 2551 503 2619 venisset
529 2559 608 2639 post
632 2571 733 2621 unum
759 2570 883 2619 annum
904 2551 1018 2619 babuit
1036 2550 1135 2618 tiliam
1160 2551 1289 2639 primo·-

149 2648 300 2732 genitam
326 2651 460 2717 nomine
485 2649 745 2736 Margaretbam.
786 2649 854 2717 lllis
872 2656 982 2717 autem
998 2649 1201 2738 temporibus
1223 2648 1289 2718 de-

149 2745 248 2813 derat
272 2747 370 2816 nobis
395 2754 492 2837 pater
517 2755 634 2818 noster
658 2749 918 2817 marohionatum
943 2747 1094 2817 bloravie
1114 2754 1148 2816 et
1168 2747 1287 2818 eodem

148 2844 248 2914 titulo
261 2847 445 2915 utebamur.
488 2847 616 2918 Videns
633 2855 742 2917 autem
757 2849 976 2916 communitas
995 2848 1175 2937 proborum
1192 2848 1287 2916 viro·-

148 2961 223 3011 mm
249 2943 291 3012 de
318 2946 473 3036 Boemia,
507 2947 597 3035 quod
633 2965 762 3017 eramus
794 2947 836 3016 de
863 2949 997 3034 antiqua
1034 2949 1136 3036 stirpe
1170 2963 1287 3033 regum

145 3041 358 3134 Boemorum,
386 3045 567 3132 diligentes
593 3065 658 3116 nos
685 3045 849 3117 dederunt
873 3046 973 3116 nobis
990 3047 1147 3115 auxilium
1165 3045 1208 3114 ad
1227 3064 1287 3114 re-

147 3142 342 3229 ouperanda
385 3150 497 3212 eastra
529 3151 562 3213 et
594 3146 684 3215 bona
719 3147 855 3231 regalia.
913 3147 1007 3214 luno
1044 3163 1118 3214 eum
1152 3149 1285 3232 magnis

147 3242 335 3330 sumptibus
367 3248 401 3311 et
434 3243 603 3313 laboribus
635 3248 903 3332 recuperavimus
937 3250 1047 3312 eastra
1082 3243 1284 3334 Purglinum,

147 3340 310 3433 Tyrzow,
346 3341 590 3433 Liobtenburg,
617 3344 764 3434 Lutyoz,
793 3344 913 3433 Grecz‚
941 3342 1084 3432 Pyesek‚
1111 3341 1283 3433 Neoztym,

143 3440 295 3529 Zbyroh‚
323 3440 483 3532 Tamen,
511 3443 672 3512 Trutnow
697 3446 732 3512 in
757 3443 905 3528 Boemia.
947 3441 984 3510 ln
1009 3441 1161 3511 Moravia
1186 3458 1283 3510 vero:

19 3569 25 3578 ·
143 3537 307 3630 Luoeow,
328 3539 438 3632 Telos,
457 3541 643 3632 Weverezi‚
668 3540 903 3632 Olomuoense,
921 3542 1096 3610 Brunense
1112 3546 1146 3608 et
1162 3540 1283 3627 Znoy-

143 3655 264 3706 mense
282 3645 414 3729 eastra·
430 3646 463 3708 et
486 3658 583 3727 quam
605 3642 700 3729 plura
721 3643 788 3710 alia
810 3642 901 3710 bona
918 3641 1065 3727 obligata
1085 3645 1119 3708 et
1139 3639 1285 3708 alienata

144 3753 294 3824 arogno.
320 3739 362 3806 Et
376 3739 581 3808 habebamus
601 3741 721 3810 multos
738 3746 875 3830 paratos
890 3732 1070 3808 militares²
1084 3740 1282 3828 servientes,

143 3843 179 3905 et
195 3838 456 3925 prosperabatur
480 3857 619 3926 regnum
637 3840 679 3908 de
699 3841 752 3909 die
775 3843 809 3908 in
832 3839 937 3926 diem,
965 3837 1192 3925 diligebatque
1218 3853 1282 3905 nos

144 3937 368 4004 eommunitas
402 3937 580 4024 bonorum;
616 3940 692 4008 mali
725 3955 807 4008 vero
834 3942 988 4008 timentes
1014 3936 1284 4026 preoavebanta

141 4035 254 4126 malo,
289 4040 325 4104 et
349 4038 480 4106 iustioia
513 4037 715 4107 suffioienter
746 4038 883 4124 vigebat
912 4039 947 4105 in
973 4053 1098 4127 regno,
1127 4037 1283 4124 quoniam

141 4135 293 4204 barones
319 4153 380 4224 pro
407 4137 522 4204 maiori
546 4142 640 4224 parte
668 4137 777 4206 etleoti
804 4145 898 4207 orant
924 4137 1066 4225 tyranni,
1094 4152 1158 4202 neo
1184 4137 1283 4202 time-

178 4263 213 4328 t)
231 4261 285 4317 ller
298 4261 358 4328 grul
369 4277 419 4317 von
437 4261 550 4318 Goldern
560 4263 625 4318 wird
638 4270 753 4330 gemeint
765 4266 829 4320 sein.
862 4264 893 4329 2)
912 4261 1035 4316 militares
1048 4259 1111 4315 loblt
1125 4249 1151 4315 in
1167 4261 1213 4315 der
1226 4259 1257 4312 bs
