3052 4878
425 275 568 320 onnon-ren
591 275 627 320 or
648 275 746 320 arsrrs
767 276 933 321 rnruurruu.
1200 248 1244 316 67

123 412 234 480 tiantes
261 413 312 504 ei,
339 412 520 500 principem
544 413 719 505 Bauarie,
746 415 795 482 sio
821 413 1037 483 nominabant
1062 431 1153 504 eum,
1179 417 1245 499 jam
1261 427 1327 484 1325

121 512 328 598 impotentem
355 529 448 602 esse,
484 518 518 581 et
544 529 587 580 ex
618 531 741 598 magna
773 519 867 601 parte
895 512 1088 581 destitutum
1119 514 1244 582 auxilio

122 614 320 701 armatorum,
347 616 383 677 ut
409 610 451 679 de
477 611 564 680 iacili
590 615 699 700 possit
723 613 796 700 capi
816 612 871 680 vel
890 613 1008 680 occidi.
1037 611 1104 680 Sed
1123 618 1157 680 et
1178 612 1244 682 ha-

120 707 269 778 bitatores
295 709 387 777 urbis
413 711 646 780 nichilominus
674 711 716 779 ad
743 729 817 778 eum
843 728 925 778 suos
940 713 1087 780 nuutios
1108 710 1244 779 direre-

119 815 188 876 mnt
217 815 442 895 suggerentes
470 813 519 901 ei,
546 816 597 900 ut,
631 813 778 880 exercitu
813 827 875 878 suo
909 829 928 877 a
961 817 1057 896 tergo
1093 809 1244 901 dimisso,

120 924 237 976 summa
255 926 329 975 cum
346 907 559 978 festinatione
575 915 698 977 tantum
717 928 790 977 cum
810 911 968 977 trecentis
988 910 1131 996 galeatis
1148 913 1243 998 prin-

25 1079 30 1086 ,
119 1008 216 1094 cipem
241 1007 415 1098 Bannatia,
445 1010 500 1095 qui
522 1012 590 1094 Jam
616 1008 772 1076 infirmior
804 1025 882 1077 esse
918 1008 1061 1076 creditur
1086 1010 1120 1076 in
1146 1009 1244 1077 obsi-

118 1103 208 1173 dione
234 1106 389 1196 Purgaw,
416 1106 504 1176 bello
530 1107 676 1198 invadat,
696 1115 729 1176 et
750 1109 859 1194 ipsum
884 1108 1018 1177 occidat
1043 1107 1096 1175 vel
1123 1110 1244 1199 capiat,

119 1223 177 1290 quc
200 1205 289 1274 lacto
313 1207 424 1274 omnia
444 1205 606 1275 bellorum
627 1206 816 1275 discrimina
833 1209 1016 1295 sopientur.
1041 1207 1090 1274 Ea
1110 1213 1245 1295 propter

117 1301 178 1371 dux
201 1304 398 1392 Leupoldus
422 1323 498 1373 cum
525 1311 628 1381 esset
642 1307 676 1372 in
695 1306 923 1394 superioribus
942 1305 1091 1394 partibus
1109 1304 1244 1375 Suevie

116 1403 196 1490 apud
214 1403 422 1471 Lemannum
445 1403 564 1474 auditis
579 1407 703 1472 nuntiis
722 1405 765 1472 ad
784 1407 963 1496 semissis,
982 1404 1120 1474 dimisso
1140 1424 1244 1474 exer-

115 1502 191 1591 citu,
218 1504 400 1590 assumptis
432 1503 495 1571 sibi
520 1504 595 1593 plus
623 1523 721 1591 quam
753 1505 911 1571 trecentis
938 1504 1092 1593 galeatis
1123 1523 1245 1590 gressu

115 1601 210 1668 celeri
234 1604 299 1669 iter
326 1619 421 1670 suum
449 1601 597 1670 dellectit
621 1621 742 1670 versus
768 1603 923 1693 Purgau,
949 1601 1091 1670 utillud
1119 1603 1243 1672 obses-

115 1715 181 1767 sum
207 1719 227 1768 a
254 1719 334 1787 rege
360 1701 523 1770 Ludwico
549 1701 722 1790 preliando
748 1701 865 1769 liberet
891 1707 924 1769 et
950 1700 1112 1770 absolvat.

165 1799 233 1868 Sed
242 1800 464 1886 Purkgravius
475 1819 576 1890 supra
584 1806 796 1891 memoratus
812 1802 868 1888 qui
886 1819 958 1867 cum
978 1799 1097 1868 eodem
1112 1800 1241 1870 intem-

110 1915 187 1986 pore
214 1898 413 1987 quibusdam
439 1898 481 1967 de
508 1901 620 1968 causis
647 1899 690 1968 ad
714 1899 832 1968 ducem
851 1899 1061 1988 Leupoldum
1082 1901 1243 1987 venisset,

112 2002 143 2064 et
166 1997 342 2066 didicisset
373 1995 548 2068 lustrales
585 2002 657 2085 regi
682 1998 845 2068 Ludwioc
876 1997 1040 2067 insidiose
1065 1999 1245 2068 machinari

110 2096 246 2186 malum,
276 2100 501 2184 sequestravit
527 2117 565 2166 se
592 2099 633 2166 ab
662 2099 711 2166 eis
738 2116 812 2165 cum
838 2100 1014 2187 perpaucis
1048 2098 1127 2166 viris
1160 2099 1244 2165 olam

111 2194 149 2262 de
166 2203 278 2286 nocte,
307 2197 463 2266 citissimo
484 2215 582 2266 cursu
603 2198 696 2265 verrit
719 2197 762 2264 ad
781 2215 895 2284 regem
921 2201 955 2265 ct
973 2198 1081 2284 ipsum
1104 2195 1244 2265 fideliter

110 2297 306 2382 premunivit
333 2295 465 2364 dicens:
492 2296 619 2382 Optime
643 2314 715 2380 rec,
741 2314 807 2363 noo
832 2296 938 2363 lateat
960 2312 1019 2362 ooo
1035 2297 1125 2380 quod
1149 2297 1243 2363 dubi-

110 2396 229 2462 tatione
260 2395 384 2480 procul
415 2398 504 2462 moto
537 2397 607 2462 duc
632 2395 817 2480 Leupoldus
842 2413 915 2462 cum
940 2411 1061 2480 magno
1086 2397 1243 2476 ceordic,

109 2488 206 2561 doado
229 2497 339 2560 cester
355 2498 603 2561 armatumque
620 2493 685 2561 boe
700 2498 795 2562 nocte
809 2495 915 2560 irruet
928 2510 1028 2576 super
1049 2509 1133 2572 com·
1158 2495 1243 2560 rande
1304 2567 1305 2570 Ἴ

109 2593 217 2660 coos
244 2596 278 2660 ct
300 2597 426 2660 uestros
459 2593 593 2661 sulcare
618 2595 753 2680 capitio,
776 2589 917 2660 recedite
943 2591 984 2657 de
1009 2590 1084 2658 loco
1108 2593 1171 2658 isto
1198 2593 1246 2660 ud

109 2691 238 2774 tutiore,
265 2692 356 2776 quod
378 2694 408 2759 si
432 2692 652 2779 aepleaerttia,
678 2709 796 2759 rcoero
807 2690 1038 2776 periclitemini
1054 2692 1121 2756 iste
1136 2695 1242 2758 noct.

107 2787 163 2858 His
190 2790 314 2858 auditis
341 2808 400 2858 rex
426 2791 469 2862 ad
502 2792 660 2860 malorum
693 2807 858 2859 rumorum
889 2790 1072 2858 novitatem
1097 2792 1242 2880 expavit,

109 2894 140 2954 et
156 2888 389 2958 animadvertit
405 2908 443 2958 se
461 2891 596 2959 multum
615 2907 745 2958 errasse
761 2888 851 2977 quod
867 2892 1080 2958 memoratum
1099 2895 1242 2958 castrum

109 2990 294 3076 expugnari
309 3006 377 3056 non
395 2991 554 3079 permisit,
582 2989 625 3056 ad
648 2991 741 3058 cuius
760 2989 1020 3057 destructionem
1040 2990 1244 3075 permaxima

106 3087 279 3158 multitudo
309 3095 522 3157 convenerat.
547 3089 589 3158 Et
615 3090 692 3176 quia
720 3090 837 3175 segnis
864 3086 924 3154 luit
950 3086 993 3155 ad
1019 3087 1242 3155 recedendum

107 3184 146 3253 de
172 3185 371 3278 obsidione,
398 3193 508 3256 tamen
535 3187 578 3255 ad
605 3205 740 3256 sucrum
775 3187 1039 3256 exhortationem
1071 3204 1141 3254 non
1168 3188 1241 3254 sine

105 3302 228 3372 magno
256 3285 368 3355 cordis
395 3286 513 3355 dolore
540 3292 573 3355 et
599 3285 727 3375 pudore
753 3287 863 3354 locum
890 3285 1048 3375 deseruit,
1075 3287 1241 3374 recipiens

107 3400 142 3452 se
167 3387 202 3453 in
232 3387 365 3453 civitate
394 3403 454 3453 sua
479 3385 675 3476 Lauginga,
703 3385 759 3453 ubi
785 3403 858 3453 oum
885 3385 1010 3472 aliquot
1037 3383 1155 3454 diebus
1182 3403 1240 3452 re·
1265 3405 1322 3445 arn.

105 3486 296 3574 mansisset,
325 3484 480 3553 frustrato
507 3485 620 3552 labore
648 3489 681 3551 et
705 3482 828 3552 iniecto
847 3485 985 3569 negotio
1003 3485 1037 3550 in
1056 3484 1241 3553 Bawariam
1256 3515 1332 3555 aran.

106 3582 304 3673 regreditur,
333 3582 418 3651 duce
443 3583 618 3671 Leupoldo
645 3583 679 3650 in
705 3584 847 3669 Purgaw
873 3588 1076 3650 remanente.

178 3681 250 3750 Sed
270 3684 348 3769 quia
368 3683 478 3750 varius
497 3689 550 3750 est
569 3688 710 3751 eventus
728 3683 816 3772 belli,
836 3683 953 3769 inquo
970 3681 1052 3749 alter
1068 3679 1110 3747 de
1125 3679 1241 3746 victo-

105 3781 151 3847 ria
178 3781 351 3871 gloriatur,
379 3781 461 3848 alter
488 3799 525 3848 se
552 3783 675 3849 victum
700 3782 733 3848 in
754 3781 860 3869 prelio
883 3782 1106 3868 contristatur,
1135 3784 1168 3846 et
1184 3778 1241 3844 ni-

105 3877 304 3949 chilominus
327 3882 382 3967 qui
399 3879 498 3947 hodie
516 3881 550 3947 in
567 3881 656 3948 bello
683 3898 781 3948 cursu
806 3896 970 3968 prospero
996 3880 1100 3966 potita
1126 3877 1240 3944 victo-

106 3978 153 4046 ria
177 3975 355 4068 letabatur,
384 3996 458 4046 cras
485 3980 558 4046 vice
584 3997 684 4048 versa
709 3980 742 4047 in
767 3979 879 4065 lugam
906 3979 1050 4045 atrocius
1078 3977 1222 4061 agitatur
1231 3999 1240 4062 ;

106 4077 152 4144 sio
177 4078 261 4145 nihil
287 4079 398 4146 estin
424 4077 547 4146 mundo
571 4078 662 4166 quod
688 4097 756 4146 non
781 4081 911 4146 rotante
939 4075 1070 4143 fortuna
1096 4075 1242 4143 instabili

105 4176 336 4244 vicissitudine
362 4179 518 4247 variotur.
545 4176 646 4245 Cuius
665 4180 712 4244 rei
730 4176 974 4265 experienoiam
991 4176 1024 4241 in
1043 4192 1123 4260 rege
1145 4173 1243 4244 Lud-

105 4276 192 4343 wioo
209 4274 340 4344 discere
358 4294 551 4365 possumus.
579 4274 642 4356 Qui
665 4282 842 4364 postquam
859 4292 932 4343 cum
953 4272 1094 4342 ducibus
1111 4271 1242 4342 Austrie

1005 4381 1046 4437 5*
