3002 4880
416 197 559 244 CHRONICA
581 199 618 244 nn
639 199 739 246 ansuis
760 201 927 248 Pnlncintrn.
1215 175 1236 244 3

114 335 230 424 potenti
251 335 385 420 graoias
409 333 605 404 reserentes.
640 337 764 405 Vemm
787 356 855 407 non
878 338 1080 428 multopost
1101 339 1322 411 deminorare

114 437 319 523 promovente
364 429 571 521 Aquisgrani
589 453 649 504 rex
674 455 748 504 enm
772 455 877 506 uxore
899 455 962 506 sna
983 443 1063 527 post
1089 457 1237 508 oorona
1262 433 1320 540 02οξ

115 535 233 602 aionem
266 536 301 599 ot
333 549 462 600 sacram
493 535 687 603 unctionem
709 536 805 604 ambo
834 538 958 624 pariter
986 545 1239 610 eonseorantur.

181 631 342 699 Videntes
368 636 480 700 autem
505 634 675 746 prinsipes
700 652 741 702 ao
763 635 895 703 nobiles
919 635 1039 703 tamam
1059 638 1138 705 eius
1159 656 1239 706 ore-

115 747 217 820 soere,
243 733 349 797 terror
371 748 411 798 ao
432 736 554 800 tremor
571 734 621 800 eis
636 733 811 823 incutitur,
838 734 964 822 populo
980 753 1061 804 vero
1079 735 1239 820 gaudium

47 859 51 868 ·
114 833 143 896 et
161 829 269 896 lotieia
294 829 489 899 oumulatur.
521 831 564 898 Et
584 833 672 898 siout
696 833 812 920 sepius
835 832 944 900 luoem
971 835 1109 902 tenebre
1137 840 1238 902 ante-

114 927 226 996 eedunt
242 932 277 994 et
296 933 376 1014 post
390 947 503 996 auram
517 929 681 998 turbidam
705 931 870 1000 serenitas
888 934 1040 1019 seqnitur
1062 951 1137 1002 eum
1154 934 1237 1002 solis

111 1027 196 1095 radio
213 1033 245 1096 et
262 1025 458 1114 splendore3
476 1028 526 1096 sio
542 1033 621 1116 post
636 1029 737 1098 multa
754 1035 915 1100 terrarum
931 1029 1125 1100 disorimina
1141 1033 1238 1120 paeis

113 1125 324 1212 tranquillitas
356 1131 528 1213 prestante
556 1127 690 1196 donnino
724 1129 908 1198 comitatur.
946 1129 1030 1198 Mox
1058 1132 1146 1199 onim
1173 1149 1237 1200 oo-

110 1223 200 1292 lonus
226 1225 365 1292 resumit
391 1230 553 1315 aratrum,
582 1225 673 1312 quod
696 1225 753 1295 diu
779 1229 932 1296 ooiosum
964 1234 1170 1298 remanserat
1205 1233 1239 1298 et

110 1323 306 1412 neglectum,
333 1330 498 1392 mereator
531 1325 630 1392 etiam
663 1325 824 1395 malorum
855 1328 972 1395 timore
1007 1328 1139 1396 sublato
1167 1329 1238 1411 jam

110 1439 321 1508 qnasounque
340 1439 460 1490 seonre
478 1424 731 1512 perambulabat
749 1426 919 1511 regiones.
946 1425 1014 1494 Sed
1041 1433 1074 1494 et
1095 1427 1237 1496 molotioi

111 1528 140 1588 et
156 1522 315 1610 latrones
340 1523 397 1607 qui
418 1523 510 1609 prius
535 1524 570 1590 in
586 1523 732 1614 publiea,
752 1524 868 1592 timore
885 1527 1088 1614 postposito,
1110 1544 1237 1613 prooe-

110 1618 233 1711 debant,
248 1621 318 1703 jam
332 1626 533 1707 perurgente
550 1619 727 1690 formidine
743 1621 856 1690 abdita
872 1628 1026 1711 repetunt
1043 1629 1077 1691 et
1094 1624 1236 1694 oooulta.

176 1719 278 1788 Porro
300 1736 373 1786 enm
393 1719 480 1787 tama
494 1721 586 1805 regis
604 1721 706 1813 longe
726 1720 862 1807 lateque
890 1723 1128 1811 erebresceret,
1155 1739 1237 1791 eoos

109 1817 194 1886 multi
217 1835 379 1907 prooeres
405 1837 445 1886 ao
468 1819 599 1886 nobiles
626 1818 668 1886 de
696 1818 841 1888 diversis
861 1823 956 1906 regni
979 1822 1129 1909 partibus
1158 1837 1237 1890 oer-

110 1918 193 1984 tatim
209 1917 252 1986 ad
268 1935 343 1984 eum
361 1917 543 2008 oonssuunt,
562 1919 777 1987 coniurantes
795 1919 859 1986 sibi
877 1919 1029 2010 fideliter,
1050 1926 1082 1988 et
1099 1921 1236 2003 jnrativi

110 2018 226 2084 sesuis
245 2017 402 2084 servioiis
420 2017 660 2104 manciparunt.
694 2016 763 2085 Sed
785 2035 845 2086 rex
873 2019 1034 2087 Bobemio
1061 2017 1235 2088 oonidens

108 2113 139 2180 in
157 2116 277 2184 virtute
302 2133 365 2184 sua
384 2117 418 2182 et
434 2131 575 2202 sperans
593 2116 628 2182 in
651 2114 859 2186 multitudine
884 2116 1071 2185 divitiarum
1090 2135 1235 2208 suarum,

108 2214 179 2298 onia
210 2231 274 2302 per
302 2212 353 2282 ias
379 2219 412 2280 et
435 2211 531 2281 neias
557 2214 659 2281 multa
683 2220 842 2283 terrarum
870 2218 987 2304 spaoia
1022 2233 1082 2284 sne
1116 2216 1236 2286 subie-

109 2317 193 2380 eerat
219 2312 367 2402 dioioni,
401 2311 435 2380 in
461 2311 527 2380 biis
558 2311 769 2403 comedens,
785 2332 859 2382 oum
897 2333 979 2400 rege
1012 2313 1236 2386 Romanorum

108 2411 309 2480 eonoordare
329 2427 506 2500 renuens,
536 2411 613 2493 jura
647 2429 709 2479 sna
741 2429 781 2480 ao
810 2411 910 2481 seoda
936 2413 977 2480 ab
1011 2431 1052 2482 eo
1085 2416 1235 2502 resipere

108 2506 312 2596 dedignatur.
364 2509 512 2578 Tandem
534 2527 614 2578 vero
640 2527 797 2578 reversus
821 2512 855 2578 in
884 2529 922 2580 se
946 2513 1132 2599 inspirante
1158 2511 1235 2582 Do·-

107 2609 206 2699 mino,
228 2625 487 2694 reeognoseens
512 2607 583 2677 sore
609 2609 662 2676 sui
682 2610 768 2692 juris
787 2607 935 2678 Romano
960 2611 1099 2698 imperio
1124 2611 1235 2698 ipsum

107 2703 222 2775 dobere
238 2707 396 2798 subesse,
420 2708 548 2792 eogitat
565 2725 606 2774 ea
621 2725 686 2794 qne
700 2709 795 2794 paois
810 2713 898 2799 sunt,
916 2726 990 2776 oum
1006 2726 1046 2778 eo
1067 2710 1236 2797 oomponit

107 2822 160 2891 per
180 2808 326 2876 nunoios
352 2812 386 2874 et
408 2805 552 2890 legatos.

172 2903 273 2986 Quod
297 2923 371 2973 oum
396 2905 514 2990 regina
538 2921 623 2972 uxor
648 2920 709 2972 sna
732 2903 870 2972 reseivit
890 2903 1014 2990 pariter
1043 2907 1077 2970 ot
1098 2901 1235 2994 audivit,

106 3000 233 3072 inimioa
256 3004 354 3092 paois
376 3009 480 3070 mater
505 3004 629 3072 erroris
652 3001 809 3088 indoluit3
837 3018 914 3070 mox
931 3001 1129 3088 parathano
1149 3021 1237 3072 eon-

106 3100 247 3172 oordiam
272 3102 454 3188 infringere
480 3107 514 3169 et
536 3103 615 3170 totis
633 3100 759 3168 viribus
785 3099 964 3188 dissipare.
991 3100 1099 3168 Primo
1122 3119 1237 3187 regem

106 3198 257 3268 obsoorat
281 3201 382 3268 omni·
396 3217 531 3288 preoum
554 3200 722 3268 instaneia
739 3206 898 3285 quantum
915 3203 1038 3289 potest,
1065 3205 1101 3266 ut
1119 3217 1236 3288 paoem

104 3313 195 3382 quam
220 3299 303 3368 feeit
328 3318 402 3367 eum
426 3317 508 3385 rege
532 3303 730 3388 memorato,
757 3299 856 3372 eitius
878 3298 1016 3384 ineipiat
1045 3306 1236 3390 retractare,

105 3392 230 3466 dieons:
256 3399 334 3482 foro
358 3399 514 3466 indecens
545 3395 801 3466 otttobooostom
827 3401 894 3464 torn
912 3400 1080 3480 bettonem
1114 3402 1146 3464 ot
1173 3399 1236 3482 fo·-

103 3511 221 3566 mosam
247 3515 360 3582 repom
385 3515 422 3564 se
447 3495 596 3564 sootoere
618 3496 712 3564 antus
738 3496 822 3562 comt
823 3496 864 3562 tis
889 3492 1148 3563 semimortuae
1171 3497 1236 3564 heo

104 3609 168 3684 rex,
190 3601 229 3663 ut
253 3595 354 3709 homo
373 3597 511 3683 sapiens
537 3601 571 3662 et
587 3600 746 3685 maturus,
772 3593 951 3663 elementer
973 3593 1123 3680 reginam
1146 3595 1236 3662 allo·-

105 3791 189 3874 quod
214 3792 297 3862 ieoit
317 3811 378 3881 pro
411 3792 500 3861 bono
523 3794 618 3881 paois
644 3793 816 3860 serenitati
841 3808 902 3860 sue
918 3791 1051 3879 plaeere
1074 3807 1143 3858 non
1168 3789 1233 3871 de-

104 3885 256 3974 dignetur
264 3914 273 3978 3
300 3909 495 3960 ammonens
523 3909 596 3960 eam
624 3910 699 3959 eum
724 3889 923 3980 diligencia,
951 3895 988 3956 ut
1008 3888 1236 3959 deumexoret

104 3983 239 4058 fideliter
250 3995 284 4058 et
297 3989 431 4080 devote,
442 3988 533 4077 quod
543 4008 583 4058 ea
602 4008 667 4077 que
681 3991 766 4058 inter
780 4007 818 4058 se
837 3995 870 4056 et
885 4005 998 4074 regem
1012 3986 1234 4059 Romanorum

103 4087 271 4158 traotanda
298 4094 378 4160 sunt
403 4088 469 4160 deo
494 4082 1234 4177 proposito1,laudabilomexitumsorrian-

15 4217 16 4228 ¹
131 4210 159 4278 1)
178 4213 213 4268 So
233 4214 276 4270 die
294 4215 333 4270 bs.
352 4245 384 4255 —
405 4213 509 4271 Oeiele:
529 4220 687 4290 praeposito.
712 4215 867 4284 Lipowsky:
886 4213 1042 4333 propicio*

15 4303 16 4320 ¹
999 4304 1014 4358 1
