3028 4878
534 215 660 260 urrunnu
681 214 917 260 uunsrruuuusrs.
1225 187 1290 254 tlt

158 350 272 416 missis
305 367 437 417 earmen
465 347 575 419 Ovidii
609 351 651 419 de
686 352 792 421 Ponto
818 352 900 420 libro
929 358 1067 442 quarto,
1094 353 1126 419 in
1155 356 1296 442 epistola

158 449 272 535 tereia,
300 449 429 516 scilieet
455 449 498 518 ad
523 452 690 520 inimieum
717 469 759 518 ex
782 452 888 519 amieo
914 449 1046 541 laetum,
1074 450 1162 520 eirea
1180 453 1294 521 finem:

254 544 397 635 „Omnia
424 554 502 615 sunt
528 549 694 618 hominum
722 550 813 616 tenui
839 547 1028 637 pendeneia
1053 549 1109 618 lrlo

323 646 364 712 Et
391 647 500 715 subito
528 665 610 716 easu
637 665 701 736 que
728 648 863 716 valuere
890 644 1022 716 ruunt.“

155 743 198 810 Et
223 742 344 811 ibidem
370 743 470 813 inira:

256 841 380 930 „Ludit
405 845 439 910 in
465 844 617 911 humanis
644 842 756 911 divina
781 845 931 930 potentia
957 845 1056 912 rebus

317 939 358 1006 Et
382 958 524 1028 presens
551 945 675 1008 eertum
700 941 758 1008 vix
784 941 884 1008 babet
910 941 992 1010 hora
1020 941 1151 1010 idem.“

154 1036 194 1102 ln
220 1037 283 1104 hiis
310 1040 410 1124 igitur
437 1047 469 1108 et
496 1041 567 1108 aliis
595 1039 650 1107 dei
676 1038 798 1106 iudicia
825 1038 970 1128 abyssus
997 1042 1106 1109 multa.
1140 1042 1294 1110 Preterea

154 1135 343 1204 advertatur
365 1138 455 1225 quod
476 1138 569 1207 lohel
586 1139 829 1227 primogenitus
854 1143 887 1205 et
904 1135 989 1207 Abia
1007 1139 1292 1229 secundogenitus

155 1233 320 1302 Samuelis
348 1230 432 1305 eto¹
465 1236 502 1304 ln
530 1235 719 1305 huiusmodi
745 1242 854 1304 autem
882 1237 1085 1306 horribilium
1112 1241 1291 1325 angustia-

153 1351 223 1400 rum
262 1333 470 1421 undiquitate
506 1337 604 1402 etiam
639 1337 736 1402 anxie
768 1335 997 1424 perplexitatis
1033 1339 1292 1426 scrupulositate

153 1433 294 1499 maxime
308 1433 342 1499 in
362 1435 511 1522 partibus
528 1433 714 1501 Theutonie
733 1440 766 1499 et
789 1435 1004 1519 singulariter
1022 1435 1158 1503 Franoie
1176 1437 1291 1504 orien-

154 1530 243 1618 taliS,
270 1531 344 1618 ipse
370 1533 537 1620 perlector
562 1550 630 1599 non
657 1533 700 1598 sit
725 1549 866 1619 preceps
893 1550 933 1599 ae
958 1535 1061 1623 iners,
1089 1533 1149 1602 sed
1174 1536 1292 1602 tamin

150 1626 284 1696 silendo
313 1647 411 1715 quam
438 1632 472 1698 in
506 1629 677 1717 loquendo
711 1629 889 1719 diseretus,
917 1635 954 1697 ut
979 1631 1118 1699 docetur
1144 1633 1222 1701 xliii.
1249 1632 1291 1699 di.

151 1728 195 1793 sit
223 1733 340 1796 reetor.

150 1976 203 2042 De
231 1975 459 2060 triompbotioo
485 1977 636 2060 conflictu
656 1977 804 2045 Eduardi
821 1977 909 2061 repta
927 1976 1043 2061 dnplte
1061 1980 1180 2042 contro
1198 1974 1289 2062 1³er-

249 2074 370 2158 ttppum
394 2093 504 2159 repam
528 2076 677 2158 Francia,
704 2080 736 2142 et
760 2076 801 2142 de
825 2074 913 2142 obitu
931 2073 1089 2142 lodunrds
1114 2075 1203 2160 repta
1219 2074 1290 2140 Bo-

249 2170 351 2238 bemte
376 2178 410 2239 et
432 2190 573 2240 monem.

222 2336 320 2406 Anno
339 2338 462 2407 domini
478 2339 678 2406 maeandri.
697 2339 749 2406 die
766 2339 865 2406 xxui.
883 2340 1028 2428 augusti,
1056 2317 1286 2406 soilieet'sab-
1303 2352 1372 2406 rene

148 2437 227 2505 bato
254 2443 331 2526 post
365 2436 452 2504 diem
487 2438 575 2505 beati
609 2437 833 2504 Bartholomei
867 2437 1030 2525 aposloli,
1059 2438 1146 2503 eirea
1172 2435 1285 2502 horam
1311 2437 1369 2542 ¹⁸2⁰ss-

147 2539 373 2623 vespertinam
391 2537 424 2603 in
443 2535 598 2604 Bikardia
618 2536 704 2601 inter
724 2534 829 2602 Crissi
849 2541 882 2603 et
898 2531 1014 2603 Albam
1033 2535 1154 2620 villam,
1180 2551 1285 2621 prope

148 2641 300 2702 sanetum
326 2633 485 2702 lodooum
512 2635 599 2701 eirea
631 2639 698 2702 tres
724 2633 856 2722 leucas,
883 2635 1081 2702 victoriosus
1107 2630 1286 2699 Eduardus

147 2749 207 2800 rex
233 2729 355 2818 Anglie
383 2740 416 2800 et
442 2732 484 2801 de
510 2735 581 2800 iure
608 2733 712 2800 esiam
738 2732 876 2800 llraneie
903 2749 942 2798 ao
969 2730 1122 2799 dominus
1139 2729 1284 2798 Yhernie

150 2830 324 2917 preliando
351 2831 512 2899 bellicose
538 2830 702 2919 prevaluit
728 2837 843 2898 eontra
863 2828 1045 2917 Philippum
1063 2828 1104 2897 de
1124 2828 1286 2917 Vallesio,

146 2930 365 2996 intitulantem
383 2947 420 2996 se
431 2947 545 3015 regem
556 2946 595 2995 uo
606 2927 812 2996 detentorem
829 2929 924 3013 regni
939 2928 1086 3016 Franoie,
1104 2933 1137 2994 et
1150 2945 1287 2995 suorum

147 3034 345 3095 armatorum
360 3030 455 3114 quasi
471 3025 740 3095 innumerabilem
752 3028 950 3094 eomitivam.
978 3027 1014 3094 ln
1032 3027 1125 3094 ouius
1144 3027 1216 3094 aeie
1232 3027 1286 3093 in-

147 3123 274 3193 terfeoti
290 3125 422 3194 luerunt
438 3124 621 3215 prenobilis
631 3125 838 3215 preliberalis
854 3130 887 3192 et
904 3124 1147 3212 prebelliuosus
1159 3124 1286 3192 lohan-

145 3241 207 3290 nes
233 3243 291 3292 rex
316 3225 487 3314 Bobenia,
514 3225 647 3310 genitus
672 3224 807 3291 Henrioi
834 3224 1039 3310 imperatoris
1066 3220 1286 3289 Romanorum

146 3324 290 3412 septimi,
309 3325 441 3410 genitor
457 3330 566 3390 autem
587 3321 700 3391 Karoli
716 3321 915 3389 marchionis
933 3320 1093 3410 ltloravie,
1120 3322 1154 3387 in
1172 3338 1285 3406 regem

150 3419 373 3490 Romanorum
400 3420 539 3511 preteeti
566 3469 574 3488 .
600 3471 609 3488 .
636 3421 703 3490 dux
728 3420 946 3504 Lothoringie
973 3469 981 3488 .
1008 3472 1014 3486 .
1043 3436 1155 3488 eomes
1180 3419 1285 3486 Flan-

148 3518 218 3586 drie
246 3569 254 3587 .
281 3571 290 3588 .
317 3538 429 3588 eomes
465 3519 507 3587 de
543 3518 632 3586 Salm
660 3567 668 3583 .
695 3571 704 3586 .
732 3518 887 3586 dominus
923 3516 964 3583 de
997 3517 1156 3585 Manslelt
1182 3517 1283 3603 Saxo,

145 3618 268 3704 aliique
304 3619 516 3706 quamplures
549 3620 687 3685 eomites
715 3625 748 3685 et
773 3617 919 3684 barones
947 3632 1020 3682 oum
1047 3615 1157 3683 multis
1184 3614 1284 3682 belli-

146 3716 238 3783 eosis
264 3716 422 3785 militibus
450 3722 483 3785 et
509 3715 700 3785 militaribus
728 3722 793 3782 tam
820 3713 952 3783 Gallicis
980 3731 1078 3799 quam
1099 3713 1282 3780 Germanis.

145 3811 294 3894 Quorum
321 3817 428 3884 anime
456 3808 526 3903 qs.²
552 3815 766 3902 requiescant
792 3815 825 3880 in
851 3828 947 3902 paee.

182 4003 210 4067 1)
230 4002 286 4055 lrier
304 4001 391 4068 lolgen
411 4001 591 4070 anlrilrrungeu
610 4018 657 4056 aus
676 4004 734 4058 dem
752 4005 821 4058 alten
841 4009 987 4068 testament‚
1008 4004 1094 4057 indem
1112 4003 1221 4069 Lndwig
1238 4007 1283 4058 mit

143 4070 205 4124 Saul
223 4070 277 4124 und
293 4070 353 4124 llarl
372 4072 417 4124 mit
429 4070 511 4125 David
529 4071 681 4137 verglielren
699 4072 772 4139 wird,
791 4086 846 4124 was
864 4073 905 4125 inlr
923 4073 961 4125 als
977 4072 1046 4124 ohne
1064 4072 1281 4139 geschichtliahen

142 4137 231 4203 gelralt
248 4137 439 4207 hinweglasse,
463 4138 525 4193 aber
549 4139 591 4192 bei
611 4137 698 4209 Gropp
717 4141 782 4196 Call.
801 4142 886 4208 seripr.
906 4139 1015 4194 Wireeb.
1037 4141 1059 4207 l,
1079 4139 1178 4194 mezu
1196 4138 1281 4193 lunden

141 4209 185 4262 ist.
224 4206 254 4272 2)
274 4205 338 4261 iiber
355 4207 415 4262 dem
433 4222 450 4276 q
466 4209 501 4262 ist
518 4209 561 4262 eiu
579 4207 666 4276 stricti,
684 4211 743 4264 also
761 4208 896 4264 rlelleiolrt
915 4222 1061 4276 quesumus.
