3052 4878
464 184 580 232 urceum
602 186 646 230 ur.
667 183 809 232 cornonr.
830 185 963 232 nummo.
1215 162 1284 232 113

146 325 250 394 multa
274 323 364 413 talia,
392 341 456 412 quc
479 323 571 392 nullo
596 322 696 392 modo
712 342 772 393 rex
791 323 1015 395 Romanorum
1035 324 1182 396 fecisset.
1224 327 1372 396 Pericle

145 425 212 494 bec
238 422 365 492 iudicet
389 425 552 492 sanctitas
577 428 692 491 vestra
717 424 937 494 intentionem
963 426 1134 514 utriusque
1161 425 1205 495 nd
1230 425 1286 494 l·

145 522 301 593 ciendam
327 521 510 610 predictam
535 521 751 611 parentelam.

220 622 290 690 lllis
313 619 432 689 diebus
457 620 649 708 frequenter
670 620 817 689 instabat
834 621 989 690 domiuus
1010 639 1070 690 rex
1094 622 1184 713 apud
1207 643 1285 693 car-

145 719 289 811 dinales
318 719 409 806 quod
432 719 559 788 vellent
580 720 689 807 ipsum
712 714 874 789 coronare
891 721 926 788 in
945 720 1090 791 ecclesia
1108 722 1198 792 beati
1223 723 1285 792 lo-

145 819 268 888 bannis
294 817 544 910 LateranensiS,
572 836 615 884 ex
641 836 707 905 quo
735 818 777 887 ad
804 825 955 888 sanctum
978 819 1109 889 Petrum
1133 841 1201 890 non
1225 840 1285 911 per

149 936 227 987 eum
258 917 321 986 sed
345 935 405 1006 per
431 917 517 985 alios
545 915 660 984 clausa
686 923 757 984 erat
781 920 853 1008 via,
881 924 914 986 et
940 920 970 987 si
996 920 1060 1007 ipsi
1084 920 1212 989 vellent
1236 923 1284 990 ire

144 1023 181 1086 et
206 1019 316 1106 ipsum
342 1015 526 1105 precedere
553 1015 597 1084 ad
625 1032 738 1084 eorum
764 1017 951 1108 ecclesiam,
977 1018 1050 1105 ipse
1078 1036 1138 1087 eos
1155 1037 1284 1106 seque-

144 1121 247 1185 retur.
287 1115 420 1183 Domini
438 1113 625 1183 cardinales
643 1111 685 1182 de
699 1114 888 1184 huiusmodi
905 1115 1141 1205 impedimento
1160 1117 1284 1188 dolen-

143 1220 210 1306 tes,
239 1218 272 1283 et
297 1215 456 1283 continue
481 1213 594 1282 aillicti
622 1230 724 1301 super
746 1219 860 1300 strage
885 1221 919 1283 et
938 1214 1165 1287 destructione
1181 1217 1283 1308 urbiS,

145 1331 213 1402 que
230 1314 387 1382 continue
401 1313 512 1404 tiebat,
531 1329 600 1382 non
616 1312 769 1380 valentes
780 1331 949 1402 apponere
967 1315 1159 1406 remedium,
1170 1317 1283 1384 libeu-

144 1418 198 1482 ter
220 1413 330 1500 ipsum
351 1412 428 1480 alibi
461 1431 560 1500 qnam
581 1413 615 1478 in
633 1417 752 1480 sancto
772 1411 869 1482 Petro
892 1421 1125 1504 coronassent,
1154 1415 1216 1483 sed
1236 1417 1283 1482 ti-

143 1512 281 1580 mebant
312 1510 403 1598 qnod
423 1529 492 1579 non
518 1516 661 1599 possent
691 1511 812 1579 virtute
841 1513 1084 1582 commissionis
1108 1515 1157 1581 eis
1183 1513 1283 1583 lacte.

143 1611 189 1680 Et
214 1611 280 1680 boc
305 1610 496 1679 sentiebant
519 1609 612 1678 multi
639 1608 750 1677 clerici
777 1627 901 1679 eorum.
943 1609 1061 1678 Clerici
1080 1610 1206 1680 domini
1223 1629 1282 1679 re-

143 1711 200 1798 gis
219 1716 253 1778 et
266 1709 377 1798 plures
397 1708 439 1778 de
460 1708 541 1776 urbe
568 1707 610 1775 ad
634 1708 699 1776 boc
725 1710 834 1778 vocati
858 1709 1048 1777 sentiebant
1073 1711 1164 1798 quod
1178 1715 1282 1801 pote-

142 1815 230 1900 rant,
258 1811 345 1876 sicut
371 1809 469 1876 etiam
496 1806 658 1876 sanctitas
685 1811 799 1876 vestra
825 1807 1016 1878 declaravit.

219 1907 378 1976 Romanis
402 1907 589 1995 aliqualiter
612 1907 701 1974 notis
722 1923 782 1995 per
808 1905 974 1975 dominum
995 1925 1120 1998 regem,
1148 1913 1181 1976 et
1198 1925 1282 1995 spe-

145 2007 276 2075 cialiter
302 2007 416 2074 amicis
443 2005 568 2100 domini
595 2005 835 2096 Neapcleonis,
863 2023 949 2093 quos
977 2005 1062 2075 tales
1088 2023 1156 2074 non
1182 2007 1282 2075 inve-

142 2111 241 2175 nerat
265 2105 385 2193 quales
410 2106 519 2176 littere
546 2104 670 2173 domini
693 2103 873 2172 cardinalis
900 2106 1144 2196 promittebant,
1171 2111 1282 2174 tamen

143 2211 280 2294 propter
307 2204 372 2273 boc
393 2205 484 2292 qnod
500 2204 650 2273 fecerant
672 2203 732 2292 illi,
758 2205 814 2291 qui
832 2220 892 2292 pro
910 2207 1054 2292 pecunia
1075 2205 1198 2273 domini
1221 2203 1282 2273 lo-

142 2303 264 2372 bannis
288 2301 485 2392 Capitolium
509 2301 736 2392 reddideruut,
762 2303 898 2370 vocavit
920 2321 988 2372 uno
1015 2322 1113 2373 mane
1137 2305 1280 2372 maiores

143 2408 177 2471 et
193 2402 377 2471 nobiliores
403 2403 506 2494 urbis,
534 2404 590 2491 qui
617 2419 732 2469 secum
759 2402 918 2470 tenebant
942 2407 976 2469 et
994 2405 1174 2472 servitores
1197 2419 1280 2471 snos

142 2519 181 2570 sc
199 2501 410 2591 reputabant,
435 2504 520 2570 inter
539 2519 625 2588 quos
643 2499 706 2568 snit
722 2499 876 2569 dominus
901 2499 1045 2569 Hanibal
1068 2509 1102 2568 et
1124 2499 1280 2568 dominus

145 2599 361 2670 Theobaldus
384 2600 426 2670 de
452 2600 575 2688 Campo
596 2600 715 2689 Floris,
742 2601 799 2687 qui
825 2599 998 2668 consilium
1026 2617 1122 2667 suum
1142 2599 1280 2667 iurave-

141 2706 218 2768 ruut
234 2702 269 2768 in
292 2697 449 2791 Tauri'rm,
476 2700 524 2767 illi
555 2699 597 2768 de
616 2698 761 2789 Sabello,
788 2702 821 2766 et
837 2698 950 2787 plures
975 2697 1031 2766 alii
1057 2716 1142 2785 quos
1161 2699 1278 2767 nescio

145 2796 188 2866 ad
215 2815 359 2887 presens
383 2800 566 2868 nominare.
613 2797 733 2866 Petivit
757 2797 799 2866 ab
825 2799 876 2867 eis
902 2802 1009 2864 utrum
1029 2796 1155 2866 vellent
1170 2798 1278 2885 ipsum

141 2898 268 2987 invare,
297 2897 390 2965 etde
412 2915 490 2988 quo,
518 2902 551 2965 et
575 2894 754 2983 quomodo.
788 2894 1048 2985 Responderunt
1066 2895 1134 2964 iere
1160 2914 1277 2965 omues

138 2995 232 3083 quod
250 2998 318 3083 sic;
346 3003 457 3064 tamen
474 2993 709 3064 diversimode.
748 2992 862 3083 Aliqui
883 2993 1026 3084 luerunt,
1054 2995 1212 3063 videlicet
1231 2996 1277 3063 illi

139 3093 182 3164 dc
203 3094 340 3187 Comitc,
369 3095 548 3183 quodcum
564 3096 799 3162 noniuvarent
821 3099 937 3163 contra
956 3113 1070 3181 regem
1087 3093 1276 3185 Robertum‚

139 3211 217 3263 cum
235 3212 320 3262 avus
338 3194 418 3262 dicti
436 3196 526 3281 regis
548 3213 645 3262 avum
662 3210 758 3260 suum
775 3194 909 3260 militem
928 3191 1076 3284 fecisset,
1090 3211 1154 3261 nec
1167 3195 1278 3281 ipsum

137 3311 256 3381 regem
270 3292 450 3362 Robertum
466 3294 568 3362 vellet
582 3293 696 3360 invare
714 3298 830 3360 contra
849 3310 924 3360 eum
942 3293 977 3360 in
995 3292 1118 3380 alique.

214 3392 275 3460 llis
292 3391 411 3461 diebus
426 3411 486 3461 rex
501 3393 640 3461 Francie
661 3391 829 3460 nobilibus
851 3391 941 3459 urbis
958 3392 1084 3460 litteras
1100 3389 1276 3482 direxerat,

137 3491 363 3581 supplicando
391 3491 482 3580 quod
504 3509 620 3578 regem
639 3488 863 3559 Romanorum
888 3507 957 3560 non
982 3492 1135 3559 iuvarent
1162 3496 1277 3560 contra

137 3607 256 3677 regem
280 3589 471 3660 Robertum.
511 3591 554 3658 Et
579 3591 644 3658 hoc
668 3607 737 3658 non
764 3595 835 3658 erat
861 3589 1044 3658 secundum
1070 3588 1160 3677 quod
1189 3607 1276 3657 con-

134 3687 478 3759 sederationesinter
504 3707 565 3758 cos
591 3688 802 3757 inmanibus
834 3689 956 3758 vestris
982 3688 1070 3758 lacte
1098 3687 1275 3755 sonabant.

212 3787 404 3877 Responsio
423 3789 599 3857 cuiuslibet
615 3785 675 3854 suit
692 3789 814 3877 scripta
832 3789 917 3855 etin
939 3788 1109 3876 presentia
1130 3787 1276 3854 omnium

133 3888 236 3956 locta.
278 3889 373 3956 Tunc
400 3887 482 3956 dixit
509 3890 558 3956 cis
585 3886 739 3956 dominus
766 3905 835 3977 rex,
863 3886 954 3974 qnod
979 3886 1114 3953 multum
1140 3886 1189 3952 eis
1216 3903 1276 3952 re-

135 3987 346 4074 gratiabatur
354 4009 364 4074 3
391 3992 502 4055 tamen
528 3985 682 4075 volebat,
711 3985 802 4074 quod
829 3985 911 4054 illud
937 3984 1028 4072 quod
1054 3984 1276 4072 promiserant
1368 4027 1375 4038 ·

132 4092 398 4155 assecurasscnt
419 4092 598 4173 autequam
618 4084 815 4153 recederent
839 4085 880 4151 ab
906 4100 958 4173 eo,
986 4089 1020 4151 et
1034 4080 1125 4169 quod
1145 4083 1179 4150 iu
1195 4101 1275 4172 pre-

133 4187 248 4255 sentia
267 4186 413 4254 omnium
433 4186 560 4254 vellent
583 4184 740 4274 operibns
765 4183 945 4272 adimplere
963 4181 1092 4269 absque
1111 4181 1180 4251 ulla
1201 4201 1275 4250 mu-

169 4309 301 4352 sonuum
319 4309 422 4352 ronrss
441 4306 464 4350 1.
1060 4292 1078 4345 8
