<?xml version="1.0" encoding="UTF-8"?>
<!DOCTYPE html PUBLIC "-//W3C//DTD XHTML 1.0 Transitional//EN"
    "http://www.w3.org/TR/xhtml1/DTD/xhtml1-transitional.dtd">
<html xmlns="http://www.w3.org/1999/xhtml" xml:lang="en" lang="en">
 <head>
  <title>
</title>
<meta http-equiv="Content-Type" content="text/html;charset=utf-8" />
  <meta name='ocr-system' content='tesseract 3.04.00' />
  <meta name='ocr-capabilities' content='ocr_page ocr_carea ocr_par ocr_line ocrx_word'/>
</head>
<body>
  <div class='ocr_page' id='page_1' title='image "./fontesrerumgerm02hubegoog_0073.png"; bbox 0 0 3002 4880; ppageno 0'>
   <div class='ocr_carea' id='block_1_1' title="bbox 281 128 1110 206">
    <p class='ocr_par' dir='ltr' id='par_1_1' title="bbox 281 128 1110 206">
     <span class='ocr_line' id='line_1_1' title="bbox 281 128 1110 206; baseline 0.002 -4"><span class='ocrx_word' id='word_1_1' title='bbox 281 128 328 202; x_wconf 82' lang='lat'><strong>28</strong></span> <span class='ocrx_word' id='word_1_2' title='bbox 598 160 741 206; x_wconf 73' lang='lat' dir='ltr'><strong>eunomus</strong></span> <span class='ocrx_word' id='word_1_3' title='bbox 763 159 800 206; x_wconf 84' lang='lat' dir='ltr'><strong>uu</strong></span> <span class='ocrx_word' id='word_1_4' title='bbox 822 159 921 206; x_wconf 84' lang='lat' dir='ltr'><strong>cusrrs</strong></span> <span class='ocrx_word' id='word_1_5' title='bbox 942 159 1110 206; x_wconf 85' lang='lat' dir='ltr'><strong>rnrrcrruu.</strong></span> 
     </span>
    </p>
   </div>
   <div class='ocr_carea' id='block_1_2' title="bbox 279 293 1481 1158">
    <p class='ocr_par' dir='ltr' id='par_1_2' title="bbox 279 293 1481 1158">
     <span class='ocr_line' id='line_1_2' title="bbox 355 293 1480 384; baseline -0.004 -18"><span class='ocrx_word' id='word_1_6' title='bbox 355 295 429 380; x_wconf 90' lang='lat' dir='ltr'><strong>Quo</strong></span> <span class='ocrx_word' id='word_1_7' title='bbox 462 300 592 366; x_wconf 89' lang='lat' dir='ltr'><strong>mortuo</strong></span> <span class='ocrx_word' id='word_1_8' title='bbox 627 301 662 365; x_wconf 91' lang='lat' dir='ltr'><strong>et</strong></span> <span class='ocrx_word' id='word_1_9' title='bbox 691 301 761 384; x_wconf 80' lang='lat' dir='ltr'><strong>jam</strong></span> <span class='ocrx_word' id='word_1_10' title='bbox 793 298 886 366; x_wconf 94' lang='lat' dir='ltr'><strong>nullo</strong></span> <span class='ocrx_word' id='word_1_11' title='bbox 921 296 1046 366; x_wconf 90' lang='lat' dir='ltr'><strong>herede</strong></span> <span class='ocrx_word' id='word_1_12' title='bbox 1077 297 1255 384; x_wconf 72' lang='lat' dir='ltr'><strong>superstite</strong></span> <span class='ocrx_word' id='word_1_13' title='bbox 1282 293 1399 382; x_wconf 81' lang='lat' dir='ltr'><strong>quidam</strong></span> <span class='ocrx_word' id='word_1_14' title='bbox 1479 296 1480 330; x_wconf 72' lang='lat'><em>³</em></span> 
     </span>
     <span class='ocr_line' id='line_1_3' title="bbox 281 394 1400 486; baseline -0.006 -20"><span class='ocrx_word' id='word_1_15' title='bbox 281 399 400 486; x_wconf 89' lang='lat' dir='ltr'><strong>supani</strong></span> <span class='ocrx_word' id='word_1_16' title='bbox 433 398 558 486; x_wconf 90' lang='lat' dir='ltr'><strong>pietate</strong></span> <span class='ocrx_word' id='word_1_17' title='bbox 590 397 687 486; x_wconf 92' lang='lat' dir='ltr'><strong>moti,</strong></span> <span class='ocrx_word' id='word_1_18' title='bbox 722 396 875 466; x_wconf 91' lang='lat' dir='ltr'><strong>videntes</strong></span> <span class='ocrx_word' id='word_1_19' title='bbox 910 414 1052 482; x_wconf 88' lang='lat' dir='ltr'><strong>regnum</strong></span> <span class='ocrx_word' id='word_1_20' title='bbox 1081 398 1114 464; x_wconf 93' lang='lat' dir='ltr'><strong>in</strong></span> <span class='ocrx_word' id='word_1_21' title='bbox 1141 413 1267 464; x_wconf 93' lang='lat' dir='ltr'><strong>summo</strong></span> <span class='ocrx_word' id='word_1_22' title='bbox 1293 394 1400 462; x_wconf 93' lang='lat' dir='ltr'><strong>discri-</strong></span> 
     </span>
     <span class='ocr_line' id='line_1_4' title="bbox 281 495 1400 586; baseline -0.004 -22"><span class='ocrx_word' id='word_1_23' title='bbox 281 497 368 565; x_wconf 91' lang='lat' dir='ltr'><strong>mine</strong></span> <span class='ocrx_word' id='word_1_24' title='bbox 395 499 557 586; x_wconf 89' lang='lat' dir='ltr'><strong>positum,</strong></span> <span class='ocrx_word' id='word_1_25' title='bbox 593 495 768 564; x_wconf 89' lang='lat' dir='ltr'><strong>consilium</strong></span> <span class='ocrx_word' id='word_1_26' title='bbox 802 497 936 586; x_wconf 90' lang='lat' dir='ltr'><strong>ineunt,</strong></span> <span class='ocrx_word' id='word_1_27' title='bbox 964 513 1025 582; x_wconf 92' lang='lat' dir='ltr'><strong>pro</strong></span> <span class='ocrx_word' id='word_1_28' title='bbox 1056 495 1122 563; x_wconf 93' lang='lat' dir='ltr'><strong>alio</strong></span> <span class='ocrx_word' id='word_1_29' title='bbox 1149 511 1229 580; x_wconf 87' lang='lat' dir='ltr'><strong>rege</strong></span> <span class='ocrx_word' id='word_1_30' title='bbox 1255 495 1400 582; x_wconf 89' lang='lat' dir='ltr'><strong>cogitant,</strong></span> 
     </span>
     <span class='ocr_line' id='line_1_5' title="bbox 282 592 1481 686; baseline -0.006 -22"><span class='ocrx_word' id='word_1_31' title='bbox 282 601 316 664; x_wconf 91' lang='lat' dir='ltr'><strong>et</strong></span> <span class='ocrx_word' id='word_1_32' title='bbox 341 597 471 665; x_wconf 90' lang='lat' dir='ltr'><strong>mittunt</strong></span> <span class='ocrx_word' id='word_1_33' title='bbox 504 593 547 664; x_wconf 92' lang='lat' dir='ltr'><strong>ad</strong></span> <span class='ocrx_word' id='word_1_34' title='bbox 582 592 699 662; x_wconf 91' lang='lat' dir='ltr'><strong>ducem</strong></span> <span class='ocrx_word' id='word_1_35' title='bbox 725 594 906 686; x_wconf 88' lang='lat' dir='ltr'><strong>Kerinthie,</strong></span> <span class='ocrx_word' id='word_1_36' title='bbox 940 600 1099 680; x_wconf 75' lang='lat' dir='ltr'>rogantes</span> <span class='ocrx_word' id='word_1_37' title='bbox 1127 600 1160 660; x_wconf 90' lang='lat' dir='ltr'><strong>et</strong></span> <span class='ocrx_word' id='word_1_38' title='bbox 1185 592 1401 660; x_wconf 84' lang='lat' dir='ltr'><strong>nichilominus</strong></span> <span class='ocrx_word' id='word_1_39' title='bbox 1480 602 1481 630; x_wconf 60' lang='lat'>³</span> 
     </span>
     <span class='ocr_line' id='line_1_6' title="bbox 282 692 1402 783; baseline -0.007 -19"><span class='ocrx_word' id='word_1_40' title='bbox 282 696 313 764; x_wconf 90' lang='lat' dir='ltr'><strong>ei</strong></span> <span class='ocrx_word' id='word_1_41' title='bbox 347 699 589 783; x_wconf 77' lang='lat' dir='ltr'><strong>suggerentes,</strong></span> <span class='ocrx_word' id='word_1_42' title='bbox 625 699 663 761; x_wconf 88' lang='lat' dir='ltr'><strong>ut</strong></span> <span class='ocrx_word' id='word_1_43' title='bbox 697 711 797 761; x_wconf 92' lang='lat' dir='ltr'><strong>unam</strong></span> <span class='ocrx_word' id='word_1_44' title='bbox 839 693 881 762; x_wconf 93' lang='lat' dir='ltr'><strong>de</strong></span> <span class='ocrx_word' id='word_1_45' title='bbox 916 693 1046 761; x_wconf 82' lang='lat' dir='ltr'><strong>filiabus</strong></span> <span class='ocrx_word' id='word_1_46' title='bbox 1081 693 1173 779; x_wconf 91' lang='lat' dir='ltr'><strong>regis</strong></span> <span class='ocrx_word' id='word_1_47' title='bbox 1209 693 1346 780; x_wconf 89' lang='lat' dir='ltr'><strong>accipiat</strong></span> <span class='ocrx_word' id='word_1_48' title='bbox 1374 692 1402 756; x_wconf 94' lang='lat' dir='ltr'><strong>in</strong></span> 
     </span>
     <span class='ocr_line' id='line_1_7' title="bbox 281 790 1403 883; baseline -0.005 -23"><span class='ocrx_word' id='word_1_49' title='bbox 281 811 436 883; x_wconf 81' lang='lat' dir='ltr'><strong>uxerem,</strong></span> <span class='ocrx_word' id='word_1_50' title='bbox 472 811 569 879; x_wconf 89' lang='lat' dir='ltr'><strong>quam</strong></span> <span class='ocrx_word' id='word_1_51' title='bbox 603 809 675 860; x_wconf 93' lang='lat' dir='ltr'><strong>cum</strong></span> <span class='ocrx_word' id='word_1_52' title='bbox 709 795 894 883; x_wconf 90' lang='lat' dir='ltr'><strong>acceperit,</strong></span> <span class='ocrx_word' id='word_1_53' title='bbox 929 794 1012 860; x_wconf 90' lang='lat' dir='ltr'><strong>sciat</strong></span> <span class='ocrx_word' id='word_1_54' title='bbox 1048 808 1086 860; x_wconf 93' lang='lat' dir='ltr'><strong>se</strong></span> <span class='ocrx_word' id='word_1_55' title='bbox 1127 809 1201 859; x_wconf 89' lang='lat' dir='ltr'><strong>enm</strong></span> <span class='ocrx_word' id='word_1_56' title='bbox 1242 808 1283 858; x_wconf 89' lang='lat' dir='ltr'><strong>ea</strong></span> <span class='ocrx_word' id='word_1_57' title='bbox 1316 790 1403 856; x_wconf 87' lang='lat' dir='ltr'><strong>etiam</strong></span> 
     </span>
     <span class='ocr_line' id='line_1_8' title="bbox 281 888 1402 979; baseline -0.005 -20"><span class='ocrx_word' id='word_1_58' title='bbox 281 910 420 979; x_wconf 91' lang='lat' dir='ltr'><strong>regnum</strong></span> <span class='ocrx_word' id='word_1_59' title='bbox 456 891 616 960; x_wconf 91' lang='lat' dir='ltr'><strong>Bohomie</strong></span> <span class='ocrx_word' id='word_1_60' title='bbox 649 908 896 979; x_wconf 89' lang='lat' dir='ltr'><strong>possessurum.</strong></span> <span class='ocrx_word' id='word_1_61' title='bbox 936 890 999 972; x_wconf 83' lang='lat' dir='ltr'><strong>Qui</strong></span> <span class='ocrx_word' id='word_1_62' title='bbox 1024 907 1201 979; x_wconf 84' lang='lat' dir='ltr'><strong>parumper</strong></span> <span class='ocrx_word' id='word_1_63' title='bbox 1227 888 1402 958; x_wconf 80' lang='lat' dir='ltr'><strong>deliberans</strong></span> 
     </span>
     <span class='ocr_line' id='line_1_9' title="bbox 279 989 1403 1081; baseline -0.006 -22"><span class='ocrx_word' id='word_1_64' title='bbox 279 993 368 1059; x_wconf 90' lang='lat' dir='ltr'><strong>votis</strong></span> <span class='ocrx_word' id='word_1_65' title='bbox 402 992 534 1080; x_wconf 90' lang='lat' dir='ltr'><strong>annuit,</strong></span> <span class='ocrx_word' id='word_1_66' title='bbox 569 992 702 1078; x_wconf 80' lang='lat' dir='ltr'><strong>nuptias</strong></span> <span class='ocrx_word' id='word_1_67' title='bbox 729 989 824 1081; x_wconf 89' lang='lat' dir='ltr'><strong>lecit,</strong></span> <span class='ocrx_word' id='word_1_68' title='bbox 852 1009 991 1076; x_wconf 87' lang='lat' dir='ltr'><strong>regnum</strong></span> <span class='ocrx_word' id='word_1_69' title='bbox 1017 989 1160 1076; x_wconf 91' lang='lat' dir='ltr'><strong>adeptus</strong></span> <span class='ocrx_word' id='word_1_70' title='bbox 1187 994 1240 1056; x_wconf 90' lang='lat' dir='ltr'><strong>est</strong></span> <span class='ocrx_word' id='word_1_71' title='bbox 1265 993 1298 1057; x_wconf 90' lang='lat' dir='ltr'><strong>et</strong></span> <span class='ocrx_word' id='word_1_72' title='bbox 1322 1002 1403 1054; x_wconf 91' lang='lat' dir='ltr'><strong>more</strong></span> 
     </span>
     <span class='ocr_line' id='line_1_10' title="bbox 281 1081 743 1158; baseline 0 0"><span class='ocrx_word' id='word_1_73' title='bbox 281 1090 382 1158; x_wconf 92' lang='lat' dir='ltr'><strong>solito</strong></span> <span class='ocrx_word' id='word_1_74' title='bbox 409 1089 505 1156; x_wconf 91' lang='lat' dir='ltr'><strong>citius</strong></span> <span class='ocrx_word' id='word_1_75' title='bbox 532 1081 743 1158; x_wconf 83' lang='lat' dir='ltr'><strong>coronatur¹.</strong></span> 
     </span>
    </p>
   </div>
   <div class='ocr_carea' id='block_1_3' title="bbox 278 1181 1484 1871">
    <p class='ocr_par' dir='ltr' id='par_1_3' title="bbox 278 1181 1484 1871">
     <span class='ocr_line' id='line_1_11' title="bbox 354 1181 1483 1275; baseline -0.007 -19"><span class='ocrx_word' id='word_1_76' title='bbox 354 1189 510 1256; x_wconf 90' lang='lat' dir='ltr'><strong>Preterea</strong></span> <span class='ocrx_word' id='word_1_77' title='bbox 536 1188 668 1256; x_wconf 91' lang='lat' dir='ltr'><strong>luerunt</strong></span> <span class='ocrx_word' id='word_1_78' title='bbox 694 1188 811 1275; x_wconf 92' lang='lat' dir='ltr'><strong>supani</strong></span> <span class='ocrx_word' id='word_1_79' title='bbox 839 1191 872 1256; x_wconf 89' lang='lat' dir='ltr'><strong>et</strong></span> <span class='ocrx_word' id='word_1_80' title='bbox 902 1187 1134 1256; x_wconf 80' lang='lat' dir='ltr'><strong>ministeriales</strong></span> <span class='ocrx_word' id='word_1_81' title='bbox 1161 1187 1225 1256; x_wconf 91' lang='lat' dir='ltr'><strong>hec</strong></span> <span class='ocrx_word' id='word_1_82' title='bbox 1252 1183 1331 1252; x_wconf 92' lang='lat' dir='ltr'><strong>dure</strong></span> <span class='ocrx_word' id='word_1_83' title='bbox 1357 1181 1404 1250; x_wconf 85' lang='lat' dir='ltr'><strong>ie·</strong></span> <span class='ocrx_word' id='word_1_84' title='bbox 1482 1213 1483 1248; x_wconf 47' lang='grc' dir='ltr'>ι</span> 
     </span>
     <span class='ocr_line' id='line_1_12' title="bbox 280 1283 1483 1378; baseline -0.005 -26"><span class='ocrx_word' id='word_1_85' title='bbox 280 1292 394 1355; x_wconf 91' lang='lat' dir='ltr'><strong>rentes</strong></span> <span class='ocrx_word' id='word_1_86' title='bbox 429 1292 462 1354; x_wconf 92' lang='lat' dir='ltr'><strong>et</strong></span> <span class='ocrx_word' id='word_1_87' title='bbox 494 1287 571 1356; x_wconf 92' lang='lat' dir='ltr'><strong>huic</strong></span> <span class='ocrx_word' id='word_1_88' title='bbox 606 1289 653 1354; x_wconf 89' lang='lat' dir='ltr'><strong>rei</strong></span> <span class='ocrx_word' id='word_1_89' title='bbox 679 1305 747 1354; x_wconf 94' lang='lat' dir='ltr'><strong>non</strong></span> <span class='ocrx_word' id='word_1_90' title='bbox 774 1288 1035 1378; x_wconf 65' lang='lat' dir='ltr'><strong>eonsentientes</strong></span> <span class='ocrx_word' id='word_1_91' title='bbox 1063 1289 1183 1354; x_wconf 90' lang='lat' dir='ltr'><strong>inimici</strong></span> <span class='ocrx_word' id='word_1_92' title='bbox 1209 1286 1302 1375; x_wconf 93' lang='lat' dir='ltr'><strong>pacis</strong></span> <span class='ocrx_word' id='word_1_93' title='bbox 1328 1283 1404 1349; x_wconf 91' lang='lat' dir='ltr'><strong>bella</strong></span> <span class='ocrx_word' id='word_1_94' title='bbox 1482 1305 1483 1310; x_wconf 42' lang='lat'>¹</span> 
     </span>
     <span class='ocr_line' id='line_1_13' title="bbox 281 1384 1405 1468; baseline -0.004 -16"><span class='ocrx_word' id='word_1_95' title='bbox 281 1387 466 1454; x_wconf 86' lang='lat' dir='ltr'><strong>nutrientes</strong></span> <span class='ocrx_word' id='word_1_96' title='bbox 500 1391 534 1453; x_wconf 94' lang='lat' dir='ltr'><strong>et</strong></span> <span class='ocrx_word' id='word_1_97' title='bbox 571 1386 614 1454; x_wconf 93' lang='lat' dir='ltr'><strong>ob</strong></span> <span class='ocrx_word' id='word_1_98' title='bbox 650 1403 690 1453; x_wconf 89' lang='lat' dir='ltr'><strong>ca</strong></span> <span class='ocrx_word' id='word_1_99' title='bbox 723 1404 744 1452; x_wconf 88' lang='lat' dir='ltr'><strong>a</strong></span> <span class='ocrx_word' id='word_1_100' title='bbox 782 1385 1004 1453; x_wconf 91' lang='lat' dir='ltr'><strong>Bohemorum</strong></span> <span class='ocrx_word' id='word_1_101' title='bbox 1047 1385 1160 1454; x_wconf 87' lang='lat' dir='ltr'><strong>lavore</strong></span> <span class='ocrx_word' id='word_1_102' title='bbox 1195 1384 1405 1468; x_wconf 80' lang='lat' dir='ltr'><strong>declinantes,</strong></span> 
     </span>
     <span class='ocr_line' id='line_1_14' title="bbox 281 1480 1484 1572; baseline -0.006 -20"><span class='ocrx_word' id='word_1_103' title='bbox 281 1487 372 1571; x_wconf 90' lang='lat' dir='ltr'><strong>regis</strong></span> <span class='ocrx_word' id='word_1_104' title='bbox 399 1482 620 1554; x_wconf 90' lang='lat' dir='ltr'><strong>Romanorum</strong></span> <span class='ocrx_word' id='word_1_105' title='bbox 646 1484 796 1572; x_wconf 91' lang='lat' dir='ltr'><strong>partibus</strong></span> <span class='ocrx_word' id='word_1_106' title='bbox 823 1484 1036 1554; x_wconf 88' lang='lat' dir='ltr'><strong>adheserunt.</strong></span> <span class='ocrx_word' id='word_1_107' title='bbox 1088 1484 1147 1552; x_wconf 90' lang='lat' dir='ltr'><strong>Cui</strong></span> <span class='ocrx_word' id='word_1_108' title='bbox 1172 1502 1241 1551; x_wconf 90' lang='lat' dir='ltr'><strong>rem</strong></span> <span class='ocrx_word' id='word_1_109' title='bbox 1267 1480 1408 1570; x_wconf 90' lang='lat' dir='ltr'><strong>pandunt</strong></span> <span class='ocrx_word' id='word_1_110' title='bbox 1483 1519 1484 1572; x_wconf 47' lang='grc' dir='ltr'>ι</span> 
     </span>
     <span class='ocr_line' id='line_1_15' title="bbox 281 1573 1484 1674; baseline -0.006 -22"><span class='ocrx_word' id='word_1_111' title='bbox 281 1588 315 1652; x_wconf 92' lang='lat' dir='ltr'><strong>et</strong></span> <span class='ocrx_word' id='word_1_112' title='bbox 339 1585 448 1673; x_wconf 90' lang='lat' dir='ltr'><strong>ipsum</strong></span> <span class='ocrx_word' id='word_1_113' title='bbox 475 1584 669 1671; x_wconf 89' lang='lat' dir='ltr'><strong>diligentius</strong></span> <span class='ocrx_word' id='word_1_114' title='bbox 703 1582 937 1674; x_wconf 89' lang='lat' dir='ltr'><strong>admonentes,</strong></span> <span class='ocrx_word' id='word_1_115' title='bbox 967 1589 1003 1652; x_wconf 91' lang='lat' dir='ltr'><strong>ut</strong></span> <span class='ocrx_word' id='word_1_116' title='bbox 1028 1590 1148 1651; x_wconf 91' lang='lat' dir='ltr'><strong>terram</strong></span> <span class='ocrx_word' id='word_1_117' title='bbox 1173 1583 1333 1651; x_wconf 90' lang='lat' dir='ltr'><strong>Bohemie</strong></span> <span class='ocrx_word' id='word_1_118' title='bbox 1356 1579 1407 1645; x_wconf 93' lang='lat' dir='ltr'><strong>in·</strong></span> <span class='ocrx_word' id='word_1_119' title='bbox 1483 1573 1484 1576; x_wconf 70' lang='grc'>’</span> 
     </span>
     <span class='ocr_line' id='line_1_16' title="bbox 278 1677 1406 1772; baseline -0.008 -20"><span class='ocrx_word' id='word_1_120' title='bbox 278 1682 403 1752; x_wconf 87' lang='lat' dir='ltr'><strong>vadere</strong></span> <span class='ocrx_word' id='word_1_121' title='bbox 438 1701 506 1752; x_wconf 93' lang='lat' dir='ltr'><strong>non</strong></span> <span class='ocrx_word' id='word_1_122' title='bbox 540 1684 710 1771; x_wconf 87' lang='lat' dir='ltr'><strong>negligat,</strong></span> <span class='ocrx_word' id='word_1_123' title='bbox 746 1687 780 1750; x_wconf 91' lang='lat' dir='ltr'><strong>et</strong></span> <span class='ocrx_word' id='word_1_124' title='bbox 815 1700 888 1750; x_wconf 90' lang='lat' dir='ltr'><strong>earn</strong></span> <span class='ocrx_word' id='word_1_125' title='bbox 924 1683 987 1750; x_wconf 87' lang='lat' dir='ltr'><strong>sibi</strong></span> <span class='ocrx_word' id='word_1_126' title='bbox 1022 1683 1179 1772; x_wconf 91' lang='lat' dir='ltr'><strong>subiciat,</strong></span> <span class='ocrx_word' id='word_1_127' title='bbox 1217 1698 1316 1768; x_wconf 89' lang='lat' dir='ltr'><strong>quam</strong></span> <span class='ocrx_word' id='word_1_128' title='bbox 1350 1677 1406 1744; x_wconf 91' lang='lat' dir='ltr'><strong>sibi</strong></span> 
     </span>
     <span class='ocr_line' id='line_1_17' title="bbox 279 1777 1405 1871; baseline -0.006 -22"><span class='ocrx_word' id='word_1_129' title='bbox 279 1781 410 1850; x_wconf 90' lang='lat' dir='ltr'><strong>tradere</strong></span> <span class='ocrx_word' id='word_1_130' title='bbox 446 1783 664 1871; x_wconf 81' lang='lat' dir='ltr'><strong>pollicentur,</strong></span> <span class='ocrx_word' id='word_1_131' title='bbox 701 1783 729 1847; x_wconf 91' lang='lat' dir='ltr'><strong>si</strong></span> <span class='ocrx_word' id='word_1_132' title='bbox 763 1786 800 1849; x_wconf 91' lang='lat' dir='ltr'><strong>ut</strong></span> <span class='ocrx_word' id='word_1_133' title='bbox 834 1780 931 1849; x_wconf 91' lang='lat' dir='ltr'><strong>dccet</strong></span> <span class='ocrx_word' id='word_1_134' title='bbox 964 1781 1109 1850; x_wconf 89' lang='lat' dir='ltr'><strong>honesto</strong></span> <span class='ocrx_word' id='word_1_135' title='bbox 1144 1782 1303 1848; x_wconf 89' lang='lat' dir='ltr'><strong>comitatu</strong></span> <span class='ocrx_word' id='word_1_136' title='bbox 1333 1777 1405 1846; x_wconf 91' lang='lat' dir='ltr'><strong>illuc</strong></span> 
     </span>
    </p>
   </div>
   <div class='ocr_carea' id='block_1_4' title="bbox 276 1879 1487 4044">
    <p class='ocr_par' dir='ltr' id='par_1_4' title="bbox 276 1879 1487 2762">
     <span class='ocr_line' id='line_1_18' title="bbox 276 1879 1485 1968; baseline -0.004 -19"><span class='ocrx_word' id='word_1_137' title='bbox 276 1883 406 1949; x_wconf 88' lang='lat' dir='ltr'><strong>venerit</strong></span> <span class='ocrx_word' id='word_1_138' title='bbox 432 1886 466 1947; x_wconf 88' lang='lat' dir='ltr'><strong>et</strong></span> <span class='ocrx_word' id='word_1_139' title='bbox 491 1887 688 1949; x_wconf 90' lang='lat' dir='ltr'><strong>armatorum</strong></span> <span class='ocrx_word' id='word_1_140' title='bbox 714 1879 920 1947; x_wconf 90' lang='lat' dir='ltr'><strong>multitudine</strong></span> <span class='ocrx_word' id='word_1_141' title='bbox 947 1882 1095 1968; x_wconf 90' lang='lat' dir='ltr'><strong>copiosa.</strong></span> <span class='ocrx_word' id='word_1_142' title='bbox 1130 1879 1226 1948; x_wconf 91' lang='lat' dir='ltr'><strong>Unde</strong></span> <span class='ocrx_word' id='word_1_143' title='bbox 1253 1896 1327 1946; x_wconf 91' lang='lat' dir='ltr'><strong>cum</strong></span> <span class='ocrx_word' id='word_1_144' title='bbox 1351 1893 1404 1943; x_wconf 92' lang='lat' dir='ltr'><strong>rex</strong></span> <span class='ocrx_word' id='word_1_145' title='bbox 1484 1909 1485 1944; x_wconf 56' lang='grc' dir='ltr'>ι</span> 
     </span>
     <span class='ocr_line' id='line_1_19' title="bbox 276 1977 1405 2048; baseline -0.005 -2"><span class='ocrx_word' id='word_1_146' title='bbox 276 1979 497 2048; x_wconf 86' lang='lat' dir='ltr'><strong>intellexisset</strong></span> <span class='ocrx_word' id='word_1_147' title='bbox 536 1978 654 2047; x_wconf 88' lang='lat' dir='ltr'><strong>ducem</strong></span> <span class='ocrx_word' id='word_1_148' title='bbox 688 1977 856 2046; x_wconf 89' lang='lat' dir='ltr'><strong>llarinthie</strong></span> <span class='ocrx_word' id='word_1_149' title='bbox 891 1985 1009 2047; x_wconf 88' lang='lat' dir='ltr'><strong>terram</strong></span> <span class='ocrx_word' id='word_1_150' title='bbox 1040 1979 1200 2047; x_wconf 91' lang='lat' dir='ltr'><strong>Bohemie</strong></span> <span class='ocrx_word' id='word_1_151' title='bbox 1235 1977 1405 2045; x_wconf 90' lang='lat' dir='ltr'><strong>intravisse</strong></span> 
     </span>
     <span class='ocr_line' id='line_1_20' title="bbox 279 2077 1405 2170; baseline -0.005 -25"><span class='ocrx_word' id='word_1_152' title='bbox 279 2083 313 2145; x_wconf 93' lang='lat' dir='ltr'><strong>et</strong></span> <span class='ocrx_word' id='word_1_153' title='bbox 345 2095 502 2170; x_wconf 88' lang='lat' dir='ltr'><strong>regnum,</strong></span> <span class='ocrx_word' id='word_1_154' title='bbox 536 2085 572 2145; x_wconf 92' lang='lat' dir='ltr'><strong>ut</strong></span> <span class='ocrx_word' id='word_1_155' title='bbox 604 2096 705 2166; x_wconf 90' lang='lat' dir='ltr'><strong>supra</strong></span> <span class='ocrx_word' id='word_1_156' title='bbox 726 2082 884 2144; x_wconf 81' lang='lat' dir='ltr'><strong>taxatum</strong></span> <span class='ocrx_word' id='word_1_157' title='bbox 919 2084 987 2168; x_wconf 90' lang='lat' dir='ltr'><strong>est,</strong></span> <span class='ocrx_word' id='word_1_158' title='bbox 1023 2078 1214 2165; x_wconf 77' lang='lat' dir='ltr'><strong>suscepisse</strong></span> <span class='ocrx_word' id='word_1_159' title='bbox 1249 2077 1322 2145; x_wconf 91' lang='lat' dir='ltr'><strong>sine</strong></span> <span class='ocrx_word' id='word_1_160' title='bbox 1348 2090 1405 2142; x_wconf 90' lang='lat' dir='ltr'><strong>suo</strong></span> 
     </span>
     <span class='ocr_line' id='line_1_21' title="bbox 279 2172 1486 2266; baseline -0.004 -23"><span class='ocrx_word' id='word_1_161' title='bbox 279 2177 418 2244; x_wconf 92' lang='lat' dir='ltr'><strong>consilio</strong></span> <span class='ocrx_word' id='word_1_162' title='bbox 446 2184 479 2244; x_wconf 90' lang='lat' dir='ltr'><strong>et</strong></span> <span class='ocrx_word' id='word_1_163' title='bbox 505 2177 637 2266; x_wconf 87' lang='lat' dir='ltr'><strong>lavore,</strong></span> <span class='ocrx_word' id='word_1_164' title='bbox 670 2174 807 2261; x_wconf 90' lang='lat' dir='ltr'><strong>indigne</strong></span> <span class='ocrx_word' id='word_1_165' title='bbox 840 2176 951 2245; x_wconf 85' lang='lat' dir='ltr'><strong>serens</strong></span> <span class='ocrx_word' id='word_1_166' title='bbox 979 2183 1013 2244; x_wconf 90' lang='lat' dir='ltr'><strong>et</strong></span> <span class='ocrx_word' id='word_1_167' title='bbox 1037 2176 1287 2265; x_wconf 83' lang='lat' dir='ltr'><strong>perturbatione</strong></span> <span class='ocrx_word' id='word_1_168' title='bbox 1314 2172 1406 2243; x_wconf 91' lang='lat' dir='ltr'><strong>animi</strong></span> <span class='ocrx_word' id='word_1_169' title='bbox 1485 2249 1486 2258; x_wconf 8' lang='grc' dir='ltr'>ἵ</span> 
     </span>
     <span class='ocr_line' id='line_1_22' title="bbox 278 2271 1405 2365; baseline -0.005 -23"><span class='ocrx_word' id='word_1_170' title='bbox 278 2275 462 2365; x_wconf 90' lang='lat' dir='ltr'><strong>resolutus,</strong></span> <span class='ocrx_word' id='word_1_171' title='bbox 495 2275 590 2358; x_wconf 84' lang='lat' dir='ltr'><strong>jubet</strong></span> <span class='ocrx_word' id='word_1_172' title='bbox 620 2281 657 2342; x_wconf 92' lang='lat' dir='ltr'><strong>ut</strong></span> <span class='ocrx_word' id='word_1_173' title='bbox 681 2273 723 2344; x_wconf 92' lang='lat' dir='ltr'><strong>de</strong></span> <span class='ocrx_word' id='word_1_174' title='bbox 757 2275 908 2343; x_wconf 90' lang='lat' dir='ltr'><strong>omnibus</strong></span> <span class='ocrx_word' id='word_1_175' title='bbox 934 2275 1117 2343; x_wconf 89' lang='lat' dir='ltr'><strong>visceribus</strong></span> <span class='ocrx_word' id='word_1_176' title='bbox 1144 2276 1240 2361; x_wconf 88' lang='lat' dir='ltr'><strong>regni</strong></span> <span class='ocrx_word' id='word_1_177' title='bbox 1265 2271 1405 2342; x_wconf 89' lang='lat' dir='ltr'><strong>universi</strong></span> 
     </span>
     <span class='ocr_line' id='line_1_23' title="bbox 278 2372 1409 2463; baseline -0.004 -22"><span class='ocrx_word' id='word_1_178' title='bbox 278 2374 408 2443; x_wconf 92' lang='lat' dir='ltr'><strong>nobiles</strong></span> <span class='ocrx_word' id='word_1_179' title='bbox 436 2392 473 2442; x_wconf 90' lang='lat' dir='ltr'><strong>sc</strong></span> <span class='ocrx_word' id='word_1_180' title='bbox 499 2380 677 2463; x_wconf 89' lang='lat' dir='ltr'><strong>preparent</strong></span> <span class='ocrx_word' id='word_1_181' title='bbox 704 2373 746 2440; x_wconf 90' lang='lat' dir='ltr'><strong>ad</strong></span> <span class='ocrx_word' id='word_1_182' title='bbox 772 2373 971 2442; x_wconf 90' lang='lat' dir='ltr'><strong>descensum</strong></span> <span class='ocrx_word' id='word_1_183' title='bbox 998 2381 1031 2442; x_wconf 89' lang='lat' dir='ltr'><strong>et</strong></span> <span class='ocrx_word' id='word_1_184' title='bbox 1065 2374 1107 2442; x_wconf 92' lang='lat' dir='ltr'><strong>ad</strong></span> <span class='ocrx_word' id='word_1_185' title='bbox 1134 2391 1274 2460; x_wconf 86' lang='lat' dir='ltr'><strong>ragnum</strong></span> <span class='ocrx_word' id='word_1_186' title='bbox 1301 2372 1409 2440; x_wconf 88' lang='lat' dir='ltr'><strong>Bobe-</strong></span> 
     </span>
     <span class='ocr_line' id='line_1_24' title="bbox 279 2471 1487 2562; baseline -0.004 -22"><span class='ocrx_word' id='word_1_187' title='bbox 279 2475 343 2541; x_wconf 91' lang='lat' dir='ltr'><strong>mie</strong></span> <span class='ocrx_word' id='word_1_188' title='bbox 370 2473 638 2561; x_wconf 87' lang='lat' dir='ltr'><strong>expugnandum.</strong></span> <span class='ocrx_word' id='word_1_189' title='bbox 672 2471 740 2541; x_wconf 90' lang='lat' dir='ltr'><strong>Sed</strong></span> <span class='ocrx_word' id='word_1_190' title='bbox 767 2475 843 2560; x_wconf 87' lang='lat' dir='ltr'><strong>quia</strong></span> <span class='ocrx_word' id='word_1_191' title='bbox 869 2473 967 2542; x_wconf 91' lang='lat' dir='ltr'><strong>homo</strong></span> <span class='ocrx_word' id='word_1_192' title='bbox 995 2475 1129 2560; x_wconf 86' lang='lat' dir='ltr'><strong>cogitat,</strong></span> <span class='ocrx_word' id='word_1_193' title='bbox 1156 2472 1248 2540; x_wconf 91' lang='lat' dir='ltr'><strong>Deus</strong></span> <span class='ocrx_word' id='word_1_194' title='bbox 1276 2471 1409 2540; x_wconf 87' lang='lat' dir='ltr'><strong>ordinat.</strong></span> <span class='ocrx_word' id='word_1_195' title='bbox 1486 2547 1487 2562; x_wconf 16' lang='grc' dir='ltr'>ἢ</span> 
     </span>
     <span class='ocr_line' id='line_1_25' title="bbox 279 2571 1487 2661; baseline -0.005 -21"><span class='ocrx_word' id='word_1_196' title='bbox 279 2571 446 2659; x_wconf 83' lang='lat' dir='ltr'><strong>Cogitavit</strong></span> <span class='ocrx_word' id='word_1_197' title='bbox 464 2575 550 2641; x_wconf 90' lang='lat' dir='ltr'><strong>enim</strong></span> <span class='ocrx_word' id='word_1_198' title='bbox 569 2573 688 2640; x_wconf 93' lang='lat' dir='ltr'><strong>multas</strong></span> <span class='ocrx_word' id='word_1_199' title='bbox 706 2572 768 2639; x_wconf 90' lang='lat' dir='ltr'><strong>sibi</strong></span> <span class='ocrx_word' id='word_1_200' title='bbox 784 2572 935 2641; x_wconf 90' lang='lat' dir='ltr'><strong>subicere</strong></span> <span class='ocrx_word' id='word_1_201' title='bbox 950 2579 1072 2661; x_wconf 87' lang='lat' dir='ltr'><strong>terras,</strong></span> <span class='ocrx_word' id='word_1_202' title='bbox 1100 2571 1161 2640; x_wconf 91' lang='lat' dir='ltr'><strong>scd</strong></span> <span class='ocrx_word' id='word_1_203' title='bbox 1179 2589 1278 2639; x_wconf 90' lang='lat' dir='ltr'><strong>secus</strong></span> <span class='ocrx_word' id='word_1_204' title='bbox 1297 2571 1410 2638; x_wconf 89' lang='lat' dir='ltr'><strong>lactum</strong></span> <span class='ocrx_word' id='word_1_205' title='bbox 1486 2583 1487 2588; x_wconf 71' lang='grc'>’</span> 
     </span>
     <span class='ocr_line' id='line_1_26' title="bbox 280 2668 1410 2762; baseline -0.007 -22"><span class='ocrx_word' id='word_1_206' title='bbox 280 2678 347 2740; x_wconf 89' lang='lat' dir='ltr'><strong>est:</strong></span> <span class='ocrx_word' id='word_1_207' title='bbox 375 2673 429 2758; x_wconf 85' lang='lat' dir='ltr'><strong>qui</strong></span> <span class='ocrx_word' id='word_1_208' title='bbox 450 2674 536 2740; x_wconf 90' lang='lat' dir='ltr'><strong>enirn</strong></span> <span class='ocrx_word' id='word_1_209' title='bbox 556 2670 785 2740; x_wconf 88' lang='lat' dir='ltr'><strong>dominabatur</strong></span> <span class='ocrx_word' id='word_1_210' title='bbox 803 2678 900 2762; x_wconf 89' lang='lat' dir='ltr'><strong>terre,</strong></span> <span class='ocrx_word' id='word_1_211' title='bbox 913 2675 981 2756; x_wconf 82' lang='lat' dir='ltr'><strong>Jam</strong></span> <span class='ocrx_word' id='word_1_212' title='bbox 1007 2673 1113 2759; x_wconf 93' lang='lat' dir='ltr'><strong>ipsum</strong></span> <span class='ocrx_word' id='word_1_213' title='bbox 1131 2677 1217 2738; x_wconf 90' lang='lat' dir='ltr'><strong>terra</strong></span> <span class='ocrx_word' id='word_1_214' title='bbox 1236 2668 1410 2738; x_wconf 85' lang='lat' dir='ltr'><strong>absorbuit.</strong></span> 
     </span>
    </p>

    <p class='ocr_par' dir='ltr' id='par_1_5' title="bbox 280 2767 1413 4044">
     <span class='ocr_line' id='line_1_27' title="bbox 352 2767 1409 2859; baseline -0.007 -21"><span class='ocrx_word' id='word_1_215' title='bbox 352 2769 475 2838; x_wconf 86' lang='lat' dir='ltr'><strong>Habuit</strong></span> <span class='ocrx_word' id='word_1_216' title='bbox 508 2771 594 2838; x_wconf 90' lang='lat' dir='ltr'><strong>enim</strong></span> <span class='ocrx_word' id='word_1_217' title='bbox 628 2787 742 2838; x_wconf 90' lang='lat' dir='ltr'><strong>seeum</strong></span> <span class='ocrx_word' id='word_1_218' title='bbox 774 2769 1044 2859; x_wconf 80' lang='lat' dir='ltr'><strong>adolescentem,</strong></span> <span class='ocrx_word' id='word_1_219' title='bbox 1082 2769 1180 2838; x_wconf 90' lang='lat' dir='ltr'><strong>lilium</strong></span> <span class='ocrx_word' id='word_1_220' title='bbox 1213 2767 1322 2837; x_wconf 89' lang='lat' dir='ltr'><strong>lratris</strong></span> <span class='ocrx_word' id='word_1_221' title='bbox 1353 2767 1409 2854; x_wconf 86' lang='lat' dir='ltr'><strong>sui,</strong></span> 
     </span>
     <span class='ocr_line' id='line_1_28' title="bbox 280 2867 1410 2958; baseline -0.004 -23"><span class='ocrx_word' id='word_1_222' title='bbox 280 2870 375 2955; x_wconf 86' lang='lat' dir='ltr'><strong>qrrasi</strong></span> <span class='ocrx_word' id='word_1_223' title='bbox 417 2868 639 2936; x_wconf 91' lang='lat' dir='ltr'><strong>collateralem</strong></span> <span class='ocrx_word' id='word_1_224' title='bbox 682 2868 723 2936; x_wconf 92' lang='lat' dir='ltr'><strong>de</strong></span> <span class='ocrx_word' id='word_1_225' title='bbox 760 2870 866 2955; x_wconf 89' lang='lat' dir='ltr'><strong>regali</strong></span> <span class='ocrx_word' id='word_1_226' title='bbox 898 2871 1055 2958; x_wconf 91' lang='lat' dir='ltr'><strong>prosapia</strong></span> <span class='ocrx_word' id='word_1_227' title='bbox 1090 2867 1282 2957; x_wconf 90' lang='lat' dir='ltr'><strong>oriundum,</strong></span> <span class='ocrx_word' id='word_1_228' title='bbox 1319 2882 1410 2954; x_wconf 86' lang='lat' dir='ltr'><strong>quem</strong></span> 
     </span>
     <span class='ocr_line' id='line_1_29' title="bbox 280 2966 1411 3055; baseline -0.004 -21"><span class='ocrx_word' id='word_1_229' title='bbox 280 2983 366 3052; x_wconf 87' lang='lat' dir='ltr'><strong>eque</strong></span> <span class='ocrx_word' id='word_1_230' title='bbox 392 2972 428 3033; x_wconf 90' lang='lat' dir='ltr'><strong>ut</strong></span> <span class='ocrx_word' id='word_1_231' title='bbox 458 2985 579 3055; x_wconf 92' lang='lat' dir='ltr'><strong>pueros</strong></span> <span class='ocrx_word' id='word_1_232' title='bbox 611 2969 764 3055; x_wconf 91' lang='lat' dir='ltr'><strong>proprios</strong></span> <span class='ocrx_word' id='word_1_233' title='bbox 793 2967 954 3036; x_wconf 89' lang='lat' dir='ltr'><strong>educavit.</strong></span> <span class='ocrx_word' id='word_1_234' title='bbox 1016 2966 1079 3048; x_wconf 82' lang='lat' dir='ltr'><strong>Qui</strong></span> <span class='ocrx_word' id='word_1_235' title='bbox 1106 2985 1178 3035; x_wconf 94' lang='lat' dir='ltr'><strong>oum</strong></span> <span class='ocrx_word' id='word_1_236' title='bbox 1205 2966 1411 3035; x_wconf 88' lang='lat' dir='ltr'><strong>adolesceret</strong></span> 
     </span>
     <span class='ocr_line' id='line_1_30' title="bbox 281 3065 1410 3156; baseline -0.003 -24"><span class='ocrx_word' id='word_1_237' title='bbox 281 3071 315 3132; x_wconf 88' lang='lat' dir='ltr'><strong>et</strong></span> <span class='ocrx_word' id='word_1_238' title='bbox 339 3067 372 3132; x_wconf 93' lang='lat' dir='ltr'><strong>in</strong></span> <span class='ocrx_word' id='word_1_239' title='bbox 397 3066 501 3133; x_wconf 88' lang='lat' dir='ltr'><strong>virum</strong></span> <span class='ocrx_word' id='word_1_240' title='bbox 528 3072 747 3156; x_wconf 90' lang='lat' dir='ltr'><strong>excresceret,</strong></span> <span class='ocrx_word' id='word_1_241' title='bbox 775 3071 809 3134; x_wconf 89' lang='lat' dir='ltr'><strong>et</strong></span> <span class='ocrx_word' id='word_1_242' title='bbox 834 3069 886 3134; x_wconf 91' lang='lat' dir='ltr'><strong>cui</strong></span> <span class='ocrx_word' id='word_1_243' title='bbox 908 3071 976 3151; x_wconf 85' lang='lat' dir='ltr'><strong>jam</strong></span> <span class='ocrx_word' id='word_1_244' title='bbox 1003 3084 1106 3152; x_wconf 89' lang='lat' dir='ltr'><strong>grave</strong></span> <span class='ocrx_word' id='word_1_245' title='bbox 1129 3072 1221 3134; x_wconf 89' lang='lat' dir='ltr'><strong>esset</strong></span> <span class='ocrx_word' id='word_1_246' title='bbox 1239 3065 1282 3134; x_wconf 94' lang='lat' dir='ltr'><strong>ad</strong></span> <span class='ocrx_word' id='word_1_247' title='bbox 1298 3079 1410 3133; x_wconf 89' lang='lat' dir='ltr'><strong>manus</strong></span> 
     </span>
     <span class='ocr_line' id='line_1_31' title="bbox 280 3164 1410 3254; baseline -0.003 -24"><span class='ocrx_word' id='word_1_248' title='bbox 280 3165 447 3252; x_wconf 89' lang='lat' dir='ltr'><strong>respicere</strong></span> <span class='ocrx_word' id='word_1_249' title='bbox 475 3165 611 3254; x_wconf 78' lang='lat' dir='ltr'><strong>alienaS,</strong></span> <span class='ocrx_word' id='word_1_250' title='bbox 639 3172 673 3233; x_wconf 89' lang='lat' dir='ltr'><strong>et</strong></span> <span class='ocrx_word' id='word_1_251' title='bbox 698 3165 930 3234; x_wconf 90' lang='lat' dir='ltr'><strong>nichilominus</strong></span> <span class='ocrx_word' id='word_1_252' title='bbox 957 3167 1030 3233; x_wconf 90' lang='lat' dir='ltr'><strong>sine</strong></span> <span class='ocrx_word' id='word_1_253' title='bbox 1061 3164 1214 3253; x_wconf 85' lang='lat' dir='ltr'><strong>proiectu</strong></span> <span class='ocrx_word' id='word_1_254' title='bbox 1240 3171 1273 3232; x_wconf 90' lang='lat' dir='ltr'><strong>et</strong></span> <span class='ocrx_word' id='word_1_255' title='bbox 1300 3167 1410 3232; x_wconf 90' lang='lat' dir='ltr'><strong>ociose</strong></span> 
     </span>
     <span class='ocr_line' id='line_1_32' title="bbox 280 3255 1411 3353; baseline 0 -25"><span class='ocrx_word' id='word_1_256' title='bbox 280 3261 448 3330; x_wconf 90' lang='lat' dir='ltr'><strong>videretur</strong></span> <span class='ocrx_word' id='word_1_257' title='bbox 475 3263 537 3330; x_wconf 92' lang='lat' dir='ltr'><strong>sibi</strong></span> <span class='ocrx_word' id='word_1_258' title='bbox 569 3281 606 3332; x_wconf 92' lang='lat' dir='ltr'><strong>se</strong></span> <span class='ocrx_word' id='word_1_259' title='bbox 639 3266 758 3332; x_wconf 91' lang='lat' dir='ltr'><strong>curiam</strong></span> <span class='ocrx_word' id='word_1_260' title='bbox 786 3266 911 3350; x_wconf 85' lang='lat' dir='ltr'><strong>regiam</strong></span> <span class='ocrx_word' id='word_1_261' title='bbox 938 3264 1160 3353; x_wconf 81' lang='lat' dir='ltr'><strong>frequentare,</strong></span> <span class='ocrx_word' id='word_1_262' title='bbox 1188 3255 1324 3348; x_wconf 88' lang='lat' dir='ltr'><strong>regem²</strong></span> <span class='ocrx_word' id='word_1_263' title='bbox 1349 3261 1411 3328; x_wconf 90' lang='lat' dir='ltr'><strong>ob·</strong></span> 
     </span>
     <span class='ocr_line' id='line_1_33' title="bbox 280 3361 1411 3451; baseline 0 -25"><span class='ocrx_word' id='word_1_264' title='bbox 280 3361 357 3427; x_wconf 91' lang='lat' dir='ltr'><strong>nixe</strong></span> <span class='ocrx_word' id='word_1_265' title='bbox 392 3363 558 3451; x_wconf 89' lang='lat' dir='ltr'><strong>exoravit,</strong></span> <span class='ocrx_word' id='word_1_266' title='bbox 596 3367 634 3429; x_wconf 95' lang='lat' dir='ltr'><strong>ut</strong></span> <span class='ocrx_word' id='word_1_267' title='bbox 673 3362 767 3430; x_wconf 90' lang='lat' dir='ltr'><strong>daret</strong></span> <span class='ocrx_word' id='word_1_268' title='bbox 807 3363 870 3430; x_wconf 91' lang='lat' dir='ltr'><strong>sibi</strong></span> <span class='ocrx_word' id='word_1_269' title='bbox 900 3365 1087 3450; x_wconf 91' lang='lat' dir='ltr'><strong>portionem</strong></span> <span class='ocrx_word' id='word_1_270' title='bbox 1120 3362 1314 3430; x_wconf 89' lang='lat' dir='ltr'><strong>hereditatis</strong></span> <span class='ocrx_word' id='word_1_271' title='bbox 1354 3376 1411 3428; x_wconf 91' lang='lat' dir='ltr'><strong>sue</strong></span> 
     </span>
     <span class='ocr_line' id='line_1_34' title="bbox 282 3459 1412 3550; baseline -0.002 -24"><span class='ocrx_word' id='word_1_272' title='bbox 282 3459 555 3550; x_wconf 87' lang='lat' dir='ltr'><strong>qualemcunque,</strong></span> <span class='ocrx_word' id='word_1_273' title='bbox 582 3467 619 3528; x_wconf 89' lang='lat' dir='ltr'><strong>ut</strong></span> <span class='ocrx_word' id='word_1_274' title='bbox 644 3462 706 3529; x_wconf 91' lang='lat' dir='ltr'><strong>sibi</strong></span> <span class='ocrx_word' id='word_1_275' title='bbox 733 3468 767 3529; x_wconf 90' lang='lat' dir='ltr'><strong>et</strong></span> <span class='ocrx_word' id='word_1_276' title='bbox 792 3463 861 3530; x_wconf 89' lang='lat' dir='ltr'><strong>suis</strong></span> <span class='ocrx_word' id='word_1_277' title='bbox 889 3461 1091 3548; x_wconf 88' lang='lat' dir='ltr'><strong>quandoque</strong></span> <span class='ocrx_word' id='word_1_278' title='bbox 1123 3460 1165 3529; x_wconf 93' lang='lat' dir='ltr'><strong>de</strong></span> <span class='ocrx_word' id='word_1_279' title='bbox 1191 3461 1333 3549; x_wconf 90' lang='lat' dir='ltr'><strong>propriis</strong></span> <span class='ocrx_word' id='word_1_280' title='bbox 1361 3459 1412 3525; x_wconf 86' lang='lat' dir='ltr'><strong>la-</strong></span> 
     </span>
     <span class='ocr_line' id='line_1_35' title="bbox 281 3558 1411 3647; baseline 0.001 -23"><span class='ocrx_word' id='word_1_281' title='bbox 281 3558 456 3626; x_wconf 91' lang='lat' dir='ltr'><strong>eultatibus</strong></span> <span class='ocrx_word' id='word_1_282' title='bbox 490 3559 691 3647; x_wconf 92' lang='lat' dir='ltr'><strong>provideret.</strong></span> <span class='ocrx_word' id='word_1_283' title='bbox 742 3558 813 3627; x_wconf 90' lang='lat' dir='ltr'><strong>Rex</strong></span> <span class='ocrx_word' id='word_1_284' title='bbox 846 3577 925 3628; x_wconf 89' lang='lat' dir='ltr'><strong>vero</strong></span> <span class='ocrx_word' id='word_1_285' title='bbox 962 3577 1025 3627; x_wconf 89' lang='lat' dir='ltr'><strong>nee</strong></span> <span class='ocrx_word' id='word_1_286' title='bbox 1060 3559 1153 3627; x_wconf 93' lang='lat' dir='ltr'><strong>dedit</strong></span> <span class='ocrx_word' id='word_1_287' title='bbox 1183 3578 1247 3627; x_wconf 91' lang='lat' dir='ltr'><strong>nec</strong></span> <span class='ocrx_word' id='word_1_288' title='bbox 1280 3561 1411 3646; x_wconf 91' lang='lat' dir='ltr'><strong>penitus</strong></span> 
     </span>
     <span class='ocr_line' id='line_1_36' title="bbox 281 3656 1412 3746; baseline -0.003 -20"><span class='ocrx_word' id='word_1_289' title='bbox 281 3657 478 3743; x_wconf 69' lang='lat' dir='ltr'><strong>denegavit,</strong></span> <span class='ocrx_word' id='word_1_290' title='bbox 507 3656 598 3726; x_wconf 90' lang='lat' dir='ltr'><strong>dedit</strong></span> <span class='ocrx_word' id='word_1_291' title='bbox 624 3660 709 3724; x_wconf 90' lang='lat' dir='ltr'><strong>enim</strong></span> <span class='ocrx_word' id='word_1_292' title='bbox 737 3658 798 3726; x_wconf 91' lang='lat' dir='ltr'><strong>sibi</strong></span> <span class='ocrx_word' id='word_1_293' title='bbox 825 3657 953 3726; x_wconf 91' lang='lat' dir='ltr'><strong>dulcem</strong></span> <span class='ocrx_word' id='word_1_294' title='bbox 978 3660 1233 3746; x_wconf 90' lang='lat' dir='ltr'><strong>promissionem</strong></span> <span class='ocrx_word' id='word_1_295' title='bbox 1257 3656 1412 3744; x_wconf 84' lang='lat' dir='ltr'><strong>quando-</strong></span> 
     </span>
     <span class='ocr_line' id='line_1_37' title="bbox 282 3754 1413 3845; baseline -0.003 -22"><span class='ocrx_word' id='word_1_296' title='bbox 282 3775 345 3843; x_wconf 83' lang='lat' dir='ltr'><strong>que</strong></span> <span class='ocrx_word' id='word_1_297' title='bbox 373 3775 411 3825; x_wconf 92' lang='lat' dir='ltr'><strong>se</strong></span> <span class='ocrx_word' id='word_1_298' title='bbox 437 3755 585 3824; x_wconf 91' lang='lat' dir='ltr'><strong>daturum</strong></span> <span class='ocrx_word' id='word_1_299' title='bbox 613 3756 703 3842; x_wconf 81' lang='lat' dir='ltr'><strong>quod</strong></span> <span class='ocrx_word' id='word_1_300' title='bbox 728 3757 924 3844; x_wconf 88' lang='lat' dir='ltr'><strong>postularet.</strong></span> <span class='ocrx_word' id='word_1_301' title='bbox 952 3756 1021 3825; x_wconf 90' lang='lat' dir='ltr'><strong>Sed</strong></span> <span class='ocrx_word' id='word_1_302' title='bbox 1046 3758 1223 3845; x_wconf 92' lang='lat' dir='ltr'><strong>promissio</strong></span> <span class='ocrx_word' id='word_1_303' title='bbox 1255 3774 1319 3843; x_wconf 89' lang='lat' dir='ltr'><strong>que</strong></span> <span class='ocrx_word' id='word_1_304' title='bbox 1346 3754 1413 3823; x_wconf 90' lang='lat' dir='ltr'><strong>dil-</strong></span> 
     </span>
     <span class='ocr_line' id='line_1_38' title="bbox 281 3854 1413 3946; baseline -0.001 -25"><span class='ocrx_word' id='word_1_305' title='bbox 281 3854 392 3946; x_wconf 89' lang='lat' dir='ltr'><strong>lertur,</strong></span> <span class='ocrx_word' id='word_1_306' title='bbox 421 3855 539 3940; x_wconf 80' lang='lat' dir='ltr'><strong>aflligit</strong></span> <span class='ocrx_word' id='word_1_307' title='bbox 565 3857 715 3922; x_wconf 91' lang='lat' dir='ltr'><strong>animam.</strong></span> <span class='ocrx_word' id='word_1_308' title='bbox 742 3854 822 3922; x_wconf 85' lang='lat' dir='ltr'><strong>Cum</strong></span> <span class='ocrx_word' id='word_1_309' title='bbox 849 3873 930 3941; x_wconf 82' lang='lat' dir='ltr'><strong>ergo</strong></span> <span class='ocrx_word' id='word_1_310' title='bbox 957 3856 1060 3941; x_wconf 85' lang='lat' dir='ltr'><strong>longa</strong></span> <span class='ocrx_word' id='word_1_311' title='bbox 1080 3857 1311 3943; x_wconf 88' lang='lat' dir='ltr'><strong>expectatione</strong></span> <span class='ocrx_word' id='word_1_312' title='bbox 1339 3872 1413 3921; x_wconf 90' lang='lat' dir='ltr'><strong>ruo-</strong></span> 
     </span>
     <span class='ocr_line' id='line_1_39' title="bbox 281 3952 1412 4044; baseline -0.003 -24"><span class='ocrx_word' id='word_1_313' title='bbox 281 3972 355 4022; x_wconf 91' lang='lat' dir='ltr'><strong>rore</strong></span> <span class='ocrx_word' id='word_1_314' title='bbox 383 3954 627 4044; x_wconf 89' lang='lat' dir='ltr'><strong>absorberetur,</strong></span> <span class='ocrx_word' id='word_1_315' title='bbox 655 3972 698 4022; x_wconf 92' lang='lat' dir='ltr'><strong>ex</strong></span> <span class='ocrx_word' id='word_1_316' title='bbox 722 3971 763 4022; x_wconf 92' lang='lat' dir='ltr'><strong>eo</strong></span> <span class='ocrx_word' id='word_1_317' title='bbox 784 3952 873 4041; x_wconf 88' lang='lat' dir='ltr'><strong>quod</strong></span> <span class='ocrx_word' id='word_1_318' title='bbox 886 3972 946 4022; x_wconf 90' lang='lat' dir='ltr'><strong>rex</strong></span> <span class='ocrx_word' id='word_1_319' title='bbox 972 3954 1118 4023; x_wconf 88' lang='lat' dir='ltr'><strong>tardaret</strong></span> <span class='ocrx_word' id='word_1_320' title='bbox 1144 3973 1218 4023; x_wconf 93' lang='lat' dir='ltr'><strong>eum</strong></span> <span class='ocrx_word' id='word_1_321' title='bbox 1244 3952 1412 4043; x_wconf 91' lang='lat' dir='ltr'><strong>expedire,</strong></span> 
     </span>
    </p>
   </div>
   <div class='ocr_carea' id='block_1_5' title="bbox 277 4095 1414 4235">
    <p class='ocr_par' dir='ltr' id='par_1_6' title="bbox 277 4095 1414 4235">
     <span class='ocr_line' id='line_1_40' title="bbox 277 4095 1414 4162; baseline -0.001 -14"><span class='ocrx_word' id='word_1_322' title='bbox 277 4109 279 4113; x_wconf 92' lang='lat'>·</span> <span class='ocrx_word' id='word_1_323' title='bbox 315 4096 345 4153; x_wconf 84' lang='lat' dir='ltr'><strong>ll</strong></span> <span class='ocrx_word' id='word_1_324' title='bbox 365 4095 466 4162; x_wconf 82' lang='lat' dir='ltr'><strong>Herzog</strong></span> <span class='ocrx_word' id='word_1_325' title='bbox 484 4096 609 4152; x_wconf 86' lang='lat' dir='ltr'><strong>Heinrich</strong></span> <span class='ocrx_word' id='word_1_326' title='bbox 621 4112 676 4150; x_wconf 75' lang='lat' dir='ltr'><strong>avar</strong></span> <span class='ocrx_word' id='word_1_327' title='bbox 693 4097 774 4151; x_wconf 88' lang='lat' dir='ltr'><strong>sehon</strong></span> <span class='ocrx_word' id='word_1_328' title='bbox 794 4098 844 4150; x_wconf 88' lang='lat' dir='ltr'><strong>seit</strong></span> <span class='ocrx_word' id='word_1_329' title='bbox 863 4096 922 4151; x_wconf 86' lang='lat' dir='ltr'><strong>dem</strong></span> <span class='ocrx_word' id='word_1_330' title='bbox 941 4097 972 4154; x_wconf 87' lang='grc'><strong>13</strong></span> <span class='ocrx_word' id='word_1_331' title='bbox 991 4096 1041 4152; x_wconf 86' lang='lat' dir='ltr'><strong>leh.</strong></span> <span class='ocrx_word' id='word_1_332' title='bbox 1061 4098 1127 4152; x_wconf 84' lang='grc'>1306</span> <span class='ocrx_word' id='word_1_333' title='bbox 1146 4100 1193 4152; x_wconf 87' lang='lat' dir='ltr'><strong>mit</strong></span> <span class='ocrx_word' id='word_1_334' title='bbox 1211 4096 1258 4151; x_wconf 91' lang='lat' dir='ltr'><strong>der</strong></span> <span class='ocrx_word' id='word_1_335' title='bbox 1270 4095 1414 4151; x_wconf 87' lang='lat' dir='ltr'><strong>scbwester</strong></span> 
     </span>
     <span class='ocr_line' id='line_1_41' title="bbox 280 4164 1217 4235; baseline 0.006 -19"><span class='ocrx_word' id='word_1_336' title='bbox 280 4164 326 4218; x_wconf 90' lang='lat' dir='ltr'><strong>des</strong></span> <span class='ocrx_word' id='word_1_337' title='bbox 338 4164 434 4220; x_wconf 85' lang='lat' dir='ltr'><strong>letzten</strong></span> <span class='ocrx_word' id='word_1_338' title='bbox 453 4166 624 4222; x_wconf 84' lang='lat' dir='ltr'><strong>bohmisehen</strong></span> <span class='ocrx_word' id='word_1_339' title='bbox 641 4166 733 4234; x_wconf 85' lang='lat' dir='ltr'><strong>kbuigs</strong></span> <span class='ocrx_word' id='word_1_340' title='bbox 750 4166 861 4221; x_wconf 85' lang='lat' dir='ltr'><strong>Weuzel</strong></span> <span class='ocrx_word' id='word_1_341' title='bbox 879 4166 1014 4222; x_wconf 81' lang='lat' dir='ltr'><strong>vermthlt.</strong></span> <span class='ocrx_word' id='word_1_342' title='bbox 1050 4167 1080 4234; x_wconf 72' lang='lat'><strong>2)</strong></span> <span class='ocrx_word' id='word_1_343' title='bbox 1098 4179 1161 4235; x_wconf 88' lang='lat' dir='ltr'><strong>rege</strong></span> <span class='ocrx_word' id='word_1_344' title='bbox 1179 4167 1217 4222; x_wconf 82' lang='lat' dir='ltr'><strong>hs-</strong></span> 
     </span>
    </p>
   </div>
   <div class='ocr_carea' id='block_1_6' title="bbox 0 0 1509 4880">
    <p class='ocr_par' dir='ltr' id='par_1_7' title="bbox 0 0 1509 4880">
     <span class='ocr_line' id='line_1_42' title="bbox 0 0 1509 4880; baseline 0 0"><span class='ocrx_word' id='word_1_345' title='bbox 0 0 1509 4880; x_wconf 95' lang='lat' dir='ltr'><strong> </strong></span> 
     </span>
    </p>
   </div>
  </div>
 </body>
</html>
