3044 4882
472 211 614 260 rennnnus
634 211 839 264 vroronrunsrs.
876 211 900 277 l,
917 212 940 264 2.
1209 181 1275 255 tel

147 346 251 420 trudis
266 350 447 422 dicebatur.
474 351 678 422 constancia
702 352 870 424 Friderice
896 351 1077 423 marchioni
1102 349 1283 421 Misenen-

147 451 231 518 sium
267 451 397 546 nupsit,
425 467 490 539 que
517 451 605 520 filies
632 458 666 520 et
691 452 775 520 illios
801 455 981 543 progenuit
1006 453 1041 521 in
1065 450 1156 519 hune
1180 469 1281 520 mun-

147 553 235 622 dum.
268 553 460 638 Margareta
486 549 673 620 Heinrieum
693 553 902 641 imperatoris
935 552 1036 620 filium
1061 549 1283 618 Rornanorum

147 671 260 740 regern
303 651 437 741 babuit,
474 652 568 719 euius
602 652 726 720 mentlo
757 658 811 720 est
835 652 963 739 habita3
992 669 1035 719 ex
1073 667 1138 736 quo
1165 651 1284 736 genuit

147 752 233 820 dues
260 750 359 840 tilios,
385 749 584 819 Friderieum
603 750 731 819 seilicet
754 756 789 820 et
804 751 1004 840 Heinrieum,
1032 750 1088 836 qui
1113 754 1192 837 pest
1216 767 1283 837 pa-

147 853 204 918 tris
232 866 409 918 excessum
434 852 469 918 in
495 849 653 937 syciliam
687 849 730 918 ad
761 849 983 919 Meinlredum
1009 854 1160 938 patruum
1186 865 1283 916 suum

148 955 226 1018 sunt
253 951 450 1039 transvecti,
476 947 588 1035 ibique
620 952 741 1018 veneni
767 951 890 1038 poeule
917 952 967 1018 eis
994 945 1141 1016 exhibito
1167 948 1284 1035 perie-

146 1054 233 1118 runt.
275 1047 433 1116 Heinriee
469 1047 633 1116 subducto
670 1047 857 1118 Friderieus
891 1054 1050 1118 strennuo
1086 1045 1285 1133 gubernavit

145 1153 264 1237 terras,
291 1149 450 1236 precipua
477 1149 626 1235 eorpen‘s
653 1147 822 1234 elegantia
846 1148 996 1237 preditus
1024 1151 1058 1214 et
1082 1144 1284 1236 lertiturbne,

146 1251 263 1315 eontra
283 1245 451 1315 Bebemes
469 1244 629 1315 Moraves
646 1247 794 1316 Bavares
820 1263 901 1337 sepe
927 1261 1085 1338 pugnans
1110 1245 1285 1335 prevaluit,

144 1346 290 1415 Ulrieunr
325 1345 442 1414 ducem
474 1343 643 1414 Kerinthic
677 1348 866 1435 captivavit.
911 1345 974 1427 Qui
1001 1345 1096 1434 dum,
1131 1346 1218 1412 sieut
1243 1343 1285 1412 ab

148 1446 286 1532 antiquo
313 1443 355 1513 ad
382 1462 456 1513 eum
483 1443 676 1536 devenerat,
702 1444 864 1534 panthere
892 1445 998 1532 ligura
1023 1446 1058 1511 in
1083 1445 1191 1529 signis
1217 1443 1286 1511 mi-

146 1543 299 1612 litaribus
331 1550 492 1633 uteretur,
519 1543 700 1612 eenlermis
726 1547 761 1612 in
787 1545 853 1613 boe
883 1544 1082 1634 principatui
1109 1541 1284 1632 styriensi,

145 1643 333 1712 Friderieus
360 1643 428 1712 dux
453 1640 620 1712 Australis
647 1643 712 1712 boe
739 1643 823 1712 lerre
850 1661 918 1712 non
943 1643 1072 1731 valens,
1100 1641 1232 1729 elvppei
1251 1646 1287 1708 et

146 1759 311 1811 armerum
329 1738 529 1812 Australium
548 1742 781 1812 dimidieeiene
800 1743 863 1812 sibi
881 1741 1019 1832 indulta,
1034 1741 1135 1829 priori
1149 1739 1285 1830 abolita,

147 1859 222 1910 euru
258 1840 392 1912 dimisit.
434 1840 494 1910 Cui
526 1859 569 1910 ex
603 1842 732 1928 origine
769 1844 899 1933 stirpis,
925 1846 962 1908 ut
988 1840 1123 1931 dieitur,
1150 1839 1193 1907 de
1220 1857 1287 1925 que

148 1945 244 2029 pater
271 1957 352 2008 suus
381 1959 423 2010 ex
448 1947 597 2008 materne
625 1943 790 2027 sanguine
816 1945 1045 2031 precesserat,
1073 1940 1178 2006 texuit
1203 1938 1287 2005 reli-

149 2057 246 2126 quam
273 2046 410 2132 partem,
438 2040 567 2109 scilieet
592 2039 688 2107 trium
714 2040 965 2129 leonieulerum,
986 2045 1021 2108 et
1045 2039 1095 2108 sie
1111 2037 1287 2126 elyppeum

151 2144 184 2206 et
210 2157 374 2207 armorum
401 2158 535 2209 suerum
563 2135 708 2226 effigiem
734 2141 922 2226 integravit.
956 2139 1020 2208 Hic
1045 2139 1143 2205 eliam
1168 2135 1288 2206 Fride·

148 2239 237 2306 neus
254 2255 316 2327 per
332 2256 370 2306 se
387 2239 495 2326 ipsum
511 2237 555 2306 ad
573 2238 873 2327 deprehensionem
886 2239 1105 2325 malignorum
1124 2241 1286 2305 nocturno

146 2341 296 2425 tempore
323 2337 497 2406 latrocinia
521 2339 555 2404 in
583 2339 718 2406 civitate
743 2338 944 2406 Wiennensi
971 2336 1196 2404 exercentium
1223 2351 1286 2402 se-

145 2437 284 2524 pissime
319 2437 479 2505 excubias
516 2443 616 2524 atque
653 2437 840 2522 vigiliarum
877 2434 1048 2505 eustodias
1082 2434 1284 2524 observavit,

146 2551 268 2620 graves
296 2537 392 2603 etlam
420 2541 537 2604 centra
559 2537 791 2624 imperatorem
812 2534 995 2604 desereris
1022 2551 1082 2602 sue
1109 2532 1284 2623 dotaliciis,

144 2633 336 2720 Margarete
372 2635 518 2724 seilicet,
546 2652 694 2722 casuque
730 2636 782 2704 sui
808 2635 913 2702 mariti
939 2631 1065 2701 erudeli
1091 2630 1207 2700 habuit
1233 2632 1285 2699 si·-

144 2733 310 2823 multateS,
338 2751 402 2820 que
429 2751 518 2814 anne
546 2733 670 2802 demini
688 2734 826 2803 mccxl.
845 2732 887 2802 ad
914 2733 1047 2824 plenam
1073 2727 1284 2800 concordiam

144 2831 362 2900 devenerunt.
864 2875 868 2882 -

217 2928 319 3000 Anne
346 2929 469 3000 demini
487 2931 656 3000 meexlv.
682 2951 770 3022 papa
791 2933 1011 3002 innocencius
1034 2936 1170 3018 quartus
1193 2927 1283 3018 apud
1301 2939 1369 2994 tete

146 3028 347 3116 Lugdunum
382 3030 557 3100 eenciliurn
588 3031 769 3099 celebravit
793 3035 827 3100 in
854 3050 920 3120 que
946 3030 1146 3100 Friderieum
1173 3030 1283 3117 impe-

143 3134 286 3198 ratorem
313 3130 442 3199 bostem
470 3130 612 3199 ecclesie
641 3129 800 3200 iudicavit
826 3137 860 3199 et
886 3132 927 3200 ab
953 3130 1115 3220 imperiali
1141 3129 1282 3196 eulmine

143 3226 321 3319 deposuit,
348 3234 383 3296 et
414 3247 492 3297 nrex
524 3229 746 3315 lantgravium
783 3229 963 3315 Thuringie
999 3229 1078 3314 eligi
1104 3227 1283 3296 mandavit.

142 3324 206 3406 Qui
225 3329 348 3396 curiam
369 3329 404 3396 in
424 3327 618 3396 Nernberoh
643 3329 822 3398 celebravit
849 3334 883 3397 et
908 3345 983 3396 cum
1010 3325 1189 3395 Chunrado
1215 3326 1283 3393 irn-

141 3427 305 3515 peroteris
327 3426 394 3495 fibo
409 3426 556 3516 preliens
570 3428 747 3514 magnifice
764 3428 987 3517 triumphavit.
1021 3423 1094 3506 Quo
1113 3422 1285 3493 demedio

143 3523 286 3616 sublate,
315 3526 394 3613 quia
407 3527 457 3594 vir
470 3525 662 3612 grandevus
680 3526 750 3616 iuit,
778 3527 977 3596 Wilhclmus
994 3540 1108 3594 comes
1126 3521 1283 3591 Ollandie

144 3624 287 3711 eligitur.
322 3622 385 3705 Qui
411 3643 479 3694 nen
505 3627 717 3694 intromissus
740 3623 944 3714 Aquisgrani
968 3624 1084 3693 urbem
1110 3640 1198 3710 pene
1223 3637 1283 3709 per

142 3726 221 3792 anni
248 3725 396 3812 specium
424 3723 569 3808 obsedit,
597 3730 630 3794 et
643 3726 846 3813 interpositis
869 3722 1125 3794 condicionibus
1146 3719 1190 3788 ad
1215 3735 1283 3808 pa-

141 3839 218 3911 pam
244 3829 419 3913 properat,
448 3826 662 3912 acceptisque
689 3824 793 3892 literis
821 3824 895 3892 eius
921 3819 1211 3892 commendatoriis
1239 3817 1281 3886 ad

143 3922 311 3991 electores
337 3923 372 3990 in
398 3922 630 3990 Alemanniam
657 3928 709 3991 est
734 3940 903 3992 reversus.
936 3920 993 3990 Ad
1011 3920 1183 4009 superiora
1205 3917 1283 3986 loca

141 4023 239 4108 regni
272 4020 459 4090 ascendere
486 4039 553 4090 non
580 4024 800 4112 presumpsit,
829 4023 907 4109 quia
934 4018 1130 4088 Cbunradus
1156 4034 1215 4085 rex
1241 4032 1282 4085 ee

142 4121 207 4188 sibi
238 4119 418 4190 fortissime
451 4122 631 4211 obturavit,
659 4119 720 4190 sed
746 4121 953 4210 inpartibus
980 4116 1190 4186 interioribus
1216 4133 1281 4204 pe-

139 4221 283 4288 teneiarn
311 4220 497 4290 exercebat.
533 4219 731 4288 chunradus
757 4222 791 4289 in
819 4218 1042 4309 superioribus
1068 4233 1122 4284 res
1148 4214 1281 4304 agebat,
