3096 4882
259 155 330 225 230
620 185 688 229 vnn
709 182 818 230 nnnonr
839 182 947 238 ouannr
969 182 1030 227 rrrn.

258 321 399 413 mendo,
427 339 496 391 non
522 322 642 411 accipit
665 339 787 410 panem
812 321 914 389 illum.
963 316 1105 408 Oportet
1130 333 1212 404 ergo
1239 334 1314 386 eum
1339 318 1390 406 qui

258 440 379 510 panem
414 423 530 512 sumit,
566 439 698 490 carnem
731 438 873 489 sumere.
923 416 1010 500 Quia
1041 435 1116 486 oum
1143 435 1218 485 eum
1244 416 1390 506 dominns

258 520 431 609 discipulis
454 524 524 590 suis
543 520 700 610 traderet,
727 520 826 588 dixit:
853 518 926 587 Hoc
951 522 1147 602 artocopus
1171 533 1285 597 marm,
1309 516 1392 600 pund

252 639 319 705 pro
334 620 423 688 oodtr
443 621 601 688 trudetur.
642 620 684 688 Et
701 621 900 704 sanguinem
926 615 1075 684 eiusdem
1102 614 1211 682 carnis
1238 613 1329 683 dedit
1345 614 1390 682 eis

258 717 391 786 dicens:
418 719 481 786 Hic
500 721 551 784 cst
571 716 664 784 cutte
684 718 853 804 computata
873 716 935 782 mei
952 716 1027 782 ooot
1043 718 1077 782 et
1090 715 1191 781 cterm
1207 714 1393 795 testamenti,

257 818 313 900 poi
333 833 398 901 pro
424 816 532 883 multis
557 816 746 900 effundetur.
799 814 879 882 Cum
918 819 1027 882 autem
1058 813 1158 882 horno
1185 814 1285 881 sumit
1309 813 1419 890 illam,

258 932 401 1003 carnem,
429 914 548 1002 perdat
573 931 705 982 carnem
733 932 842 1003 suam,
871 918 905 981 et
930 911 1039 980 tradat
1065 930 1137 980 cam
1163 930 1225 1001 pro
1253 911 1391 1002 Christo,

257 1013 449 1100 tollensque
482 1031 612 1082 crucem
648 1031 742 1081 suam
776 1018 934 1100 sequatur
965 1030 1057 1100 eum,
1084 1017 1122 1078 nt
1145 1014 1314 1101 particeps
1341 1011 1394 1080 liat

256 1114 371 1180 mortis
399 1113 627 1202 etpassionis
648 1114 733 1203 einS,
759 1114 963 1200 participans
980 1113 1015 1179 in
1031 1111 1140 1180 tuturo
1164 1111 1305 1197 gloriam
1328 1128 1393 1179 no-

257 1213 354 1279 minis
373 1213 434 1280 sui.
480 1211 560 1280 Cum
582 1217 691 1279 autem
708 1230 840 1280 carnem
856 1212 964 1301 sumit,
983 1216 1117 1300 oportet
1132 1227 1207 1279 eum
1225 1216 1260 1278 et
1276 1227 1394 1299 panem

258 1309 349 1377 illum
376 1328 509 1378 sumere
535 1329 659 1400 verum,
686 1317 785 1400 prout
808 1312 882 1399 ipse
908 1312 971 1378 ait:
997 1309 1069 1397 Epo
1092 1327 1162 1376 cam
1176 1311 1277 1395 portic
1302 1326 1395 1377 cerac

257 1409 312 1493 qut
337 1410 378 1476 de
402 1409 475 1477 ceto
501 1410 663 1478 descendi.
705 1409 919 1478 confirmavit
944 1408 1041 1479 nobis
1065 1411 1139 1497 ipse
1159 1407 1310 1476 Christus
1329 1425 1394 1477 no-

255 1525 333 1575 vum
360 1514 394 1576 et
420 1514 568 1577 eternum
604 1513 837 1578 testamentum
871 1527 931 1596 per
956 1526 1077 1597 panem
1102 1507 1203 1576 illum.
1253 1508 1304 1575 De
1332 1526 1396 1595 qna

258 1607 514 1677 confirmacione
533 1607 640 1677 David
657 1610 746 1677 canit
763 1611 796 1676 in
812 1608 958 1698 psalmo:
984 1607 1028 1674 Et
1046 1609 1149 1693 pcata
1173 1623 1234 1674 cor
1256 1605 1394 1674 ennea

255 1707 432 1788 confirmet.
474 1706 583 1777 David
609 1713 718 1776 autem
744 1726 813 1776 non
836 1708 997 1775 immerito
1017 1706 1191 1792 figurative
1218 1704 1260 1773 de
1278 1712 1395 1774 eterno

253 1823 341 1894 pane
367 1806 521 1895 loquitur.
564 1805 647 1874 Nam
671 1806 790 1874 domus
816 1808 888 1874 eius
906 1805 1101 1874 Bethlehem
1126 1809 1275 1895 vocatur,
1303 1803 1396 1894 quod

253 1906 488 1993 interpretatur
522 1904 640 1974 domus
672 1907 782 1994 panis.
837 1905 888 1973 De
923 1905 986 1974 hae
1020 1903 1120 1973 domo
1159 1903 1266 1974 voluit
1297 1903 1393 1973 Dans

255 2002 419 2071 Christum
446 2023 542 2072 sunm
568 2005 681 2094 nasci,
709 2006 765 2091 qui
792 2010 843 2072 est
871 2023 971 2073 verns
997 2005 1106 2092 panis
1154 2003 1195 2072 Et
1220 2002 1298 2072 ideo
1327 2021 1395 2073 no-

253 2103 357 2172 minat
374 2120 449 2170 eum
465 2104 628 2191 scriptura
649 2102 691 2170 de
711 2104 810 2171 domo
831 2103 948 2194 David,
975 2102 1079 2172 idest
1105 2101 1265 2171 dedomo
1285 2104 1395 2190 panis.

254 2198 434 2269 Conlnmet
469 2206 578 2270 autem
613 2202 669 2270 ille
702 2204 801 2290 panis
837 2202 939 2271 eorda
973 2208 1007 2271 et
1042 2204 1169 2270 animas
1201 2207 1337 2271 vestras
1362 2204 1397 2270 in

253 2306 370 2368 sancta
405 2299 583 2369 dilectione
611 2306 646 2369 et
679 2303 815 2369 caritate
842 2320 923 2392 sna,
950 2308 987 2370 ut
1012 2303 1060 2370 sio
1085 2301 1227 2372 valeatis
1254 2302 1397 2370 transire

252 2417 312 2487 per
338 2417 444 2485 regna
470 2399 664 2488 temporalia
692 2407 820 2468 utnon
846 2402 1003 2467 amittatis
1031 2406 1157 2469 eterna.
1207 2397 1327 2468 Amen.

327 2496 407 2566 Cum
442 2505 552 2568 autem
591 2499 775 2586 regnabitis
809 2504 888 2587 post
925 2516 977 2566 me
1012 2496 1160 2567 decorati
1192 2497 1395 2586 dyademate

252 2615 378 2688 regum,
408 2604 608 2668 mementote
635 2597 726 2687 quod
748 2603 781 2666 et
801 2615 866 2684 ego
894 2598 963 2664 rexi
991 2602 1067 2664 ante
1095 2613 1168 2685 vos,
1197 2598 1287 2665 etin
1314 2597 1394 2687 pul-

250 2715 364 2765 verem
400 2698 555 2766 redactus
583 2715 656 2766 sum
683 2702 716 2765 et
741 2698 775 2764 in
802 2696 905 2765 lutum
931 2697 1097 2764 vermium.
1149 2694 1303 2764 Similiter
1329 2713 1394 2765 vos

249 2795 376 2864 cadetis
412 2802 625 2865 transeuntes
661 2801 697 2863 nt
730 2796 844 2865 umbra
878 2801 912 2863 et
944 2794 1045 2863 velud
1076 2794 1139 2863 llos
1171 2796 1254 2880 agri.
1303 2793 1395 2876 Quid

249 2893 339 2961 valet
362 2895 516 2963 nobilitas
536 2897 670 2981 generis
693 2900 750 2963 ant
767 2913 875 2963 rerum
902 2893 1087 2983 alllnencia,
1115 2894 1181 2961 nisi
1206 2895 1290 2962 assit
1305 2911 1394 2982 pura

249 2995 463 3062 consciencia
496 3011 570 3061 oum
596 2994 661 3062 fide
687 2999 778 3062 recta
804 3000 838 3061 et
865 3011 925 3081 spe
954 2998 1071 3061 sancte
1097 2994 1390 3062 resurreccionis?

169 3152 172 3158 .
250 3090 325 3160 Non
353 3093 515 3160 estimetis
532 3088 643 3161 ¹vitam
668 3098 813 3161 vestram
840 3093 926 3160 siout
951 3093 1053 3180 impii,
1079 3109 1147 3160 non
1171 3098 1262 3160 recte
1288 3095 1393 3180 eogi-

250 3196 372 3280 tanteS,
399 3209 472 3259 oum
498 3193 655 3278 exiguum
682 3193 726 3260 sit
752 3192 844 3279 quod
871 3192 963 3279 estis,
993 3192 1070 3278 quia
1095 3191 1208 3259 aDeo
1236 3193 1338 3260 creati
1357 3197 1393 3260 et

250 3306 292 3356 ex
318 3289 440 3358 nichilo
468 3292 535 3358 nati
568 3292 643 3359 sitis
671 3297 808 3379 etpost
834 3292 900 3364 hoc
926 3290 967 3359 ad
994 3290 1150 3358 nichilum
1178 3289 1391 3382 redigamini,

250 3393 407 3474 tanquam
439 3407 508 3456 non
542 3387 702 3460 fuissetis
752 3390 877 3459 Scitote
903 3407 966 3458 vos
993 3389 1117 3458 habere
1142 3396 1269 3477 patrem
1296 3395 1393 3458 eter-

249 3504 325 3555 num
342 3494 374 3556 et
392 3487 494 3555 ilium
516 3489 598 3577 eius,
627 3489 796 3559 dominnm
822 3495 970 3559 nostrum
996 3488 1107 3557 lesum
1128 3486 1303 3579 Christum,
1333 3489 1393 3578 qun

247 3588 491 3674 primogenitus
512 3588 615 3655 estin
634 3589 743 3657 multis
764 3588 929 3677 iratribus,
957 3590 1013 3675 qui
1032 3606 1094 3657 vos
1113 3587 1183 3656 vult
1207 3590 1390 3678 participes

170 3735 173 3740 .
247 3685 317 3753 lieri
342 3688 438 3772 regni
465 3687 535 3777 sui,
570 3687 600 3754 si
625 3687 781 3756 mandata
815 3690 885 3756 eius
914 3689 1147 3778 servaveritis,
1175 3693 1209 3756 et
1234 3705 1302 3756 non
1328 3690 1390 3756 in-

247 3786 463 3872 quinaveritis
496 3780 917 3878 mentts1eonsotencias,
952 3792 985 3856 et
1010 3787 1182 3856 voluntate
1209 3788 1390 3872 sanguinis

246 3889 280 3951 et
313 3887 422 3953 carnis
458 3892 571 3954 vestre
611 3885 799 3954 efficiemini
832 3886 889 3954 filii
914 3887 995 3977 Dei,
1030 3892 1130 3975 prout
1155 3885 1323 3954 lohannes
1351 3885 1391 3954 in

246 3985 423 4070 evangelio
458 3985 553 4053 dicit:
588 3986 691 4054 Dedit
722 3987 771 4052 ets
795 3989 995 4070 potestatem
1016 3987 1105 4068 filios
1128 3984 1193 4054 Det
1213 3984 1296 4066 ficti.
1351 3983 1390 4053 Si

244 4083 345 4168 igitur
371 4085 470 4153 vultis
502 4084 587 4153 ellici
614 4085 671 4154 lilii
697 4085 771 4174 Dei,
800 4084 955 4154 mandata
981 4087 1083 4173 patris
1109 4085 1211 4152 vestri
1239 4089 1388 4174 servate,

279 4204 309 4270 l)
328 4209 429 4260 mentes
448 4213 474 4262 et
491 4207 564 4262 lieim
