3002 4880
266 205 287 274 2
577 231 721 278 cunamen
742 232 780 276 ua
800 232 899 278 casrrs
919 231 1085 278 vnrncrrun.

340 371 466 460 Nempe
483 375 560 439 ante
582 373 796 438 memoratum
817 385 932 456 regem
948 368 1136 460 Rudollum,
1162 376 1304 440 vacante
1329 371 1395 440 im-

268 472 362 560 perio
377 488 418 538 ac
438 472 570 537 nemine
587 469 807 558 gubernante,
826 485 995 536 romanum
1016 470 1188 558 imperium
1206 478 1285 539 tunc
1311 476 1398 539 tem-

269 572 361 659 poris
394 571 429 636 in
464 586 591 636 summo
626 567 817 636 discrimine
851 569 997 654 positum
1023 568 1095 636 luit.
1145 569 1252 638 'lanta
1278 571 1398 638 etenim

270 669 441 738 dissensio
471 686 512 735 ac
534 667 684 734 turbacio
715 668 810 755 pacis
833 665 904 756 luit,
937 666 1027 752 quod
1049 683 1108 755 pre
1138 669 1240 736 nimio
1269 669 1398 756 prelio·

269 787 340 835 rum
380 766 559 834 incomodo
606 783 772 852 nusquam
819 769 922 832 tutum
966 764 1028 832 tuit
1067 765 1226 835 incedere
1269 769 1399 836 viatori.

271 865 396 935 Omnes
422 867 509 932 enim
531 865 705 952 provincie
732 864 838 952 regni,
866 864 1006 931 maxime
1031 881 1091 952 per
1117 869 1219 933 totam
1235 862 1397 934 Aleman-

270 967 376 1053 niam,
417 962 704 1031 invalescentibus
744 962 859 1049 proliis
892 961 1180 1054 disturbabantur,
1219 966 1297 1051 qnia
1330 983 1400 1034 non

271 1070 343 1132 erat
370 1063 426 1149 qui
452 1062 644 1151 prohiberet
668 1060 827 1128 malorum
851 1062 1026 1151 incursuS,
1049 1080 1118 1130 non
1145 1068 1232 1152 erat,
1252 1064 1400 1154 inquam,

271 1165 329 1250 qui
353 1162 479 1228 laceret
495 1159 658 1244 jndicium
683 1158 902 1248 calumpniam
925 1162 1082 1248 pacienti.
1107 1160 1252 1230 Malenoi
1279 1163 1402 1230 etenim

272 1267 307 1330 et
331 1265 483 1348 raptores
506 1256 670 1344 regnandi
700 1258 764 1325 sibi
793 1257 1018 1326 vendicabant
1043 1261 1216 1328 temerarie
1244 1266 1402 1349 potesta-

271 1363 348 1428 tem.
382 1359 477 1426 Tunc
499 1359 585 1426 enim
609 1376 676 1444 pax
700 1358 735 1424 in
761 1357 895 1423 exilium
920 1359 1084 1449 migravit,
1110 1357 1234 1446 ubique
1260 1359 1403 1428 dissen-

273 1460 325 1528 sio
351 1462 384 1526 et
416 1459 511 1545 pacis
547 1456 697 1524 turbaoio
722 1455 943 1543 triumphavit.
981 1457 1083 1526 Porro
1117 1458 1248 1547 ruralia,
1280 1459 1402 1526 ablatis

272 1557 452 1648 pecoribus
475 1562 507 1623 et
525 1556 702 1644 jumentis,
723 1556 840 1637 jacent
860 1554 986 1623 inculta
1012 1561 1043 1622 et
1068 1557 1156 1624 omni
1178 1554 1321 1645 dampno
1339 1575 1403 1625 ex-

273 1659 395 1746 posita,
419 1662 457 1722 nt
480 1673 553 1723 raro
574 1659 727 1722 cerneret
750 1655 825 1738 quis
849 1654 1042 1743 agricolam,
1063 1673 1185 1741 equum
1207 1656 1261 1723 vel
1280 1655 1404 1724 bovem

273 1757 463 1843 minantem,
487 1761 523 1822 ut
554 1753 680 1820 laceret
706 1751 821 1818 sulcos
851 1751 973 1819 uberes
998 1758 1032 1819 et
1052 1752 1193 1822 taraces.
1225 1753 1403 1822 Deficien-

273 1854 362 1921 tibus
392 1854 479 1919 enim
506 1850 705 1919 animalibus
733 1855 766 1916 et
783 1848 953 1941 jumentis,
981 1849 1167 1919 domestica
1192 1853 1321 1921 mansio
1344 1871 1404 1921 rc-

272 1953 361 2041 pleta
387 1956 439 2017 est
465 1950 627 2037 vepribus
654 1954 687 2016 et
714 1949 841 2017 urticis
889 1949 1069 2036 Postquam
1104 1956 1213 2018 autem
1245 1950 1404 2020 dominus

271 2051 431 2139 populum
468 2066 563 2116 suum
599 2047 657 2114 diu
687 2048 759 2114 suis
792 2047 917 2115 meritis
960 2049 1174 2134 exigentibus
1208 2049 1404 2141 llagellavit,

273 2151 361 2217 sicut
386 2148 464 2216 olim
485 2146 719 2214 Ysraeliticum
741 2146 900 2233 populum
926 2146 1131 2216 amandatis
1153 2148 1277 2218 domini
1297 2149 1404 2217 ober-

271 2254 398 2315 rantem
426 2247 606 2330 castigavit
635 2244 724 2311 acris
756 2244 951 2312 verberibus
986 2253 1020 2313 et
1050 2246 1186 2338 alllixit,
1220 2253 1253 2315 et
1282 2265 1403 2316 rursus

271 2347 418 2414 reversis
446 2343 488 2414 ad
513 2344 681 2412 dominum
710 2343 867 2410 misertus
893 2361 1007 2412 eorum
1036 2343 1078 2412 de
1103 2347 1257 2415 omnibus
1292 2347 1404 2414 tribu-

270 2445 460 2513 lacionibus
491 2444 661 2533 liberavit,
689 2443 778 2509 siout
805 2444 1056 2530 scriptumest:
1101 2445 1333 2512 Ctumcoervot
1357 2447 1408 2514 od

271 2543 434 2614 domim
459 2548 542 2624 etc.;
576 2543 627 2610 sic
651 2541 757 2608 eciam
781 2540 943 2609 Dominus
972 2542 1050 2612 huic
1074 2544 1200 2630 populo
1220 2548 1301 2631 post
1319 2543 1405 2614 lon-
1499 2601 1500 2640 ,

271 2661 347 2731 gam
376 2647 409 2711 et
431 2660 584 2730 asperam
612 2640 875 2731 correptionem,
904 2646 1014 2709 motus
1038 2642 1283 2733 misericordia,
1313 2645 1407 2711 misit
1499 2647 1500 2676 l

272 2744 323 2812 eis
358 2743 578 2829 salvatorem,
621 2738 797 2806 liudolfum
827 2738 986 2807 videlicet
1020 2741 1173 2809 comitem
1207 2741 1250 2810 de
1287 2741 1406 2810 Habs-

271 2841 395 2930 purch,
430 2841 553 2926 virum,
585 2839 673 2904 sicut
706 2838 869 2925 prelatum
896 2843 967 2924 est,
1001 2838 1209 2908 bellicosum.
1260 2839 1406 2908 Etcum

274 2943 376 3007 esset·
391 2939 427 3003 in
450 2943 526 3004 actu
547 2935 723 3024 preliandi,
753 2942 786 3003 et
815 2937 980 3004 civitatem
1005 2937 1173 3005 Basileam
1199 2938 1276 3007 lorti
1300 2939 1407 3008 milite

274 3035 485 3105 obsedisset:
512 3051 595 3102 ecce
611 3039 748 3123 repente
765 3036 904 3103 veniunt
925 3035 1059 3103 honesti
1076 3038 1189 3104 nuncii
1215 3036 1257 3105 de
1273 3037 1409 3106 Frank·
1498 3079 1499 3102 r

194 3151 261 3208 12r3
275 3133 409 3202 banturt
436 3133 477 3200 ab
505 3133 707 3201 electoribus
737 3134 850 3222 regni,
884 3135 941 3220 qui
973 3135 1135 3201 nunciant
1157 3153 1232 3202 eum
1263 3135 1409 3204 electum

195 3234 311 3342 sgglin
325 3251 438 3318 regom
459 3230 680 3300 Romanorum
702 3234 773 3320 pari
794 3238 873 3300 voto
892 3238 925 3298 et
943 3232 1163 3324 concorditer,
1190 3234 1282 3302 nullo
1302 3236 1409 3322 peni-

277 3339 331 3399 tus
361 3331 596 3421 discrepante,
632 3336 774 3417 excepto
808 3348 890 3416 rege
923 3331 1101 3422 Bobemie,
1142 3333 1199 3419 qni
1239 3333 1409 3402 electione

278 3449 340 3500 sua
363 3431 397 3496 in
428 3447 502 3496 eum
527 3447 596 3497 non
623 3431 805 3498 consensit.
856 3428 955 3509 Quod
982 3431 1047 3497 sibi
1073 3437 1180 3498 tamon
1207 3433 1411 3501 noncessit

277 3531 311 3598 in
333 3545 546 3618 prosperum,
574 3529 661 3594 sicut
684 3533 805 3616 postca
834 3529 882 3595 rei
907 3529 1016 3595 exitus
1044 3529 1282 3617 comprobavit.

350 3628 466 3696 illecto
504 3627 606 3712 igitur
642 3643 723 3711 rege
752 3644 828 3693 mox
857 3627 1006 3694 universi
1040 3629 1142 3696 tantis
1172 3629 1310 3716 perlatis
1344 3647 1408 3698 ru-

277 3726 425 3795 moribus
459 3730 537 3792 sunt
571 3725 692 3810 gavisi.
746 3725 787 3792 Et
820 3725 1063 3810 gratulabunde
1106 3726 1327 3796 clamantibus
1371 3728 1410 3796 in

278 3825 441 3893 sublime:
495 3824 585 3891 Woot
617 3840 679 3890 rec
711 3824 746 3889 tn
778 3824 948 3890 eternum!
993 3827 1068 3912 ipsa
1104 3825 1248 3895 obsessa
1286 3827 1409 3895 civitas

274 3924 453 4012 liberatur,
489 3928 523 3989 et
554 3939 623 3990 non
650 3920 758 3989 solum
789 3921 869 3989 hnic
899 3923 1042 4014 civitati,
1072 3923 1134 3992 sed
1160 3925 1252 3993 salus
1279 3931 1314 3993 et
1339 3944 1412 4014 pax

277 4022 351 4089 aliis
377 4021 568 4090 civitatibus
591 4021 783 4110 nunciatur,
820 4026 853 4088 et
874 4037 990 4090 omnes
1023 4024 1196 4111 provincie
1225 4024 1411 4109 longeval

275 4137 399 4211 prope,
433 4138 571 4208 quarum
605 4135 704 4188 aures
732 4119 945 4208 repleverant
978 4121 1025 4189 bii
1055 4139 1225 4210 rumores,
1263 4123 1412 4191 letantur

275 4220 400 4310 pariter
431 4226 465 4287 et
495 4220 661 4310 exrdtant,
701 4217 744 4286 de
776 4223 870 4288 anto
903 4221 995 4289 orbis
1026 4226 1157 4289 rectore
1194 4220 1260 4290 deo
1295 4224 1414 4290 omni-
