3028 4878
243 185 315 256 too
528 214 652 261 turoam
677 211 925 261 ararrrunsmsrs
945 211 1101 258 urcrruar.

245 352 360 422 Crines
388 353 460 421 eius
487 349 605 438 fulgidi
632 369 713 421 auro
739 350 922 441 nitidiores,

244 450 296 519 Ao
322 455 435 521 vestes
461 457 556 518 erant
581 452 658 518 nive
683 451 786 536 longe
813 448 1037 518 candidiores.

244 551 327 618 Tres
356 566 479 619 oorone
506 550 624 638 eapitis
651 548 861 637 splendorem
889 547 1096 616 adauxerunt

243 648 379 737 Propter
404 666 554 735 gemmas
579 649 691 716 varias
718 664 783 734 que
809 649 843 714 in
869 646 933 714 biis
959 648 1152 713 micuerunt.

243 747 317 815 Hae
343 746 522 835 splendore
549 747 681 814 territus
709 751 743 813 et
767 751 877 812 mente
904 744 1120 813 conturbatus
1339 741 1385 808 25

243 844 325 913 Mox
350 844 394 913 ad
421 850 538 912 terram
565 843 683 934 cecidi,
703 843 767 912 -diu
792 845 908 911 iaoens
935 848 1134 932 prostratus,

243 943 326 1012 Nam
353 943 511 1031 splendor
538 943 690 1030 aspieere
715 959 767 1011 me
794 959 925 1010 sursum
951 958 1020 1009 non
1047 939 1188 1028 sinebat,

243 1043 286 1110 Et
319 1048 436 1132 stupor
462 1041 555 1110 tortis
581 1042 724 1109 vinetum
750 1045 894 1108 mentem
921 1057 1028 1110 meam
1054 1038 1199 1107 tenebat.

317 1228 459 1297 Domina
484 1236 563 1318 post
588 1229 651 1296 beo
675 1229 785 1298 verbis
811 1247 864 1297 me
889 1227 1022 1298 blandis
1050 1226 1273 1323 consolando,
1507 1281 1508 1288 κ

243 1324 318 1394 Ait:
344 1327 475 1417 „Niohil
501 1345 639 1418 paveas,
666 1327 744 1395 audi
771 1345 835 1415 que
862 1328 920 1396 tibi
945 1327 1069 1415 pando.
1304 1323 1390 1396 ’30
1507 1357 1508 1404 ;

244 1426 319 1511 Ego
345 1444 428 1516 sum,
456 1426 581 1516 inquid⁷
610 1443 739 1495 saorum
764 1427 935 1516 imperium
960 1424 1153 1495 Romanum.
1507 1421 1508 1440 ³

243 1524 337 1592 Deus
364 1525 452 1593 huno
473 1525 629 1594 mundum
657 1524 714 1593 diu
739 1542 798 1614 por
824 1543 930 1593 meam
957 1527 1041 1592 rexit
1070 1543 1211 1595 manum.

244 1620 308 1702 Qui
333 1641 393 1712 pro
420 1625 560 1693 tuitione
586 1640 638 1692 me
664 1624 753 1692 misit
778 1623 843 1691 buo
868 1623 1041 1714 bonorum,

242 1722 284 1789 Et
310 1721 353 1789 ad
379 1721 555 1794 vindietam
582 1721 674 1790 dedit
699 1723 849 1789 ultricem
876 1741 927 1792 me
953 1721 1124 1791 malorum.
1507 1777 1508 1796 2

244 1820 353 1889 Primo
381 1819 496 1889 sedem
521 1823 555 1888 in
581 1821 663 1889 urbe
689 1819 837 1889 Romana
863 1820 1018 1910 stabilivi,
1341 1821 1387 1890 35
1507 1849 1508 1852 “

245 1915 296 1985 Ob
323 1920 461 1987 virtutes
487 1920 598 1987 varias
627 1919 746 2007 quibus
772 1919 900 2008 pollere
928 1920 1012 1988 soivi

244 2015 467 2085 Romanorum
492 2019 661 2106 populum,
689 2024 723 2085 et
748 2023 928 2086 strennuos
954 2018 1088 2087 labores
1218 2101 1233 2112 x

245 2111 337 2194 Quos
364 2132 423 2202 per
449 2133 500 2182 me
526 2117 681 2204 perpessi
707 2122 785 2183 sunt
809 2135 870 2205 per
895 2115 1035 2185 bellicos
1062 2117 1231 2186 horrores.

245 2210 313 2279 Sed
341 2211 551 2281 Constantini
577 2215 864 2302 mugni'tempore
891 2215 968 2282 dum
995 2218 1110 2303 vigere

243 2310 372 2398 Inuepit
398 2311 519 2380 Christi
546 2311 630 2380 tides
657 2318 691 2379 et
715 2313 848 2401 publioe
875 2313 1010 2404 clarere,
1341 2312 1392 2380 bd

246 2409 290 2476 Ut
314 2428 401 2498 papa
426 2410 562 2478 liberius
590 2411 714 2479 valeret
740 2411 921 2479 animarum

246 2506 353 2575 Saluti
377 2511 583 2599 prospicere,
610 2509 735 2577 luorum
763 2527 906 2597 querens
933 2528 1056 2601 earum,

245 2604 295 2673 De
321 2603 504 2675 Romame
532 2607 737 2675 transferens
765 2607 880 2676 sedem
906 2611 1042 2696 primam
1069 2611 1232 2699 mutavi,''

246 2703 289 2771 Et
315 2703 638 2793 Constantinopolim
665 2706 814 2774 seeundo
840 2707 928 2775 bane
953 2707 1074 2777 locavi.

245 2802 309 2869 Ubi
328 2802 424 2879 Greei
451 2821 584 2872 oesares
602 2804 699 2871 miehi
715 2803 940 2872 deserviendo
1340 2807 1385 2873 lb

245 2899 456 2968 Laborarunt
480 2907 640 2970 strennue
668 2910 787 2988 gentes
813 2905 931 2972 multas
959 2899 1145 2972 subdendo.

247 2996 396 3066 Tandem
422 3001 534 3085 magni
559 3000 673 3069 Karoli
698 3018 810 3069 amore
836 2999 883 3070 lui
909 3001 1007 3070 vieta.

246 3093 345 3176 Quod
372 3096 549 3166 Greoorum
574 3099 681 3187 patria
708 3116 750 3166 ex
776 3104 846 3168 toto
873 3098 1033 3168 dereliota
1507 3161 1508 3184 p

139 3261 144 3270 ,
239 3195 483 3264 Germanorum
508 3198 647 3286 patriam
672 3197 821 3267 inhabito
847 3215 908 3287 pro
936 3196 1030 3286 sede,
1138 3165 1156 3222 J

245 3292 372 3361 Meritis
399 3293 434 3362 id
459 3294 573 3364 Karoli
597 3295 719 3364 laetum
745 3293 851 3364 luisse
879 3294 990 3364 erede.
1343 3293 1388 3364 50

245 3389 328 3456 Nam
354 3396 525 3479 paternum
551 3392 685 3462 tradidit
701 3394 807 3472 ,miehi
833 3412 972 3480 regnum
998 3393 1197 3460 Francorum

244 3484 356 3576 Atque
383 3494 503 3575 gentes
531 3491 678 3560 subdidit
704 3493 939 3581 quamplures
966 3490 1192 3581 barbarorum,

244 3585 363 3656 Hunos
391 3588 530 3658 Solavos
546 3591 711 3658 britones
739 3590 843 3660 Gotos
869 3593 1129 3659 Beneventanos

245 3684 399 3756 Saxones
427 3695 459 3755 et
484 3689 641 3758 Frisones
667 3688 876 3759 Lombardos
903 3695 937 3758 et
962 3687 1155 3776 Hyspanos.

244 3782 314 3852 Has
342 3791 375 3853 et
400 3787 513 3874 plures
540 3788 622 3857 alias
648 3793 774 3873 gentes
795 3785 1070 3875 miehi-subieoit
1342 3786 1383 3852 55

244 3879 411 3970 Quidquid
437 3886 535 3953 miehi
561 3886 684 3975 plaouit
709 3885 743 3954 id
769 3904 901 3974 semper
926 3885 1035 3958 libens
1062 3883 1151 3953 teuit.

244 3980 325 4048 Post
351 3981 459 4073 deum,
487 3986 543 4072 qui
570 4002 628 4053 oor
654 3985 726 4052 eius
753 3986 787 4051 in
814 3983 956 4071 agendis
983 3982 1111 4072 direxit,
1233 3986 1262 4016 ·’

246 4077 427 4166 Tamquam
453 4084 710 4152 amantissimam
736 4100 788 4150 me
814 4075 917 4151 unioe'
938 4080 1066 4150 dilexit.

245 4176 376 4244 Deinde
401 4183 579 4267 posteritas
608 4182 680 4249 eius
707 4181 794 4249 bene
820 4182 957 4251 servivit
