3096 4882
295 181 366 252 2⁷0
658 210 727 256 vrrs
748 209 857 256 utnon
879 207 986 266 oonnrr
1008 211 1067 256 rur.

294 367 397 440 super
431 350 548 436 viginti
589 350 695 418 millia·
723 366 905 418 marearum
937 349 1011 436 puri
1046 350 1193 440 argenti,
1226 367 1286 438 pro
1313 348 1427 435 quibus
1514 381 1517 388 v

292 450 414 541 Berlin,
440 447 683 534 Brandenburg
713 453 746 515 et
764 447 903 515 Stendel
930 449 1081 516 eivitates
1108 449 1255 517 marolio
1282 449 1427 534 obligare

293 549 395 618 vellet
425 567 498 616 oum
531 549 697 616 univorsis
740 553 773 615 et
802 547 945 633 singulis
979 548 1197 635 proventibus
1237 548 1428 616 utilitatibus
1492 575 1495 580 ·

293 654 327 718 et
351 647 595 736 usuiruotibuS,
623 645 667 714 ad
699 647 791 734 ipsas
819 647 969 714 civitates
995 647 1257 738 pertinentibus,
1285 653 1350 714 tam
1376 646 1428 714 diu

291 766 352 837 por
377 765 492 833 regem
517 747 698 815 Iohannem
733 750 790 812 aut
823 744 922 812 filium
957 746 1028 814 eius
1055 745 1238 814 Iohannem
1264 746 1424 814 tenendas

292 845 519 936 possidendas
546 851 578 914 et
604 843 822 933 utiiruendas,
857 843 965 913 donee
991 846 1066 933 ipsa
1089 847 1208 931 viginti
1225 845 1325 914 millia
1343 863 1428 912 mar-

293 963 405 1014 earum
431 963 560 1014 sumum
583 945 617 1012 in
642 949 759 1032 parata
796 944 939 1031 peounia
969 944 1003 1011 in
1030 945 1162 1012 civitate
1189 945 1350 1031 Pragensi
1375 952 1429 1012 to-

292 1045 400 1114 taliter
419 1045 613 1113 solveretur.
649 1040 754 1122 Quam
773 1041 906 1129 quidem
927 1041 1169 1112 ordinationem
1189 1062 1248 1112 rex
1263 1044 1429 1112 lohannes

292 1145 499 1234 amplexatus
532 1147 593 1210 est.
635 1141 702 1210 Sed
735 1147 911 1229 postquam
944 1141 987 1210 ad
1019 1142 1175 1210 Karolum
1210 1143 1429 1212 marehionem

291 1244 441 1314 Moravie
469 1247 503 1310 et
527 1241 710 1310 Iohannem
745 1240 830 1309 filios
864 1258 946 1310 suos
971 1240 1226 1333 perduceretur,
1254 1244 1431 1311 noluemnt

291 1345 325 1410 in
352 1341 470 1411 eadem
499 1341 708 1430 consentire,
740 1338 909 1408 dieentes:
937 1339 974 1408 St
993 1344 1095 1426 poter
1118 1346 1230 1409 noster
1255 1343 1433 1428 arripuerit

290 1443 374 1509 istos
396 1441 573 1526 petendos,
607 1440 772 1524 disperpet
805 1457 865 1507 eos
897 1439 1162 1508 interlineares
1194 1440 1376 1525 leoninos,
1400 1447 1434 1508 et

290 1543 340 1608 ate
365 1541 491 1626 deeeptt
516 1537 714 1606 monebimus
738 1541 771 1605 ot
794 1539 889 1606 tttost.
933 1539 1018 1606 Dum
1035 1541 1147 1626 itaque
1164 1539 1356 1609 Ludovious
1374 1543 1431 1609 in-

291 1639 489 1728 tellexisset,
508 1637 601 1726 quod
615 1639 705 1724 regis
719 1636 877 1706 lohannis
900 1637 956 1704 lilii
978 1639 1084 1726 ipsam
1107 1639 1350 1708 ordinationem
1369 1659 1433 1708 ao-

292 1746 425 1828 oeptore
452 1739 651 1826 noluissent,
679 1754 743 1804 nee
764 1754 878 1804 eorum
903 1737 1021 1804 litteris
1049 1737 1187 1828 firmare,
1216 1744 1318 1806 totum
1339 1739 1433 1826 quod

292 1844 466 1906 traotatum
494 1843 528 1903 et
553 1835 738 1904 ordinatum
765 1834 827 1902 fuit
852 1837 1010 1904 remansit
1036 1838 1161 1905 irritum
1187 1844 1220 1905 et
1237 1839 1346 1907 inane.
1377 1839 1431 1908 lle

293 1955 358 2024 quo
381 1936 574 2004 Ludovious
591 1935 741 2002 Bavarus
761 1935 858 2003 valde
881 1933 941 2003 luit
959 1937 1103 2025 territus
1132 1943 1166 2004 et
1186 1936 1273 2006 ultra
1296 1937 1431 2006 modurn

292 2054 391 2122 quarn
410 2035 476 2103 diei
496 2035 619 2121 poterit
637 2032 855 2121 stupetactus.
888 2034 930 2102 Et
948 2036 1138 2123 suspioatus
1157 2040 1210 2103 est
1226 2037 1302 2104 mali
1320 2055 1430 2105 even-

291 2141 345 2202 tus
373 2149 449 2202 esse
477 2150 585 2220 omen,
613 2131 703 2218 qrrod
730 2132 788 2198 tilii
814 2134 906 2219 regis
928 2133 1086 2202 Iohannis
1108 2135 1350 2222 ordinationem
1367 2155 1430 2225 per

290 2250 431 2320 magnos
458 2232 622 2320 principes
656 2232 790 2299 maturis
818 2237 851 2299 et
875 2233 1023 2320 providis
1052 2235 1202 2303 eonsiliis
1230 2234 1430 2323 dispositam

291 2339 325 2402 et
351 2329 534 2402 ordinatam
560 2335 594 2398 et
618 2347 678 2418 per
702 2335 829 2418 patrem
857 2348 971 2418 eorum
998 2339 1221 2424 aooeptatam,
1249 2341 1428 2424 aooeptare

290 2438 435 2500 renuunt
460 2435 494 2500 et
521 2430 685 2520 ampleeti,
714 2429 774 2498 sed
801 2431 952 2500 animose
980 2436 1013 2499 et
1030 2438 1141 2500 mente
1168 2433 1314 2522 superba
1340 2452 1429 2503 oon-

291 2532 466 2601 tradiount.

211 2637 276 2693 rste
365 2630 445 2700 Post
477 2629 540 2697 hee
573 2647 633 2697 rex
668 2626 836 2696 lohannes
865 2630 998 2697 intravit
1023 2631 1145 2698 ouriam
1171 2627 1357 2704 Avenionts
1385 2631 1429 2700 ad

211 2723 271 2764 ΠΒ·
290 2749 409 2819 papam
435 2728 669 2815 Benedictum‚
703 2732 736 2794 et
762 2745 835 2794 eum
862 2746 903 2796 oo
929 2730 1125 2817 praetieavit
1150 2730 1184 2796 in
1210 2735 1357 2820 tantum,
1391 2738 1428 2799 ut

289 2831 363 2917 ipse
391 2845 500 2896 eoram
529 2827 680 2895 omnibus
708 2826 910 2897 eleetoribus
935 2829 1066 2896 voeatis
1092 2829 1287 2918 insinuaret,
1315 2831 1429 2916 quali-

290 2934 341 2997 ter
375 2926 567 2996 Ludovious
604 2925 646 2993 de
682 2925 824 2994 Bavaria
863 2944 931 2994 uon
973 2933 1065 2994 esset
1104 2945 1205 2996 verus
1239 2930 1427 3017 imperator,

290 3044 364 3093 eum
390 3027 464 3113 ipse
492 3030 596 3092 staret
622 3029 736 3091 eontra
762 3031 1009 3093 saerosanetam
1029 3025 1210 3094 Romanam
1238 3029 1426 3118 eeclesiam,

290 3124 540 3192 ohristianitatis
574 3128 729 3212 matrem,
766 3128 800 3191 et
831 3124 997 3210 quendam
1030 3124 1160 3193 tratrem
1191 3125 1356 3196 Minorum
1382 3127 1427 3195 ad

291 3222 519 3292 coronandum
546 3239 583 3290 se
610 3224 644 3290 in
669 3239 790 3310 papam
816 3226 997 3311 posuisset.
1032 3225 1073 3293 llt
1097 3227 1145 3294 sio
1169 3229 1279 3294 statim
1298 3226 1427 3295 eleeto-

216 3381 268 3420 rua.
290 3339 344 3390 res
371 3322 413 3390 ad
439 3323 639 3391 electionem
665 3321 898 3413 proaedentes‚
924 3323 1080 3392 Karolum
1098 3320 1322 3394 marehionem
1342 3324 1425 3393 llo-

227 3423 256 3486 lr
290 3422 379 3491 ravie
405 3422 439 3489 in
466 3437 580 3507 regem
603 3420 823 3490 Romanorum
850 3421 1001 3490 lelioibus
1029 3424 1188 3514 auspioiis
1216 3425 1398 3512 elegerunt.
