3028 4878
212 149 288 218 lle
497 173 623 222 nuennor
651 175 900 221 neonuaonoersrs
921 175 1076 223 nrcrnnru.

213 317 255 386 Et
280 332 371 384 nuno
397 311 439 383 ad
467 314 602 382 servitia
627 330 701 382 ntea
728 311 960 383 ferventiores,

214 416 251 484 ln
278 415 341 482 biis
367 413 588 500 ignorantiam
614 429 657 482 ne
682 413 815 500 possint
841 413 1007 503 allegare,

214 513 324 582 Palam
352 519 385 580 et
412 528 494 599 sepe
521 527 618 580 cures
645 511 708 579 bec
734 513 782 579 eis
808 511 990 598 publicare.

213 611 380 700 Loquaris
406 609 587 700 intrepide,
615 627 690 678 narn
717 614 749 678 te
776 610 840 679 sub
866 609 950 678 meis
976 607 1040 678 alis

214 712 409 799 Protegat,
436 709 514 795 quia
538 725 633 778 rneus
660 725 697 776 cs
723 701 1002 778 ministerialis¹l“

290 905 429 975 Domum
456 905 547 974 abire
572 903 691 974 iubens
718 922 771 974 me
796 901 918 972 blande
945 904 1125 976 benedixit.

215 1006 311 1072 Tunc
336 1021 395 1073 cor
420 1022 527 1072 meum
554 1005 704 1091 protinus
731 1003 860 1072 tristitia
887 1003 1061 1096 transfixit,

215 1103 362 1190 Virginis
389 1103 543 1171 absentia
568 1102 705 1172 letitiam
731 1100 910 1190 destruxit,

217 1200 323 1283 Quam
351 1202 424 1270 eius
449 1202 619 1290 presentia
644 1199 745 1269 modo
770 1201 860 1289 prius
886 1197 1024 1268 induxit.

214 1301 306 1387 Ergo
333 1316 406 1368 mee
433 1299 566 1368 domine
592 1299 762 1389 preceptis
788 1305 980 1367 reverenter

215 1399 335 1467 Parere
362 1397 572 1489 desiderans,
599 1397 771 1467 Gerrnanis
798 1397 860 1465 bec
885 1400 1038 1484 patenter
1498 1469 1499 1474 ,

214 1496 353 1566 Publice
380 1497 565 1588 nobilibus,
591 1514 656 1566 uec
683 1513 784 1565 cesso
810 1494 998 1586 publicare,
1498 1499 1499 1580 l

214 1594 266 1665 Nc
290 1613 351 1684 per
376 1597 599 1683 ignorantiam
625 1612 663 1664 se
687 1595 820 1684 possint
846 1611 1018 1664 excusare.

292 1792 361 1860 lsta
387 1791 562 1878 figurative
587 1791 815 1877 intelligantur
841 1788 947 1882 dicta,

214 1889 256 1960 Et
282 1892 330 1958 sio
354 1890 471 1978 procul
497 1889 599 1958 dubio
626 1905 705 1958 vera
731 1895 810 1958 sunt
836 1896 870 1958 ct
894 1907 962 1958 non
990 1889 1076 1960 ficta.
1286 1893 1358 1963 180
1498 1911 1499 1986 l

1498 2025 1499 2076 t

250 2063 282 2130 l)
302 2063 394 2118 Glosse
412 2063 459 2116 des
477 2063 612 2128 originale:
642 2063 743 2118 scilicet
760 2063 912 2134 buppolius
930 2063 964 2117 de
982 2063 1137 2132 bebenborg
1150 2078 1237 2186 (prope
1254 2065 1357 2120 lioten-
1411 2031 1437 2140 ὃ
1498 2077 1499 2126 l

215 2130 281 2198 burg
297 2132 326 2184 in
345 2131 461 2209 Francia
472 2131 598 2183 orientali.
623 2130 700 2184 Danu
717 2132 763 2184 rnit
781 2137 864 2185 etwas
883 2132 999 2200 spitercr
1016 2132 1121 2186 sobrill:
1167 2141 1243 2186 octor
1262 2135 1357 2188 deere—
1410 2139 1457 2208 u,

215 2203 301 2254 tororn
319 2205 345 2252 et
363 2199 561 2252 archidiaconus
579 2199 692 2252 ecclesie
710 2199 910 2268 llerbtpcteasis
933 2201 1006 2254 curie
1023 2199 1142 2255 olireialis
1160 2202 1264 2255 tandem
1283 2205 1357 2270 epis·
1439 2211 1452 2226 ”

217 2281 298 2337 copus
316 2266 515 2335 bambergensis
533 2263 640 2320 effectos
