3052 4878
258 136 304 201 ln
570 161 686 208 moomu
708 162 751 207 rr.
773 160 917 207 nornonr.
939 160 1073 206 3313113.

90 316 99 324 ”
175 313 241 369 mlo
255 302 436 389 Postquam
462 297 583 369 laetum
610 306 662 369 est
693 307 727 368 et
757 300 831 386 regi
858 299 917 367 luit
950 299 1132 367 intimatum
1165 299 1256 366 multi
1287 299 1390 366 mira-

256 400 392 490 bantur,
420 398 509 487 quod
536 398 625 467 dioto
652 401 760 467 eomiti
784 399 961 487 paroebat,
994 399 1043 466 313
1069 395 1160 485 quod
1185 415 1253 466 non
1281 397 1389 466 solum

256 501 365 587 ipsum
392 497 433 566 de
459 498 525 566 hoo
550 516 619 567 non
643 501 788 588 punivit,
820 497 882 566 sed
917 497 1015 565 etiam
1042 497 1128 563 siout
1152 498 1242 584 prius
1270 499 1388 565 oonsi-

256 598 369 666 liarius
396 595 465 665 luit.
498 598 540 665 Et
566 598 599 665 in
626 598 829 666 33333133113
855 615 928 664 mea
955 613 1021 681 ego
1048 613 1090 662 err
1122 600 1200 662 tuno
1224 597 1332 664 minus
1357 596 1391 663 in

257 698 366 765 animo
393 713 467 764 meo
493 697 600 785 ipsum
627 715 740 782 regem
767 697 927 785 reputavi,
957 701 990 762 31
1009 693 1098 781 quod
1122 696 1195 781 ipse
1222 713 1391 782 nunquam

256 795 343 863 bene
377 794 503 863 1333131
535 796 713 884 1131111331,
745 811 808 861 333
836 792 878 862 de
914 794 1008 861 malis
1042 792 1230 862 hominihus
1258 795 1390 880 inagnis

257 894 407 963 studeret
426 893 536 968 faeere
565 895 738 984 iustitiam,
764 891 855 980 quod
878 911 980 981 supra
1006 891 1139 960 modum
1164 892 1242 959 mihi
1266 891 1391 981 displi-

255 993 363 1062 oebat.

330 1090 402 1172 Qne
426 1090 514 1159 13313
543 1098 621 1158 sunt
649 1092 682 1158 in
710 1086 773 1158 Ast
801 1091 883 1180 3113,
910 1107 979 1159 non
1002 1088 1090 1156 bene
1112 1083 1287 1178 reeordor,
1313 1088 1394 1154 lieet

255 1190 359 1279 plura,
376 1195 474 1278 prout
488 1188 600 1280 eredo,
620 1189 706 1256 13313
726 1189 857 1278 11131131,
878 1187 1029 1276 quindiu
1048 1189 1168 1255 mansit
1184 1193 1264 1275 post
1284 1204 1391 1254 meum

256 1305 425 1356 recessum
450 1287 581 1356 ibidem.
606 1288 680 1374 Ego
708 1289 899 1357 3313131113
927 1287 981 1356 die
1008 1287 1135 1353 rooessi
1163 1285 1205 1354 de
1225 1283 1291 1353 list
1317 1303 1391 1353 cnm

255 1405 377 1474 magno
405 1388 578 1475 capellano
603 1393 734 1476 vestre,
762 1403 835 1453 eum
861 1387 965 1463 literis
992 1403 1076 1473 quas
1103 1386 1214 1475 331113,
1243 1402 1310 1473 qno
1338 1384 1393 1452 die

255 1485 409 1554 dominus
436 1485 612 1555 oardinalis
638 1484 680 1553 de
706 1486 874 1571 Peregruo
901 1488 1043 1554 intravit.

328 1585 408 1654 Post
433 1604 538 1654 meam
559 1586 785 1653 reversionem
810 1601 905 1652 suum
932 1602 1102 1652 reeessum
1125 1583 1236 1651 audivi
1263 1581 1305 1650 de
1326 1579 1392 1651 Ast

254 1685 287 1750 in
312 1684 401 1751 huno
421 1685 564 1753 modum.
589 1684 704 1752 Plures
724 1683 765 1750 de
782 1683 990 1773 Lumhardia,
1019 1682 1060 1750 de
1078 1682 1191 1772 lanua,
1218 1688 1297 1749 tuno
1316 1700 1390 1749 enm

254 1801 295 1850 eo
323 1788 433 1870 erant,
461 1790 494 1850 et
518 1785 604 1850 inter
636 1801 695 1850 eos
722 1784 794 1869 ipse
827 1781 909 1852 vidit
934 1781 1068 1850 diversa
1094 1781 1233 1849 consilia
1260 1799 1388 1849 seeun-

254 1881 331 1948 dum
358 1881 584 1949 diversitatem
609 1881 824 1948 volnntatum.
850 1880 954 1949 Modo
980 1881 1076 1969 quasi
1099 1882 1132 1947 in
1159 1885 1272 1948 centro
1300 1881 1389 1948 illius

255 1985 404 2048 33311313
430 1978 627 2047 Lumbardie
655 1981 809 2047 situatum
832 1987 884 2048 est
908 1999 1010 2048 unum
1030 1985 1182 2068 oestrum,
1210 1977 1301 2066 quod
1321 1997 1390 2048 vo-

254 2084 346 2146 eatur
372 2078 592 2168 Vigevenum,
620 2077 747 2146 distans
775 2078 817 2146 de
842 2079 1047 2169 Mediolano,
1075 2076 1118 2145 de
1142 2077 1316 2168 Vercellis,
1343 2077 1388 2146 de

253 2177 354 2265 Papia
385 2195 444 2265 per
469 2179 586 2263 viginti
616 2179 772 2267 miliaria,
801 2183 834 2244 et
860 2176 902 2246 de
928 2177 1043 2246 Laude
1071 2178 1179 2245 etiam.
1211 2176 1388 2245 11131133-

254 2282 356 2343 strum
374 2282 452 2344 tuno
474 2277 609 2344 tenebat
635 2275 786 2345 dominus
808 2275 915 2344 (luido
942 2277 984 2345 de
1007 2278 1110 2345 Turre
1136 2294 1196 2364 pro
1224 2278 1390 2343 communi

147 2458 150 2465 Ι
252 2375 511 2466 Mediolanensi,
539 2381 572 2444 et
597 2393 684 2443 unus
705 2374 746 2443 de
772 2392 834 2442 suo
857 2378 1023 2461 sanguine
1051 2381 1120 2442 erat
1144 2375 1190 2443 ibi
1216 2379 1295 2442 tuno
1319 2394 1388 2463 po-

253 2480 369 2544 133133.
397 2475 458 2542 Per
484 2476 749 2564 procurationem
775 2476 872 2542 unius
897 2475 1026 2564 medioi,
1054 2475 1109 2561 qui
1135 2480 1214 2542 tuno
1239 2473 1284 2541 ibi
1310 2491 1388 2543 mo-

253 2573 395 2665 rabatur,
422 2581 523 2642 notus
541 2579 661 2663 postea
680 2579 714 2642 et
730 2576 854 2641 amious
872 2573 995 2642 domini
1017 2571 1055 2642 Ο.
1078 2571 1120 2640 de
1142 2571 1384 2664 Grandissono,

255 2677 332 2760 quia
357 2675 465 2762 ipsum
487 2676 613 2742 ouravit
638 2672 681 2740 de
703 2691 824 2758 magna
844 2672 1030 2740 infirmitate
1053 2689 1150 2757 quam
1172 2678 1250 2739 tuno
1274 2673 1389 2740 habuit

253 2773 287 2838 in
317 2769 521 2862 nquehelle,
539 2771 678 2839 dietum
712 2777 852 2838 nastrum
889 2771 1023 2839 domino
1056 2772 1127 2855 regi
1159 2770 1302 2839 latenter
1328 2771 1388 2839 luit

253 2873 467 2958 promissum,
495 2869 538 2938 ad
564 2868 654 2957 quod
680 2869 904 2958 reeipiendum
922 2869 1087 2939 dominum
1107 2868 1287 2955 Hugonem
1302 2870 1387 2938 Del-

175 2999 235 3040 313.
253 2968 344 3056 phini
369 2971 525 3056 premisit.
552 2966 616 3048 Qui
642 2969 737 3036 simul
763 2985 836 3036 oum
855 2986 895 3036 eo
915 2968 956 3037 de
975 2967 1038 3037 Ast
1064 2967 1239 3058 reoedens,
1265 2972 1384 3058 paneis

189 3054 222 3107 12
255 3063 451 3158 soientihuS,
478 3069 550 3155 ipse
573 3084 632 3154 per
649 3072 775 3155 partem
798 3069 862 3157 vie,
891 3087 955 3155 que
976 3067 1068 3136 vadit
1092 3070 1125 3134 in
1154 3066 1285 3158 Casale,
1313 3087 1386 3136 eum

253 3184 334 3252 rege
360 3165 532 3256 13331333,
560 3165 693 3235 domino
721 3183 801 3251 rege
829 3165 1386 3258 111333313-1331331313033313,

252 3264 361 3332 dietus
396 3264 547 3333 dominus
574 3264 673 3351 Hugo
701 3263 909 3350 Vigevenum
935 3267 1084 3355 intravit,
1114 3270 1147 3332 et
1172 3272 1384 3356 potestatem,

252 3361 375 3430 domini
407 3363 568 3432 Guidonis
604 3365 910 3455 oonsanguineum,
937 3382 1010 3431 oum
1038 3366 1107 3434 suis
1133 3363 1230 3432 bonis
1256 3365 1387 3433 illesum

252 3461 383 3528 dimisit.
410 3460 483 3542 Quo
511 3467 621 3530 rastro
648 3462 779 3552 habito,
808 3481 924 3532 omnes
952 3465 1103 3532 311113133
1130 3465 1386 3551 oironmquaque

252 3562 437 3629 timuerunt.
462 3560 500 3627 ln
529 3560 647 3650 Casuli,
676 3579 748 3628 cum
767 3561 800 3628 in
821 3579 906 3649 paee
931 3568 1056 3652 essent,
1083 3563 1163 3629 nihil
1184 3563 1273 3630 alind
1293 3562 1383 3653 feeit,

250 3661 314 3727 nisi
342 3658 432 3747 quod
457 3661 676 3727 iuramentum
702 3658 869 3729 fidelitatis
897 3661 937 3729 ab
966 3663 1014 3729 eis
1041 3663 1175 3749 reoepit.

324 3759 362 3826 ln
381 3757 491 3826 Casuli
508 3766 541 3827 31
558 3765 645 3848 3313,
665 3760 741 3846 quia
758 3760 930 3828 eonsilium
948 3759 1170 3847 predictorum
1190 3762 1284 3828 trium
1301 3759 1383 3830 Phi-

249 3857 386 3948 lippum,
416 3857 571 3946 Symonis
590 3857 825 3947 versellensis,
853 3866 887 3926 et
910 3856 1048 3927 Antonii
1075 3865 1154 3948 erat,
1180 3866 1217 3926 ut
1240 3858 1382 3950 predixi,

252 3955 342 4041 quod
368 3958 491 4025 nullum
518 3963 611 4025 extra
632 3958 777 4044 positum
799 3974 912 4026 seeum
937 3959 1178 4047 intromitteret,
1206 3959 1383 4026 eonsilium

250 4060 360 4122 autem
393 4057 530 4124 aliorum
564 4062 634 4124 erat
667 4057 863 4124 eontrarium
891 4064 924 4124 et
948 4057 1103 4127 voluntas
1130 4057 1253 4125 domini
1279 4059 1381 4147 regiS,

250 4159 345 4222 33313
373 4161 406 4221 31
431 4161 560 4223 3331313
588 4153 695 4224 dictos
722 4161 789 4223 tres
817 4155 975 4224 eustodiri
1000 4155 1157 4247 iaoiebat,
1186 4158 1234 4224 sio
1260 4163 1381 4246 tamen,
