3002 4880
261 216 282 285 6
572 247 717 295 ceruorum
737 247 774 293 nr
796 248 894 294 essrrs
914 249 1081 296 rarrcrrurr.

261 390 295 453 et
326 384 563 454 nichilominus
593 385 749 454 hostibus
776 385 929 472 indigere
958 387 1098 458 vulnera
1126 407 1186 478 per
1215 389 1391 462 thoracem.
1491 347 1492 402 3

262 482 413 572 Spondet
435 485 485 552 eis
502 483 592 554 dona
606 485 842 574 prestantiora,
868 485 1018 572 pretiosa
1048 506 1188 558 munera
1209 490 1392 576 pollicetur.
1491 535 1492 538 ,

262 582 412 651 Collecta
436 584 541 668 igitur
560 583 776 652 inestimabili
794 582 1002 652 multitudine
1020 593 1244 674 pugnatorum
1264 589 1392 658 hostem

257 684 326 767 jam
345 688 498 770 expectat
523 681 688 771 intrepide
715 687 749 750 ct
775 699 905 752 secure.
1491 741 1492 744 ,

336 780 472 849 lntcrim
508 783 606 849 etiam
642 786 796 870 temptat·
817 782 950 869 aliquos
989 782 1161 871 principes
1197 789 1231 854 et
1264 786 1393 854 nobiles

263 897 344 948 auro
374 886 585 969 corrumpere
607 886 640 949 et
661 885 814 970 argento,
841 881 907 950 hoc
925 884 1046 969 petens
1068 882 1109 950 ob
1132 884 1194 973 eis,
1220 889 1258 952 ut
1279 885 1394 954 saltem

263 980 371 1046 neutri
386 978 737 1069 auxiliumporrigant,
750 978 811 1048 sed
829 978 917 1048 domi
929 980 1173 1066 supersedeant
1186 1000 1260 1051 cum
1274 984 1395 1071 quiete.
1491 975 1492 1060 ἶ

263 1077 315 1144 De
349 1078 472 1164 quibus
507 1083 579 1146 erat
609 1096 697 1147 unus
729 1078 883 1147 dominus
917 1078 1097 1148 Heinrious
1132 1079 1200 1148 dux
1230 1083 1394 1173 Bawarie,
1491 1081 1492 1084 ’

263 1177 320 1263 qui
353 1178 484 1264 accepit
515 1176 556 1245 ab
595 1195 636 1246 eo
672 1183 752 1245 tunc
785 1178 944 1266 temporis
982 1179 1159 1246 maximum
1193 1179 1397 1251 donativum.
1491 1213 1492 1278 ,

261 1274 340 1343 Vidi
366 1276 454 1343 enim
480 1274 571 1362 quod
596 1277 687 1343 misit
712 1280 868 1345 onustum
894 1276 1077 1365 plaustrum
1105 1295 1179 1346 cum
1205 1285 1347 1365 argento
1363 1282 1397 1348 in

261 1391 345 1443 vase
373 1376 565 1443 continente
598 1392 788 1443 mensuram
820 1380 949 1464 septem
974 1393 1130 1443 urnarum
1163 1376 1205 1445 de
1235 1378 1398 1448 Bohemia
1491 1443 1492 1446 ,

260 1475 296 1542 iu
329 1474 496 1542 civitatem
524 1473 755 1564 Strubingam,
783 1479 817 1542 et
841 1475 908 1542 nisi
935 1480 1058 1543 tantam
1082 1477 1261 1564 pecuniam
1286 1477 1398 1546 vidis·
1491 1509 1492 1516 ¹

262 1591 333 1643 sem
364 1573 483 1662 prooul
516 1572 618 1643 dubio
655 1575 711 1642 alii
746 1572 903 1642 referenti
937 1573 1129 1654 nullatenus
1162 1569 1396 1645 credidissem.
1491 1603 1492 1610 ¹

260 1671 346 1740 Illud
376 1691 457 1741 vero
491 1678 666 1759 argentum
696 1672 860 1758 dominus·
878 1670 955 1741 Otto
983 1689 1124 1758 magnus
1150 1673 1398 1765 vicedominus,
1491 1677 1492 1680 ’

264 1788 327 1840 suo
361 1769 497 1840 domino
524 1772 720 1840 reservavit.
772 1771 897 1838 Tamen
932 1788 994 1860 pro
1028 1771 1087 1839 illa
1120 1775 1266 1860 pecunia
1296 1774 1401 1843 nichil
1491 1831 1492 1844 ,

262 1864 353 1938 aliud
388 1868 469 1938 iecit
504 1871 650 1961 servitii,
692 1871 758 1938 nisi
802 1869 893 1956 quod
928 1869 1142 1938 obstruxerat
1175 1890 1276 1940 unam
1309 1875 1400 1942 viam
1491 1853 1492 1894 ¹

263 1968 406 2060 Suavis,
433 1987 493 2057 per
519 1986 618 2055 quam
644 1967 802 2037 incedere
820 1968 1006 2037 debuerant
1031 1968 1292 2047 despondentes.
1307 1971 1401 2042 .Ne-
1491 1995 1492 2042 4

262 2068 356 2154 gavit
394 2069 492 2136 ctiam
529 2069 579 2134 eis
615 2059 818 2136 obstructis1
849 2069 956 2156 portis
990 2070 1164 2136 transitum
1199 2087 1260 2158 per
1296 2070 1402 2139 Stru-
1491 2075 1492 2168 l

262 2167 408 2252 bingam.
459 2168 509 2235 Ex
535 2165 601 2234 boo
635 2167 745 2235 animo
782 2168 941 2235 concitati
964 2168 1062 2250 juxta
1095 2174 1223 2257 portam
1251 2169 1402 2238 divitatis
1491 2171 1492 2250 J

263 2265 460 2334 occiderunt
476 2284 578 2333 unum
601 2263 643 2332 de
669 2265 864 2334 melioribus
892 2266 1022 2334 civibus
1049 2272 1293 2335 extramuros.
1332 2268 1403 2337 Vi·
1491 2331 1492 2356 ,

263 2363 347 2432 dens
375 2372 485 2433 autem
515 2363 737 2433 Romanorum
764 2365 948 2456 exercitus,
981 2365 1072 2452 quod
1105 2364 1258 2434 dominus
1284 2366 1402 2436 Hein-

261 2464 352 2531 ricus
380 2463 447 2534 dux
471 2464 625 2532 Bawario
651 2481 721 2531 non
747 2469 841 2531 esset
866 2482 939 2532 oum
959 2464 1009 2532 cis
1025 2464 1066 2532 ab
1092 2463 1164 2532 heri
1191 2471 1225 2534 ct
1249 2465 1403 2536 nudius·-
1491 2501 1492 2540 2

262 2565 391 2653 tertiae,
414 2562 476 2632 sed
503 2567 597 2648 esset
618 2580 692 2631 cum
717 2561 912 2631 adversario
931 2581 1055 2654 corum,
1083 2564 1207 2632 auxilio
1229 2571 1262 2632 ot
1280 2564 1404 2635 lavore

263 2667 298 2730 ct
316 2668 432 2731 contra
453 2663 617 2745 justitiam
638 2662 673 2728 in
697 2669 824 2750 partem
850 2663 985 2730 alteram
1009 2661 1232 2753 declinasset,
1261 2663 1405 2732 iniiam·-

262 2763 342 2829 mati
366 2760 496 2829 lacibus
524 2758 714 2849 iracundie,
742 2766 862 2829 terram
898 2777 992 2828 suam
1026 2762 1062 2828 in
1096 2759 1267 2830 descensu
1292 2780 1405 2833 secus

261 2861 349 2928 viam
376 2861 523 2945 graviter
548 2858 728 2927 vastabant
753 2859 848 2949 cede,
877 2860 987 2948 spolio
1014 2863 1048 2926 et
1072 2861 1198 2947 rapina.

336 2959 491 3026 Preterca
524 2956 748 3026 Romanorum
782 2977 841 3026 rex
876 2957 993 3026 clectis
1021 2959 1093 3026 suis
1129 2958 1325 3027 melioribus
1360 2977 1408 3028 ao

263 3055 467 3144 fortioribus
498 3056 573 3124 aliis
599 3057 793 3148 licentiatis,
816 3058 852 3124 in
879 3056 945 3125 hoc
966 3055 1105 3146 provide
1132 3075 1250 3147 agene,
1274 3056 1408 3126 volens

262 3173 402 3242 parcere
428 3156 615 3243 sumptibus
641 3161 675 3223 ct
702 3156 865 3244 expensis
873 3208 883 3246 ,
919 3162 1039 3224 nactus
1062 3155 1223 3241 grandom
1257 3174 1409 3244 pugna-

263 3260 370 3322 torum
404 3253 663 3344 multitudinem,
691 3259 725 3322 ct
750 3254 882 3323 seroces
908 3259 945 3321 ut
969 3255 1134 3343 probitate
1166 3272 1229 3322 sua
1252 3261 1411 3343 possent

263 3370 376 3422 muros
411 3353 538 3421 ferreos
573 3357 760 3441 penetrare.
812 3351 1003 3421 Gaudentes
1034 3358 1068 3422 et
1097 3353 1251 3440 hylarato
1285 3353 1411 3424 animo

263 3450 474 3521 descendunt
505 3453 628 3540 pariter
653 3453 820 3541 universi,
857 3449 919 3518 sed
950 3451 1093 3520 cunrad
1121 3452 1232 3521 looum
1262 3456 1412 3521 ventum

264 3557 357 3620 essct
395 3548 452 3619 ubi
492 3568 530 3618 sc
569 3567 748 3639 preparare
787 3549 830 3618 ad
863 3567 1010 3638 pugnam
1054 3541 1272 3639 debuerant²,
1311 3551 1414 3622 visis

262 3650 417 3720 hostibus
434 3651 564 3718 eminus
582 3654 699 3718 contra
714 3665 785 3738 eos,
811 3645 1067 3716 inestimabilem
1084 3650 1280 3717 bellatorum
1306 3650 1414 3718 mul-

263 3750 436 3818 titudinem
460 3753 703 3839 coacervatam,
730 3748 846 3815 timorc
871 3749 1027 3836 percussi
1052 3765 1093 3815 ac
1118 3749 1230 3837 tcrriti,
1252 3765 1416 3818 murmur

263 3845 432 3918 succrevit
456 3865 524 3916 non
550 3846 722 3935 modicus,
749 3845 963 3914 dicentibus:
1000 3847 1170 3934 Quomodo
1198 3845 1302 3932 pcoct'
1327 3865 1412 3932 po-

262 3950 393 4032 terimus
414 3964 567 4034 pappare
597 3949 715 4012 conco
747 3948 816 4012 tom
846 3963 981 4031 prooem
1006 3948 1039 4014 ct
1061 3944 1306 4014 inestimabilem
1331 3961 1413 4013 erc-

262 4048 420 4115 crcr'tcm?
453 4046 525 4114 Nec
550 4047 684 4134 mirum,
721 4041 854 4111 suerunt
880 4046 967 4112 onim
992 4045 1078 4110 inter
1104 4062 1164 4112 eos
1191 4044 1226 4110 in
1253 4042 1415 4113 estima-

260 4144 352 4214 tione
377 4163 464 4233 pene
492 4151 635 4232 quatuor
662 4147 778 4211 contra
800 4162 901 4211 unum
926 4143 1081 4232 deporto
1107 4143 1198 4230 regis
1224 4139 1419 4218 Bohcmie.

295 4273 326 4340 l)
344 4272 468 4328 obstrutis
485 4272 526 4328 bs.
562 4273 594 4340 2)
613 4272 677 4327 Also
695 4271 742 4328 aul
756 4271 803 4326 das
820 4269 962 4326 Marchleld
979 4267 1138 4322 norddatlich
1156 4282 1209 4322 von
1228 4270 1315 4326 Wicu.
