3028 4878
243 179 317 250 tta
562 206 705 254 rouruuvs
726 205 934 254 vroromrrrsrs.
970 202 995 270 o,
1016 203 1053 256 12.

159 354 226 410 tata
247 346 362 434 gratare
389 344 493 416 decus
518 345 664 414 liberalis
686 344 931 431 magnificentie
951 345 1199 433 acclamaretur,
1225 341 1375 415 Albertus

247 444 339 535 quod
372 450 503 531 gestum
534 443 642 514 iuerat
675 443 895 533 collaudavit,
929 446 1023 513 iuxta
1048 443 1236 513 versiculos
1262 439 1376 532 Ovidii,

245 546 302 632 qui
328 543 420 614 dicit:

342 643 498 733 „Excitat
523 641 655 710 auditor
681 640 836 730 studium,
862 638 1065 727 laudataque
1091 641 1196 709 virtus

410 739 546 830 Crescit,
575 747 608 809 et
633 743 828 808 immensum
854 739 961 825 gloria
986 740 1119 827 pondus
1146 736 1282 807 habat.“

319 840 393 909 Hoc
411 846 559 927 tempore
578 838 702 909 lamilia
722 839 908 925 Herquemi
923 840 996 906 visa
1012 845 1064 906 est
1083 839 1117 906 in
1133 837 1277 906 marchia
1296 836 1376 906 Car·

245 939 334 1010 niolo
368 956 519 1027 pugnare
553 955 613 1025 per
646 956 725 1006 aera
759 939 858 1006 armis
889 938 1019 1025 igneis,
1047 938 1245 1025 intempeste
1271 938 1378 1005 noctis

245 1045 403 1126 tempore.
436 1037 477 1106 Et
503 1035 579 1104 dum
605 1038 654 1105 rai
680 1038 883 1124 experientia
910 1041 1111 1125 quereretur,
1137 1037 1309 1104 inventum
1330 1040 1380 1104 est
1404 1026 1407 1032 ’

245 1145 378 1206 veteres
410 1135 567 1203 mulieres
594 1135 747 1224 plagales
775 1140 808 1202 et
834 1137 979 1220 graviter
1004 1134 1207 1205 vulneratas.
1242 1133 1379 1215 Quidam

247 1235 408 1306 sacerdos
435 1233 576 1302 audiens
604 1240 637 1302 et
662 1233 791 1324 videns,
818 1235 1010 1323 perterritus
1036 1234 1092 1301 vix
1117 1232 1160 1301 ad
1187 1235 1275 1302 vires
1303 1251 1379 1302 ecr-

245 1336 337 1424 poris
364 1333 549 1421 respiravit.

320 1432 394 1501 Hoc
415 1449 514 1521 anno,
541 1432 574 1498 in
595 1428 708 1516 vigilia
728 1434 843 1502 sancte
861 1447 974 1520 pasce,
1001 1433 1034 1500 in
1053 1431 1215 1500 territorio
1233 1431 1381 1519 Spirensi

247 1531 417 1602 solitarius
445 1529 589 1619 quidam,
615 1528 817 1597 Ludewieus
844 1530 989 1618 nomine,
1016 1531 1051 1598 in
1077 1548 1213 1598 nemore
1232 1550 1253 1598 a
1270 1529 1379 1598 ludeis

247 1637 300 1700 est
315 1635 420 1699 morte
443 1628 591 1698 horribili
617 1629 841 1716 interemptus,
873 1627 956 1696 Nam
981 1628 1119 1714 ligatum
1144 1646 1246 1717 super
1272 1629 1380 1697 scalas

247 1731 354 1818 eapite
381 1728 576 1818 demmisso,
603 1725 749 1794 membra
775 1725 1053 1818 conscindentes,
1081 1745 1140 1815 per
1165 1745 1271 1796 vonas
1298 1746 1381 1796 sarr-

246 1830 382 1916 guinem
409 1827 622 1895 extrahentes
630 1877 640 1915 ,
670 1832 769 1913 caput
803 1825 933 1894 terebro
965 1826 1192 1916 perforanteS,
1220 1833 1381 1895 mortuum

246 1928 473 2014 relinquentes
508 1925 669 1994 abierunt.
704 1923 768 2004 tlui
801 1930 952 2012 repertus
980 1931 1014 1992 ot
1043 1925 1083 1993 ad
1111 1926 1289 1994 ecclesiam
1316 1925 1381 1992 de-

245 2027 346 2115 latus,
374 2025 523 2092 maximis
550 2024 638 2111 oepit
664 2023 828 2091 miraculis
855 2040 1042 2092 coruscare.
1083 2023 1177 2092 ludei
1202 2023 1380 2092 notandis-

247 2125 322 2194 simi
349 2124 436 2210 capti
462 2128 496 2189 et
522 2122 641 2209 exusti,
670 2121 779 2190 subito
805 2120 936 2190 lacinus
964 2113 1043 2190 'sunt
1067 2121 1221 2210 professi.

321 2222 394 2290 Hoc
414 2226 562 2308 tempore
578 2221 728 2288 civitates
746 2220 955 2302 Lombardie,
974 2227 1097 2307 agente
1118 2221 1315 2289 Gwilhelmo
1329 2221 1383 2288 le·

247 2327 339 2412 gato,
367 2326 554 2389 sanctorum
571 2324 711 2407 quatuor
728 2317 968 2388 Coronatorum
984 2319 1181 2408 presbytero
1202 2319 1382 2409 cardinale,

248 2420 291 2491 ad
318 2425 524 2488 sacramenta
557 2418 656 2506 plene
690 2418 869 2487 concordie
897 2423 1147 2508 convenerunt,
1176 2424 1209 2487 et
1234 2426 1271 2486 ut
1296 2419 1386 2486 illam

248 2520 443 2596 societatem
470 2524 659 2586 coronatam
688 2516 923 2606 dissolverent,
951 2517 1180 2587 condixerunt.
1221 2518 1386 2586 Primores

248 2619 369 2686 etenim
395 2616 523 2684 urbium
549 2617 582 2682 in
609 2614 753 2701 singulis
779 2615 875 2684 vadis
893 2616 1061 2685 lluminum
1081 2615 1316 2704 immeabilium,
1342 2633 1388 2684 ne

249 2717 427 2785 transirent
452 2714 507 2782 vel
533 2713 723 2804 evaderent,
750 2714 889 2784 insidias
915 2721 1110 2803 posuerunt.
1142 2712 1304 2795 Quidum
1327 2716 1387 2782 in-

250 2817 328 2903 opia
354 2813 543 2882 victualium
568 2819 803 2902 premerentur,
832 2832 869 2882 se
893 2813 936 2882 ad
963 2815 1085 2882 exitum
1112 2819 1325 2904 paraverunt,
1354 2819 1390 2882 et

249 2915 335 2982 cirea
361 2917 505 2980 montem
530 2910 692 2980 Pordonis
720 2913 768 2979 eis
798 2912 1017 2981 obsistentem
1043 2913 1166 2980 rustice
1192 2910 1302 2999 plebis
1328 2913 1389 2980 in-

250 3011 373 3079 finitam
406 3007 647 3078 multitudinem
680 3016 947 3100 prostraverunt,
976 3013 1092 3098 sicque
1120 3011 1293 3080 clausuras
1320 3028 1390 3098 op-

249 3110 377 3199 positas
412 3114 606 3194 evaserunt3
642 3107 775 3195 quidam
808 3127 889 3178 vero
923 3112 1050 3178 assueti
1082 3111 1116 3178 in
1142 3110 1293 3198 partibus
1318 3109 1389 3176 illis

250 3206 429 3277 hincinde
455 3209 489 3274 in
515 3207 705 3275 civitatibus
732 3224 770 3274 se
797 3215 1003 3296 receperunt.

325 3306 399 3376 Hoc
434 3312 582 3395 ternpore
615 3305 756 3392 quedam
789 3307 901 3393 puella
933 3306 1066 3376 iudaice
1099 3308 1229 3397 gentis,
1257 3307 1391 3374 circiter

209 3469 214 3474 .
251 3402 452 3493 duodennio,
479 3405 513 3471 in
528 3405 624 3472 Stiria
642 3422 791 3493 manens,
818 3404 900 3474 vidit
925 3406 1102 3474 insomnis
1131 3422 1168 3473 se
1196 3423 1269 3473 cum
1290 3403 1390 3472 Chri-

251 3504 367 3571 stianis
385 3503 418 3570 iu
441 3501 582 3589 quadam
603 3503 748 3571 ecclesia
767 3503 929 3572 accedere
948 3504 991 3572 ad
1006 3504 1118 3594 altare,
1147 3510 1182 3572 ut
1198 3505 1391 3572 assumeret

186 3639 189 3645 ·
251 3617 375 3691 corpus
407 3596 535 3669 Christi.
571 3599 669 3681 Quod
704 3599 780 3668 dum
807 3602 967 3672 sacerdos
994 3621 1093 3672 manu
1120 3597 1388 3670 retrahens¹de-

250 3705 400 3789 negaret,
420 3699 535 3768 dicens
552 3717 626 3767 eam
641 3716 710 3767 non
726 3699 849 3769 babere
866 3702 1073 3789 signaculum
1094 3699 1171 3768 fidei
1189 3700 1389 3786 Christiane,

251 3798 487 3888 expergefacta
501 3801 661 3866 nutricem
678 3797 908 3890 Christianam,
938 3819 1003 3889 que
1018 3803 1053 3867 in
1075 3800 1172 3868 domo
1197 3801 1299 3886 patris
1316 3798 1389 3865 eius

249 3897 386 3966 lactavit
418 3915 560 3988 pueros,
594 3896 747 3966 consulit.
791 3897 863 3978 Que
899 3917 969 3968 eam
1005 3900 1039 3966 iu
1072 3897 1276 3966 Kariathiam
1304 3895 1388 3963 clam

144 4043 150 4048 -
250 3994 396 4086 abduxit,
423 3996 478 4063 ubi
504 3998 537 4062 in
565 3995 665 4085 opido
693 3995 783 4083 quod
805 3997 984 4085 Frysacum
1011 3997 1130 4064 dicitur
1156 3994 1387 4077 catechizatur,

201 4117 202 4120 ¹
251 4098 286 4161 et
310 4111 433 4180 magno
467 4094 575 4163 cordis
611 4092 781 4163 desiderio
807 4093 1008 4184 baptizatum
1037 4095 1232 4166 Christianis
1257 4095 1388 4164 votivas

250 4190 458 4261 solventibus
486 4191 550 4261 deo
578 4190 704 4261 laudes.
