3096 4882
286 181 360 252 aod
619 211 722 256 anrrrr
744 209 878 256 iunwrcs
898 209 952 254 nus
973 209 1088 254 aniana.

341 346 388 406 ll.
410 342 537 420 Ludwig
563 344 731 407 rbmiscber
762 343 866 412 kaiser
895 342 1032 406 schreibt
1061 341 1131 404 dem
1163 346 1232 406 rath
1265 343 1326 408 und
1355 344 1408 406 dea

407 425 542 502 bdrgern
571 442 631 488 von
658 427 764 504 Speier
792 428 824 486 in
853 425 1062 488 rhetorischer
1095 425 1177 488 form
1209 427 1281 489 iiber
1312 429 1409 487 seinen

408 511 497 570 streit
509 511 564 569 mit
579 508 647 570 dem
663 513 754 586 papst
768 507 884 568 lohann
904 507 993 586 llllll,
1015 507 1077 568 und
1092 508 1232 585 verlangt
1247 524 1304 570 von
1317 507 1410 584 ibnen‚

407 589 494 652 nicht
521 607 559 651 zu
581 589 711 669 dulden,
734 590 804 651 dass
831 604 975 667 processe
996 589 1093 651 briefe
1116 590 1191 651 oder
1212 593 1344 665 sonstige
1364 605 1410 664 ge-

408 688 467 748 gen
495 672 549 733 ibn
576 672 744 748 gerichtete
766 674 977 746 iusserungcn
999 670 1160 733 desselben
1182 674 1213 734 in
1234 673 1315 734 ihrer
1335 671 1411 732 stadt

408 753 483 816 oder
504 755 535 815 ln
557 755 654 815 ihrem
675 753 776 830 gebiet
797 753 932 816 bekannt
948 753 1089 830 gemacht
1108 754 1246 817 werden.'
1265 756 1411 832 Cremona,

411 839 491 898 1329
514 841 572 898 oct.
594 838 644 898 27.

358 980 551 1050 Ludovicus
582 980 636 1050 dei
668 981 781 1067 gracia
804 977 1026 1048 Romanorum
1051 980 1249 1070 imperator,
1289 995 1412 1066 semper

287 1087 462 1168 augustus.
488 1079 709 1148 Prudentibus
725 1080 805 1146 viris
819 1081 1015 1165 ..magistro
1030 1079 1160 1169 civium,
1178 1080 1329 1168 sculteto,
1339 1094 1412 1146 soa-

286 1181 384 1270 binis,
414 1179 609 1248 oonsulibus
637 1179 825 1264 ceterisque
853 1179 981 1246 civibus
1010 1179 1174 1246 universis
1198 1176 1411 1267 Spirensibus,

287 1281 415 1348 suiset
439 1279 567 1367 imperii
595 1276 749 1345 fidelibus
777 1276 926 1370 dilectis,
961 1278 1108 1365 graciam
1143 1295 1238 1345 suam
1265 1284 1299 1346 et
1324 1292 1412 1344 omne

286 1378 420 1446 bonum.

358 1475 409 1544 De
428 1477 563 1544 summis
586 1475 733 1544 celorum
755 1474 797 1543 ad
817 1492 894 1564 yma
917 1473 1030 1541 mundi
1057 1474 1271 1544 descendens
1295 1475 1412 1560 unige-

284 1575 373 1644 nitus
390 1573 455 1643 Dei
480 1574 580 1665 hlius,
607 1581 644 1642 ut
669 1575 835 1643 hominem
860 1573 901 1641 de
923 1572 1045 1660 laqueo
1070 1577 1239 1644 servitutis
1268 1575 1412 1662 eriperet,

283 1676 318 1742 in
345 1692 442 1762 quem
476 1674 586 1763 ipsum
618 1676 803 1762 impegerat
837 1675 1016 1759 suggestio
1052 1677 1262 1764 serpentina,
1295 1677 1414 1742 vestem

283 1779 399 1841 nostre
418 1773 626 1841 mortalitatis
643 1772 759 1862 induit,
780 1772 898 1841 volens
915 1772 1039 1859 proprii
1059 1775 1255 1862 aspersione
1279 1772 1414 1858 sangui·
1523 1775 1524 1800 ¹

284 1873 336 1940 nis
353 1870 510 1940 incendia
527 1873 678 1960 perpetui
699 1873 866 1938 cruciatus
894 1871 1101 1962 extinguere,
1130 1891 1170 1940 ao
1197 1890 1282 1940 suos
1308 1879 1415 1939 eterna

284 1976 390 2038 morte
418 1987 602 2058 oppressos
626 1971 693 2038 vite
713 1969 894 2059 perhennis
917 1967 1049 2036 elicere
1075 1988 1309 2059 possessores.
1354 1969 1414 2036 Sue

283 2069 562 2158 peregrinationis
582 2087 683 2136 cursu
704 2068 839 2158 expleto
866 2066 1000 2157 salubri,
1028 2086 1102 2158 cum
1128 2070 1362 2158 regrederetur
1377 2065 1415 2134 ad

283 2169 423 2256 patriam
458 2169 528 2234 suis
564 2167 735 2256 discipulis
769 2185 886 2258 paoem
919 2159 1048 2258 inter¹,
1076 2175 1110 2236 et
1135 2169 1323 2238 habendam
1348 2185 1415 2235 oum
1523 2211 1524 2246 1

283 2268 442 2356 proximis
457 2272 655 2335 testamento
672 2267 812 2357 reliquit,
841 2266 975 2334 dicens:
997 2285 1120 2351 pacem
1135 2287 1242 2336 mom
1261 2270 1305 2336 do
1323 2265 1415 2348 ocho,

279 2383 402 2452 pacem
425 2383 532 2433 meam
555 2367 703 2451 relinquo
729 2365 829 2433 vobis.
871 2365 938 2432 Suc
964 2367 1098 2454 pietatis
1126 2368 1280 2456 exemplo
1303 2373 1415 2436 oslen-

285 2464 381 2555 dens,
410 2467 498 2533 omni
522 2465 665 2532 humane
685 2471 835 2534 creature
854 2481 970 2554 paoem
993 2471 1158 2553 tamquam
1184 2465 1309 2535 bonurn
1331 2465 1415 2554 opti·
1523 2501 1524 2504 π

284 2583 371 2632 mum
392 2569 426 2632 et
445 2563 667 2632 desiderabile
687 2566 817 2632 cunetis
837 2559 996 2650 gentibus
1015 2564 1290 2653 amplectendam.
1335 2565 1416 2634 Sane

283 2664 369 2732 inter
384 2669 497 2730 cetera
519 2662 755 2731 desiderabilia
773 2662 884 2731 oordis
902 2664 1008 2730 nostri
1027 2662 1210 2748 Salvatoris
1233 2683 1251 2732 e
1276 2664 1414 2748 vestigio
1523 2707 1524 2712 ,

285 2763 423 2850 eiusque
459 2762 553 2830 ouiors
587 2762 676 2830 bella
706 2764 854 2848 gerimus
872 2759 1043 2848 'suffragio
1070 2765 1216 2854 incitati,
1242 2781 1361 2853 paoem
1387 2765 1416 2828 et
1523 2819 1524 2846 ,

283 2861 553 2948 tranquillitatem
575 2862 704 2928 cunctis
726 2859 846 2927 Christi
863 2859 1018 2928 fidelibus
1038 2860 1243 2954 allectamom,
1272 2862 1316 2931 oh
1333 2857 1417 2950 quod

285 2958 404 3028 sedula
436 2959 613 3044 vigilamus
649 2960 811 3049 solercia,
849 2964 882 3027 et
909 2958 1000 3045 qnod
1033 2977 1214 3048 possumus
1247 2959 1416 3047 diligentie

286 3056 431 3126 studium
463 3056 677 3148 adhibemus,
713 3063 750 3126 ut
786 3059 920 3146 possint
952 3057 1163 3128 laudabiliter
1198 3063 1258 3129 toti
1285 3057 1415 3145 mundo,
1523 3077 1524 3148 j

285 3156 424 3226 sublatis
457 3157 700 3245 impedimentis
735 3157 958 3249 quibuslibet,
996 3159 1088 3226 iuxta
1122 3158 1280 3228 desiderii
1315 3155 1417 3227 nostri
1523 3153 1524 3200 ἰ

284 3254 524 3345 plenitudinem
542 3274 609 3344 pan
630 3262 663 3324 et
680 3257 899 3344 tranquillitas
918 3262 1053 3325 anctore
1068 3257 1212 3327 Domino
1234 3259 1418 3348 provenire.

284 3353 358 3422 Heo
392 3373 581 3442 quanquam
607 3358 809 3424 continuatis
844 3354 1022 3424 desideriis
1054 3356 1249 3448 allactatim,
1277 3357 1417 3426 brachiis
1523 3355 1524 3420 3

283 3453 476 3542 petentibus
511 3453 741 3523 desideremus
776 3456 975 3543 amplexari,
1010 3455 1134 3525 sedens
1161 3463 1271 3525 tamen
1297 3460 1334 3524 in
1359 3472 1418 3522 oa·

284 3551 401 3620 thcdra
426 3555 577 3640 perversi
603 3553 769 3640 dogmatis
795 3554 980 3642 phariseus,
1007 3560 1129 3624 unctus
1153 3557 1229 3624 oleo
1252 3554 1416 3644 nequicie,

284 3669 344 3739 pro
379 3652 594 3739 participibus
629 3654 710 3743 suis,
736 3652 877 3720 Iacobus
903 3651 1060 3721 videlieet
1086 3653 1128 3722 de
1157 3654 1337 3743 Cathurco,
1365 3650 1417 3738 qul

285 3767 323 3817 sc
349 3769 469 3839 papam
495 3751 677 3819 Iohannem
703 3753 798 3819 rnriim
824 3752 961 3836 indigne
988 3753 1154 3844 intytulat,
1183 3752 1272 3840 quod
1300 3752 1343 3821 de
1360 3768 1418 3818 oe·
1523 3787 1524 3790 π

283 3849 380 3916 lestis
398 3849 525 3918 ordinis
547 3851 747 3918 emulatione
766 3849 943 3918 descendit
958 3868 1121 3920 evacuare
1138 3853 1260 3941 nititur,
1279 3849 1418 3920 credens
1523 3899 1524 3926 ,

194 3961 201 3972 ·
284 3967 356 4016 oum
384 3949 609 4038 superioribus
637 3950 827 4039 convenire,
855 3951 910 4037 qui
933 3957 1051 4019 natura
1074 3969 1143 4020 non
1163 3952 1338 4020 voluntate
1355 3949 1420 4017 du-

283 4052 411 4138 cuntur,
436 4052 551 4117 nostre
571 4049 756 4117 maiestatis
777 4049 871 4118 iubar
886 4050 1030 4119 intendit
1046 4052 1174 4119 mittere
1191 4053 1225 4118 in
1241 4049 1416 4138 eclypsin,

318 4238 347 4303 l)
367 4251 395 4292 se
413 4239 515 4294 sohoint
531 4255 563 4293 zu
580 4238 676 4297 ieblen.
