3044 4882
241 163 314 235 304
563 188 712 236 nonnanes
733 188 954 235 vroronrunsrs.
991 183 1015 251 a,
1033 183 1057 236 d,

314 319 494 400 Ad'hanc1
518 345 665 396 summus
681 325 832 414 pontifex
853 326 972 395 direxit
992 323 1208 413 cardinalem,
1225 323 1283 410 qui
1299 339 1389 411 pre-

239 429 319 500 latis
344 429 439 514 ragni
466 426 640 496 concilium
666 425 824 512 Lugduni
850 422 1085 494 celebrandum
1107 423 1244 512 nuntiat,
1268 439 1389 508 ragom

240 533 400 618 exparte
425 544 512 615 pape
539 531 573 594 et
599 525 815 594 cardinalium
841 525 974 613 salutat,
1003 528 1036 591 et
1063 521 1105 591 ad
1132 521 1259 609 imperii
1281 539 1390 590 coro-

240 647 317 697 nam
342 627 470 696 invitat.
513 623 584 694 Rex
611 623 653 692 ad
681 623 882 712 colloquium
916 639 1003 713 pape
1031 639 1069 690 sc
1096 627 1269 689 venturum
1299 637 1388 708 pro-

239 729 385 817 mittenS,
413 744 486 794 cum
512 725 691 810 gratiarum
716 725 848 792 actione
875 722 1042 790 dimittens
1064 719 1265 788 cardinalem
1282 739 1386 807 mag-

241 826 339 896 nifice
366 825 574 893 honoratum.
607 821 669 892 Hic
695 823 773 909 quia
798 822 936 911 predicti
962 821 1130 910 principes
1158 817 1388 910 nominarant,

242 926 357 993 tertius
386 925 433 993 eis
461 922 533 990 dies
561 920 604 990 ad
631 923 754 990 curiam
781 922 908 990 tertiam
941 917 1094 988 indicitur
1131 918 1165 986 in
1196 911 1389 1004 Augustam

242 1022 449 1092 Vindelicum
475 1019 636 1090 Rhatiam.

161 1149 227 1202 1275
317 1118 369 1189 Ad
407 1138 505 1208 quam
543 1116 721 1188 Ottakarns
765 1120 860 1188 mittit
901 1120 1097 1209 episcopum
1137 1115 1388 1188 Wcruhardum

166 1234 218 1274 an
244 1220 498 1309 Sekoviensem,
524 1217 699 1288 Hainricus
727 1217 795 1286 dux
820 1217 1010 1286 Heinricum
1037 1219 1244 1308 prepositum
1268 1213 1387 1284 Ottin-

244 1338 395 1406 gausem,
421 1319 513 1386 viros
539 1318 665 1405 peritos
692 1320 726 1387 in
752 1319 822 1384 iura
850 1318 1013 1386 canonico
1042 1323 1076 1384 ct
1097 1317 1195 1386 civili.
1232 1315 1387 1400 Surgcns

243 1416 473 1486 Wcrnhardns
499 1417 533 1483 in
559 1415 668 1484 madio
695 1433 879 1507 procerum,
908 1415 1105 1484 electionem
1122 1414 1251 1484 Rndolii
1273 1413 1388 1484 multis

241 1517 418 1586 vorborum
445 1514 592 1605 phaleris
618 1517 713 1583 nisus
740 1521 793 1584 est
818 1521 977 1604 mantum
1001 1516 1281 1604 poteratviciarc,
1298 1531 1387 1602 pro-

241 1616 328 1685 bans
356 1635 428 1685 eum
458 1615 809 1683 excommunicationis
836 1614 989 1703 vinculo,
1027 1632 1069 1683 eo
1104 1613 1195 1702 quod
1221 1611 1386 1701 quasdam

245 1715 407 1785 ecclesias
435 1714 647 1804 spoliaverat,
673 1715 848 1802 irretitum,
882 1720 916 1782 et
946 1722 1083 1802 propter
1115 1713 1179 1781 hoc
1204 1710 1385 1781 inhabilem

244 1815 288 1883 ad
314 1815 379 1884 hoc
405 1814 546 1882 culmen.
583 1811 655 1882 Rex
680 1818 789 1880 autem
815 1813 997 1880 litteratura
1015 1813 1162 1900 expertis
1179 1809 1385 1900 principibus

243 1915 374 2004 asserit,
401 1911 591 1981 huiusmodi
615 1913 650 1978 in
676 1911 865 1998 collegiatis
890 1911 1108 2002 consistoriis,
1137 1911 1263 2001 dicens,
1288 1910 1386 1990 litter

242 2013 356 2080 raliter
390 2012 522 2100 potius,
558 2028 657 2096 qnam
693 2029 803 2080 coram
831 2010 1038 2078 secularibus
1064 2010 1267 2100 principibus
1293 2027 1384 2077 con-

182 2113 188 2122 “
243 2108 428 2200 tractanda,
457 2115 489 2177 ct
514 2109 690 2198 principes,
719 2111 747 2176 si
774 2110 1007 2198 intelligerent,
1028 2111 1100 2177 sine
1119 2109 1249 2179 cilensa
1269 2108 1385 2177 nulla-

242 2216 341 2280 tcnus
367 2207 618 2298 pertransirent.
662 2205 725 2287 Qui
750 2209 806 2276 vix
833 2207 970 2276 obtento
999 2210 1188 2277 securitatis
1216 2207 1386 2282 conductu

243 2309 387 2378 inaniter
413 2307 456 2376 ad
483 2323 565 2375 suos
592 2303 745 2375 dominos
773 2313 851 2374 sunt
876 2298 1032 2376 reversi².
1075 2305 1255 2376 Ottakarus
1275 2313 1386 2374 autem

245 2408 466 2498 atHainrr'cus
485 2406 554 2475 dux
580 2405 613 2474 in
642 2407 712 2474 suis
739 2404 877 2498 iuribus,
905 2405 1025 2475 officiis
1053 2412 1086 2475 ct
1111 2405 1221 2476 leodis
1249 2405 1289 2474 ab
1315 2405 1385 2474 im-

244 2509 338 2597 perio
374 2504 660 2596 dependentibus,
706 2507 871 2576 communi
912 2522 1056 2574 ommam
1096 2507 1264 2592 sententia
1306 2509 1387 2574 suat

245 2606 424 2696 dampnati.

318 2707 392 2776 Hoc
425 2722 514 2774 anno
550 2705 685 2773 moritur
719 2703 897 2790 Gregorius
930 2701 1135 2794 patriarcha,
1169 2710 1203 2771 ct
1234 2700 1387 2772 succedit

243 2795 482 2894 Raymundus³
526 2801 601 2872 Hoc
644 2806 792 2891 tompore
834 2800 1037 2872 Ludawicus
1080 2801 1249 2871 Palatinus
1284 2819 1386 2870 unam

244 2905 344 2974 liliam
378 2904 468 2989 regis
503 2903 537 2968 in
570 2901 728 2987 coniugio
762 2901 913 2991 sortitur,
951 2919 1015 2990 quc
1054 2903 1173 2988 genuit
1206 2899 1386 2986 Rudolium

244 3003 426 3071 Palatinum
454 3007 488 3068 et
512 2999 739 3068 Ludcwioum.
778 2998 841 3067 Hic
867 2999 999 3087 quidem
1024 3001 1117 3090 prius
1145 2999 1259 3068 habuit
1284 2999 1385 3068 filiam

245 3100 339 3169 ducas
365 3100 553 3190 Brabantic,
582 3117 679 3187 qnam
705 3100 900 3166 innocenter
925 3098 1057 3188 occidit,
1075 3101 1299 3188 suspicionem
1317 3099 1397 3168 ha-.

243 3201 329 3269 bans
356 3198 398 3268 dc
425 3198 570 3286 quodam
596 3197 697 3267 milite
725 3215 797 3265 cnm
824 3195 951 3265 eadam.
992 3196 1064 3278 Qua
1080 3204 1201 3287 postca
1227 3198 1291 3266 sibi
1317 3217 1384 3288 ap-

244 3317 379 3389 parens,
407 3316 505 3366 manu
532 3303 666 3368 extenta
683 3296 724 3365 ad
746 3297 858 3364 altaris
886 3305 1139 3388 sacramentum,
1166 3316 1261 3366 suam
1279 3299 1384 3366 inno-

246 3399 388 3466 contiam
407 3397 597 3466 testabatur.
639 3395 716 3484 Ipsa
735 3395 997 3466 contremiscens
1016 3394 1132 3464 dicitur
1148 3397 1223 3484 ipsa
1238 3397 1384 3485 visione,

246 3495 324 3566 dum
359 3502 452 3566 asset
485 3494 594 3564 adhuc
627 3495 776 3585 iuvenis,
819 3495 917 3564 unius
955 3492 1037 3564 hora
1071 3496 1180 3585 spatio
1216 3497 1384 3588 cannissa,

281 3665 311 3730 i)
330 3665 424 3720 Diesar
455 3664 544 3733 holtag
570 3666 668 3720 incaute
691 3665 726 3718 im
747 3655 799 3718 'ieb.
823 3668 884 3720 stati
906 3661 1036 3786 {elmadan
1058 3661 1151 3732 haben,
1176 3659 1245 3718 doch
1262 3663 1298 3738 ist
1315 3661 1386 3716 uoclr

245 3733 323 3788 laiac
341 3734 386 3790 ani
409 3733 561 3788 demselbea
588 3734 756 3802 ausgostelite
773 3733 891 3788 oriundo
927 3732 1025 3786 ekauut
1042 3733 1192 3798 gewordan.
1245 3730 1277 3796 2)
1304 3732 1385 3786 Diesa

244 3801 301 3856 hier
319 3801 396 3855 durch
414 3805 613 3871 rarstciiuugeu
638 3803 685 3856 der
703 3803 801 3855 wcrter
823 3801 875 3855 aad
895 3801 1007 3854 anderes
1025 3797 1189 3854 verdorbcnc
1207 3799 1285 3854 stelle
1303 3800 1386 3856 laniet

243 3870 312 3924 beim
333 3871 503 3925 continuator
526 3871 628 3924 Martini
652 3869 744 3923 Potoni
770 3869 914 3923 dcatiirher
936 3883 980 3922 so:
1003 3869 1059 3922 Rex
1077 3873 1162 3923 autem
1185 3866 1299 3934 benigne
1323 3881 1385 3921 ras-

243 3940 349 4007 poudit:
369 3940 438 4006 quod
457 3939 506 3994 ircc
523 3954 609 3994 coram
628 3940 738 3993 literatis
756 3940 827 4007 viris,
845 3953 898 3992 non
917 3951 1003 3992 coram
1014 3935 1174 4006 principibus
1188 3939 1230 4006 qui
1248 3935 1386 3992 literature

244 4008 285 4062 vol
309 4009 373 4060 iuris
397 4011 517 4061 notitiam
544 4023 597 4061 uon
622 4005 766 4071 trabebant,
794 4014 867 4060 arant
890 4005 1043 4060 iudicialiter
1074 4005 1267 4076 pertractanda.
1307 4003 1385 4058 Unda

243 4074 470 4129 arnbassiatoribus
493 4076 591 4130 indicto
615 4075 734 4139 silentio,
759 4077 805 4128 vix
829 4075 935 4132 obtento
960 4079 1009 4128 etc.
1062 4075 1094 4136 3)
1113 4073 1164 4126 Dar
1184 4072 1313 4142 patriarch
1330 4088 1387 4127 voa

182 4201 186 4208 ,
243 4142 512 4268 Αεῑαέίῦᾶοεοὶἐῖἓτ
529 4159 571 4198 am
587 4143 687 4266 dtsapt.
705 4142 774 4199 1269
798 4143 950 4212 gastorltaa,
975 4142 1106 4210 Rayruand
1123 4143 1215 4196 wurde'
1230 4156 1292 4198 vom
1308 4142 1389 4211 pausa

243 4225 284 4265 am
372 4224 408 4264 cc.
512 4226 629 4268 emaum.
901 4220 903 4224 '
