3096 4882
270 196 342 268 2n8
632 225 699 271 3333
722 225 829 272 ramora
852 225 960 280 333333
980 224 1041 270 mr.

163 365 165 368 ’
189 377 256 432 3333
271 367 352 434 bant
376 381 489 451 regem
515 369 614 454 prout
639 363 796 455 decebat,
830 365 906 452 quia
932 381 1072 452 regnum
1097 365 1184 432 inter
1210 380 1247 432 33
1274 360 1397 430 divise*

271 472 354 535 rant.
404 465 445 533 Et
472 465 520 532 sio
545 465 712 532 tenuimus
740 465 983 551 capitaneatum
1011 465 1106 550 regni
1133 461 1333 532 meliorando
1359 460 1397 530 dc

273 565 327 634 die
344 566 379 632 in
394 563 481 631 diem
500 581 560 652 per
576 562 663 631 duos
681 579 799 630 annos.
834 563 997 650 Tempore
1013 563 1071 631 illo
1082 560 1275 631 tradidimus
1291 561 1397 629 iunio-

273 683 341 732 rem
368 679 517 731 sororem
543 668 690 732 nostram
716 663 849 730 nomine
875 658 1005 729 Annam
1033 659 1147 731 Ottoni
1173 660 1249 730 duci
1273 657 1398 730 dustria

273 764 307 832 in
332 777 481 830 uxorem.

191 879 257 933 1335
347 861 420 929 Et
411 879 446 927 m
467 859 533 928 illis
554 857 671 928 diebus
685 865 838 929 3333333
858 865 910 927 333
926 859 992 928 dux
1008 859 1188 948 1133331333,
1217 877 1315 927 33333
1335 856 1400 925 333-

136 993 137 996 *
194 963 253 1070 *¹3³
274 963 332 1029 tris
358 959 475 1027 nostri.
516 959 558 1027 Et
584 976 657 1026 333
683 957 783 1027 333333
809 966 924 1027 333333
950 959 1126 1027 debuisset
1147 961 1299 1047 accipere
1320 973 1401 1046 pos-

217 1015 461 1128 2sessionem
481 1056 622 1126 ducatus
644 1058 812 1125 Karintbie
831 1065 864 1126 et
882 1061 1057 1127 comitatus
1073 1058 1203 1146 Tyrolis
1219 1061 1297 1144 post
1316 1074 1402 1124 mor-

274 1165 339 1228 tem
365 1158 489 1245 ipsias:
524 1161 603 1224 tunc
629 1155 755 1225 fecerat
788 1155 918 1225 3333133
943 1158 1046 1244 ligem
1071 1156 1261 1224 Ludovicus
1288 1157 1402 1244 quise

274 1256 415 1344 gerebat
440 1273 500 1343 pro
527 1257 725 1342 imperatore
753 1274 826 1324 cum
854 1254 994 1326 ducibus
1019 1253 1164 1346 Auseae,
1190 1251 1329 1322 Alberto
1356 1255 1404 1320 vi·

275 1355 398 1424 delicet
424 1361 458 1423 33
483 1350 624 1445 033333,
655 1354 698 1423 ad
725 1354 936 1423 dividendum
964 1355 1144 1424 dominium
1170 1353 1277 1422 iratris
1305 1352 1405 1421 nostri

276 1453 407 1523 occulte
435 1459 467 1522 33
494 1453 598 1544 33133,
630 1455 751 1522 volens
785 1453 873 1522 idem
897 1454 1088 1523 Ludovicus
1114 1454 1239 1522 babere
1266 1453 1404 1521 comita-

276 1560 343 1623 333
359 1554 503 1644 Tyrolis,
530 1552 635 1622 duces
660 1572 742 1622 vero
768 1552 923 1622 ducatum
946 1554 1132 1640 Karintbie3
1160 1554 1322 1620 inmemor
1336 1550 1406 1618 Lu-

276 1653 415 1723 doricus
443 1659 476 1722 33
500 1654 651 1738 ingratus
678 1653 891 1721 3333333333
907 1655 1015 1740 patris
1033 1655 1140 1721 nostri
1166 1669 1231 1739 que
1258 1651 1409 1718 3313333-

275 1751 426 1822 hibuerat
450 1753 485 1818 in
511 1750 696 1839 adepoione
723 1753 868 1839 imperii,
902 1757 1000 1839 prout
1036 1770 1136 1840 supra
1162 1756 1215 1818 est
1241 1752 1407 1838 scriptum.

274 1851 352 1919 Dux
376 1869 457 1918 vero
483 1847 637 1938 Austris,
663 1850 744 1918 licet
770 1866 919 1919 sororem
944 1858 1092 1920 nostram
1118 1849 1271 1940 haberet,
1302 1851 1408 1917 333133

275 1954 355 2039 post
381 1948 505 2017 obitam
531 1948 624 2016 ducis
655 1949 826 2017 Karintbie
857 1948 997 2037 predicti
1029 1969 1089 2038 per
1123 1950 1408 2036 conspiracionem

276 2048 421 2117 habitam
449 2054 580 2117 3333333
609 2067 682 2116 333
709 2049 842 2118 dommo
868 2048 910 2116 de
927 2045 1104 2139 Auisteyn,
1133 2050 1287 2137 quierat
1315 2048 1409 2136 capi-

278 2153 397 2214 taneus
424 2152 583 2235 exparte
610 2145 706 2214 ducis
733 2149 841 2216 tocius
868 2147 1047 2240 3333331333,
1077 2151 1186 2216 333333
1211 2163 1285 2214 333
1313 2145 1409 2214 333333

279 2245 769 2338 3331333333333Κ3333313333,
787 2265 883 2335 quam
897 2247 984 2315 idem
1003 2247 1044 2316 de
1058 2245 1224 2332 Arristeyn
1243 2247 1293 2313 eis
1311 2245 1411 2313 iibere

280 2343 414 2413 tradidit
439 2363 477 2413 ac
503 2346 757 2433 possessionem
783 2345 891 2415 eidem
911 2345 1011 2414 dedit.
1055 2347 1096 2414 Et
1111 2349 1159 2414 sio
1179 2344 1281 2412 333333
1300 2350 1412 2412 333333

279 2443 424 2533 perdidit
438 2443 592 2540 ducatum
609 2444 789 2513 Karintbie.
816 2445 864 2512 1113
882 2463 963 2513 vero
974 2444 1183 2514 decomitatu
1197 2442 1332 2531 Tyroiis
1347 2460 1411 2512 no-

279 2544 412 2612 luerant
432 2561 469 2612 se
486 2543 630 2612 subdere
646 2543 830 2634 Ludovico‚
850 2543 911 2612 sed
926 2552 1179 2633 permanserunt
1196 2545 1230 2610 in
1244 2541 1411 2612 obedien-

281 2645 334 2712 cia
358 2642 466 2710 irstris
493 2645 610 2712 nostri.

354 2742 424 2810 11133
440 2745 584 2830 peractis
600 2744 693 2810 venit
711 2747 938 2831 paternoster
959 2745 992 2810 in
1014 2743 1192 2832 Bocmiam,
1221 2746 1254 2808 et
1273 2739 1414 2809 adduxit
1518 2783 1519 2814 t

280 2846 358 2930 post
392 2859 429 2908 se
463 2857 600 2908 333333
635 2858 727 2908 3333
762 2860 860 2929 quam
892 2847 1065 2929 receperat
1100 2842 1161 2917 sibi
1194 2843 1227 2907 in
1262 2841 1414 2926 reginam

281 2938 414 3007 nomine
446 2939 649 3029 Beatricem,
688 2940 785 3008 filiam
813 2939 907 3008 ducis
935 2940 976 3008 de
1003 2941 1182 3028 Β33313333,
1217 2938 1259 3006 de
1286 2955 1414 3024 genere

281 3055 398 3124 regum
424 3038 573 3128 Francia,
600 3056 672 3106 333
699 3058 765 3126 qua
783 3046 904 3127 postea
926 3041 1043 3126 genuit
1059 3041 1203 3107 333333-
1219 3038 1322 3105 filium
1349 3055 1416 3105 333-

282 3139 368 3204 3333
393 3136 639 3206 Wenocslaum.
687 3139 875 3206 33333313
902 3138 1029 3206 3333133
1051 3138 1230 3206 consiliarii
1255 3137 1415 3205 invalue-

282 3242 492 3305 3333333333
510 3255 572 3306 nos
592 3243 671 3326 aput
689 3243 815 3325 patrem
828 3245 987 3326 nostrum,
1006 3239 1131 3306 lucrum
1144 3238 1316 3325 proprium
1335 3237 1431 3324 3333-Ι

283 3334 471 3426 tendentes,
499 3342 564 3404 tam
590 3337 704 3404 Boemi
731 3355 829 3423 quam
856 3336 897 3404 de
921 3334 1416 3424 comitatuLuozemburgcnsi,

179 3525 180 3528 Ἴ
284 3442 317 3504 33
335 3435 536 3504 accedentes
555 3442 680 3525 patrem
706 3440 856 3504 nostrum
883 3437 945 3504 sibi
972 3440 1220 3522 suggesserunt
1245 3434 1418 3502 dieentes:

170 3550 172 3555 ·
282 3533 421 3603 Domine
436 3536 641 3622 provideatis
659 3534 758 3619 33333,
781 3535 869 3616 filices
892 3540 997 3602 cester
1021 3533 1120 3602 133333
1137 3537 1171 3601 in
1190 3551 1292 3619 33333
1314 3533 1420 3601 marito

283 3639 360 3702 3333
357 3653 400 3701 rc
425 3638 458 3702 3
488 3652 643 3722 mapsam
666 3635 834 3720 sequelam
863 3653 906 3702 33
929 3637 1026 3720 porte
1051 3638 1123 3701 3333
1109 3635 1172 3714 333,
1195 3633 1280 3700 ende
1308 3635 1339 3700 si
1364 3633 1419 3699 333

282 3735 331 3800 333
356 3733 557 3850 3333333333,
583 3732 725 3818 expellet
752 3750 811 3801 333
844 3735 977 3819 quando
1010 3732 1161 3816 33133333,
1186 3749 1264 3799 333
1290 3734 1359 3799 33
1346 3749 1419 3817 epse
1518 3799 1519 3802 ,

284 3831 379 3900 iteres
405 3833 498 3919 repra
524 3836 557 3899 e
581 3834 620 3900 de
646 3836 747 3920 stirpe
771 3851 884 3919 repone
908 3833 1040 3900 Boemie
1065 3836 1166 3917 este
1148 3830 1341 3898 33331333
1367 3831 1420 3898 di-

284 3932 395 4018 iipiinr
419 3950 443 3998 3
467 3932 608 4016 1333333,
634 3949 693 4000 333
718 3937 824 3999 eciem
850 3951 885 4000 33
887 3934 928 3999 333
887 3933 1091 3999 iadoenc
1130 3931 1203 3999 Hoc
1228 3936 1342 3999 autem
1363 3928 1419 3998 di-

285 4030 406 4098 cebant
438 4038 618 4119 querentes
651 4031 775 4099 lucrum
805 4038 837 4098 et
862 4032 972 4099 locum
1007 4049 1121 4121 3333,
1148 4036 1184 4098 33
1208 4032 1289 4119 ipsis
1321 4047 1419 4099 com-

285 4131 429 4198 mitteret
461 4136 569 4200 castra
603 4137 636 4199 et
666 4131 755 4198 bona
782 4129 938 4219 predicta.
983 4131 1060 4219 Ipse
1094 4134 1201 4197 33333
1229 4130 1262 4195 33
1288 4133 1421 4197 333333

286 4232 433 4299 assensit
466 4231 615 4300 consiliis
651 4247 782 4322 33333,
815 4230 905 4327 quod
941 4229 982 4298 de
1022 4228 1119 4298 rrobis
1155 4226 1331 4298 diffidebat
1341 4283 1351 4320 ‚
1388 4233 1420 4295 et
