3044 4882
416 219 557 267 renarras
576 219 783 269 moronrrusrs.
824 219 847 288 t,
866 219 891 272 a.
1176 184 1247 258 285

204 355 392 450 »Quisquis
417 358 520 428 habet
543 377 695 429 nummos
722 377 839 431 secura
865 360 1003 446 naviget
1027 375 1120 447 auro,

257 457 503 546 Fortunamque
529 475 591 527 suo
610 463 773 548 temperet
797 461 946 550 imperio.

203 556 309 626 Multa
333 558 471 647 loquor5
500 556 668 645 quodvis
695 563 837 628 nummis
862 559 1076 648 presentibus
1105 563 1205 650 opta,-

263 657 303 725 Et
327 658 450 747 veniet,
479 657 628 725 clausum
654 659 808 745 possidet
832 659 934 727 archa
949 659 1080 726 lovem.

114 755 151 823 lit
174 757 222 824 sic
259 753 438 824 Ottalrams
474 755 686 844 apprehensa
721 755 855 826 Austria
889 761 1020 826 nemine
1048 757 1245 844 obsistente,

115 855 192 942 patri
218 872 400 924 successus
428 871 509 924 suos
537 853 580 922 acl
608 861 720 924 votum
746 873 928 946 prosperos
956 857 1131 924 nuntiavit.
1223 881 1226 888 ·

180 953 253 1023 Hoc
279 972 367 1023 anno
389 953 587 1022 Wilhelmus
614 973 673 1022 rex
695 955 832 1024 Frisiam
859 956 1026 1044 disposuit
1052 954 1245 1042 subiugare,

114 1058 243 1138 gentem
261 1071 358 1140 quam
379 1055 541 1121 maximus
558 1055 737 1141 imperator
753 1055 895 1124 Karolus
914 1054 1067 1122 libertate
1087 1059 1120 1121 et
1137 1052 1246 1139 gratia

116 1149 317 1240 baptismatis
344 1151 523 1220 decoravit.
557 1150 620 1232 Qui
643 1157 773 1239 egressi
800 1171 915 1241 regem
939 1153 1153 1242 interficiunt,
1179 1169 1246 1240 pa—

112 1251 199 1318 trium
215 1252 350 1319 liberam
368 1257 619 1340 conservantes,
638 1271 706 1320 rem
730 1271 823 1322 suam
842 1252 1018 1342 publicum,
1038 1251 1130 1321 nullo
1149 1251 1245 1339 prin·-

115 1350 183 1438 cipe
211 1357 325 1419 extero
352 1350 519 1442 admisso,
546 1367 654 1438 usque
689 1351 790 1422 hodie
817 1353 1055 1441 gubernantes.
1095 1349 1246 1419 Audiens

115 1447 174 1516 hec
208 1467 267 1519 rex
301 1449 500 1518 Clrunradus
533 1449 621 1517 letus
657 1449 813 1540 efficitur,
848 1453 1024 1538 statimque
1058 1451 1093 1517 in
1119 1448 1247 1516 Italiam

113 1548 355 1637 expeditionem
393 1547 436 1618 ad
469 1547 719 1636 suscipiendum
752 1567 890 1636 ragnum
927 1549 1039 1617 Sicilie
1067 1554 1101 1616 et
1125 1544 1246 1636 Apulia

110 1654 211 1738 parat,
240 1666 313 1717 cum
339 1649 373 1716 in
398 1645 597 1716 Alemannis
622 1649 686 1716 iam
714 1648 923 1718 obstaculum
949 1665 1018 1716 non
1044 1639 1212 1715 haberet¹.

180 1745 280 1816 Anno
306 1745 431 1817 domini
457 1746 605 1814 mcclii.
630 1747 800 1837 Philippus
828 1748 957 1816 electus
976 1745 1245 1835 salzpurgensis,
1263 1765 1329 1822 1252

113 1845 251 1916 audiens
285 1843 456 1914 Albertum
489 1845 641 1914 comitem
674 1847 803 1916 Gcricie
831 1845 873 1915 ad
898 1846 1074 1933 dampnum
1101 1843 1246 1913 ecclesie

117 1961 186 2014 eum
215 1945 321 2034 copiis
344 1944 534 2034 advenisse,
556 1947 730 2033 repentino
749 1948 780 2014 ei
798 1947 940 2015 occurrit
964 1947 1098 2034 impetu,
1126 1949 1159 2011 et
1185 1959 1248 2010 ce·-

112 2042 168 2112 leri
194 2045 441 2132 congressione
468 2041 555 2111 lacta
582 2045 735 2114 comitem
768 2047 967 2133 captivavit,
1002 2046 1078 2131 quia
1104 2047 1141 2109 nt
1168 2041 1248 2109 dicit

113 2140 296 2230 Vegetius:
321 2144 384 2235 „ln
407 2141 507 2211 rebus
531 2142 662 2210 bellicis
689 2145 842 2212 celeritas
867 2144 1005 2231 amplius
1027 2142 1115 2210 solet
1139 2140 1246 2230 prod-

110 2259 189 2312 esse
224 2261 322 2330 quam
355 2238 497 2311 virtus.“
538 2240 676 2330 Captum
703 2249 813 2310 autem
840 2241 881 2310 ad
909 2250 1051 2310 castrum
1077 2242 1247 2308 Frisuoum

113 2340 381 2410 conservandum
407 2339 578 2428 usquead
599 2345 729 2429 tempus
757 2343 897 2427 congrui
924 2341 1036 2428 placiti
1057 2339 1249 2407 destinauit.

114 2438 149 2506 ln
176 2440 244 2510 lroc
269 2441 373 2528 prelio
406 2439 508 2508 iertur
536 2439 705 2528 Philippus
714 2492 724 2530 ,
752 2458 795 2509 ne
828 2439 871 2507 ad
898 2457 992 2507 sacra
1020 2436 1246 2525 essetecum,

111 2539 309 2626 inquinasse
335 2555 453 2608 manus
480 2555 571 2608 suas.

183 2639 259 2706 lloc
294 2655 383 2706 anno
426 2638 558 2706 sublato
591 2635 633 2704 de
668 2635 779 2705 medio
813 2635 1015 2706 Berchtoldc
1049 2633 1246 2723 patriarche,

110 2737 313 2805 venerabilis
339 2743 434 2826 pater
461 2737 641 2823 Gregorius
667 2735 852 2824 patriarcha
873 2735 1012 2804 condem
1034 2733 1148 2801 sedem
1164 2749 1247 2800 sus-

110 2836 188 2924 cipit
214 2835 478 2923 gubernandum.

183 2932 285 3004 Anno
304 2934 427 3004 domini
439 2933 601 3003 m.ec.l.iii.
615 2933 831 3004 Innocentius
850 2940 988 3023 quartus
1006 2939 1119 3000 contra
1132 2929 1248 2998 Mein-

110 3031 240 3103 iredum
272 3040 308 3101 ut
341 3053 415 3102 eum
443 3039 592 3102 conterat
619 3049 693 3100 cunr
720 3036 868 3102 exercitu
895 3032 1014 3119 grandi
1040 3031 1141 3098 vadit.
1185 3028 1247 3110 Qui

79 3134 251 3202 'virffiter
283 3151 320 3202 sc
347 3132 534 3202 defendens
569 3150 688 3220 papam
725 3151 798 3202 curn
834 3133 905 3201 suis
938 3131 1046 3199 redire
1073 3128 1247 3218 Neapolim

110 3232 288 3322 compulit,
321 3232 434 3320 ibique
467 3238 545 3320 post
571 3247 679 3300 annos
704 3232 860 3300 undecim
887 3236 920 3298 et
946 3247 1008 3296 sex
1033 3245 1168 3296 menses
1196 3229 1247 3295 sui

109 3333 284 3418 regiminis
311 3338 364 3398 est
389 3330 575 3399 defunctus.
610 3329 672 3396 Hic
698 3331 909 3400 canonizavit
930 3333 1079 3396 sanctum
1095 3326 1247 3394 Edmun-

109 3429 187 3499 dum
216 3430 501 3520 archiepiscopum
522 3427 828 3519 Canthuariensem,
855 3429 985 3496 Petrum
1007 3433 1182 3512 martyrem
1205 3425 1248 3492 de

108 3530 227 3599 ordine
249 3529 506 3619 Predicatorum,
535 3528 737 3597 Steniulaum
763 3527 1027 3596 llrakoviensem
1055 3525 1249 3612 episcopum

107 3635 140 3696 et
172 3633 370 3719 martyrem,
407 3629 463 3716 qui
498 3627 675 3696 ecclesiam
708 3626 960 3715 triumphantem
996 3622 1175 3712 letificant,
1216 3626 1249 3689 et

106 3729 305 3798 militantem
330 3725 499 3814 suffragiis
525 3725 697 3796 beneficiis
725 3731 759 3794 et
783 3727 908 3794 meritis
927 3722 1085 3793 adiuvant
1111 3740 1150 3792 ac
1166 3721 1247 3788 illu-

106 3833 227 3898 strant.

141 3981 172 4044 1)
193 3981 231 4034 Es
248 3977 343 4034 bedari
355 3980 432 4034 lmurn
450 3979 682 4046 tercenarium,
702 3977 762 4032 uass
775 3976 831 4031 hier
845 3975 898 4029 und
914 3979 948 4027 irn
957 3972 1098 4041 folgenden
1116 3970 1249 4024 melrreres

104 4049 167 4116 irrig
192 4051 236 4102 ist.
271 4048 391 4102 Willrelm
415 4048 505 4102 wurde
532 4065 573 4104 arn
599 4048 633 4101 28
656 4049 707 4100 ian.
735 4045 802 4098 1256
828 4043 995 4108 ersehlagen,
1021 4039 1126 4095 conrad
1143 4038 1178 4091 lV
1195 4053 1251 4092 war

104 4117 187 4171 sciron
214 4118 250 4170 im
274 4117 324 4170 (lec
355 4117 420 4172 1251
445 4117 514 4171 naclr
539 4117 631 4172 ltalien
655 4125 808 4182 gegangen,
826 4113 877 4164 und
895 4111 986 4164 ltelrte
1005 4107 1166 4188 nichtnmelrr
1183 4105 1251 4186 naclr

104 4184 286 4240 Deutschland
303 4185 405 4250 zuriiclr,
424 4186 541 4240 sondern
560 4183 629 4238 starlr
648 4197 688 4238 am
707 4183 740 4236 20
757 4183 807 4234 mai
826 4181 893 4232 last
911 4195 941 4232 zu
959 4177 1068 4231 Lavello
1085 4191 1112 4228 rn
1129 4175 1248 4244 npulren.

104 4253 242 4309 ltlnniretls
259 4254 331 4321 siege
349 4251 414 4308 uber
433 4254 480 4310 das
496 4252 640 4324 ptlrstlicle
658 4251 722 4306 heer
740 4249 868 4318 erictgten
885 4249 921 4301 irn
938 4247 994 4301 dec.
1016 4245 1082 4298 1251
1098 4259 1122 4297 u.
1141 4259 1161 4297 s.
1180 4259 1213 4298 vr.
