3044 4882
279 152 352 224 302
614 181 763 230 ronunnns
783 181 994 228 vrcnomansrs.
1031 181 1054 247 2,
1075 182 1096 234 l.

280 322 451 409 coenatur
476 321 518 390 de
541 339 592 390 ne
617 320 755 404 motum,
778 325 812 388 et
834 322 914 390 deus
939 321 1405 404 permutationum

278 421 447 492 eealturot
470 437 529 488 nro.
556 419 670 490 Presul
698 425 808 488 autem
826 420 1010 488 seeundum
1027 423 1226 508 sanguinem
1243 422 1312 489 eius
1329 437 1404 509 pro-

278 523 436 612 pinquus,
463 520 571 606 magis
598 526 708 590 tamen
735 521 765 586 ei
791 519 933 587 infestus
966 521 1130 589 incendiis
1158 527 1192 589 et
1216 522 1348 609 rapinis,
1372 537 1406 585 ae

279 623 372 690 cives
398 621 461 688 viri
487 618 649 688 loctunam
677 618 854 686 elierentes
882 619 1009 687 dixisse
1036 619 1155 687 lertur:
1182 619 1217 688 Si
1240 621 1281 687 de
1301 619 1407 686 ttrcm

277 737 339 788 suo
364 719 445 787 deus
474 720 677 804 omnpotens
702 735 739 784 se
763 721 925 802 nrooeret,
950 717 1113 804 liudolfus
1136 737 1247 788 eones
1266 720 1407 804 moinus

277 818 443 888 insideret.

352 917 395 985 Et
419 917 504 1000 iacta
529 915 629 1004 plena
656 914 833 984 eoncordia
858 934 917 1003 per
934 913 1040 984 Rheni
1066 916 1197 986 alveum
1222 916 1316 984 venit
1340 931 1406 982 oum

278 1018 421 1086 maximo
447 1014 592 1103 tripudio
618 1016 803 1103 principum
835 1015 945 1103 ipsum
972 1019 1219 1104 expectantium
1245 1021 1278 1083 ot
1305 1013 1405 1082 comi-

279 1120 429 1184 tantium.
463 1113 667 1201 Aquisgrani
693 1115 825 1182 civitate
847 1119 967 1207 autem,
995 1116 1085 1183 omni
1105 1123 1190 1183 torre
1208 1114 1333 1204 populo
1358 1113 1409 1180 io-

280 1214 464 1303 cundante,
501 1214 665 1281 stratoriis
701 1215 821 1302 tapetis
850 1214 970 1302 plateis
998 1220 1031 1282 et
1057 1213 1210 1283 domibus
1237 1213 1409 1298 decoratis,

281 1332 355 1384 oum
389 1315 505 1400 regina
540 1312 581 1380 de
609 1313 753 1402 palatio,
781 1319 913 1400 sceptro
939 1313 1175 1401 paludamento
1203 1320 1237 1382 ct
1260 1312 1352 1400 palla
1376 1326 1411 1377 ae

281 1413 352 1481 aliis
379 1413 535 1500 insigniis
563 1417 598 1479 et
622 1411 791 1498 rogalibus
818 1411 1006 1502 decoratus,
1033 1414 1066 1481 in
1090 1413 1206 1481 sedem
1222 1412 1335 1480 Karoli
1359 1408 1410 1477 lo·
1497 1469 1498 1472 ,

198 1519 264 1574 1273
282 1518 375 1580 catus
403 1517 589 1581 coronatur.
622 1511 664 1579 Et
690 1511 855 1599 expeditis
881 1512 926 1578 ibi
951 1512 1100 1600 plurimis
1122 1515 1234 1580 causis
1260 1512 1304 1580 de
1330 1527 1410 1577 oon·

203 1599 261 1710 0ξῖ
280 1613 438 1680 oessione
465 1610 648 1700 feodorum,
675 1611 892 1678 innovatione
907 1612 1168 1701 privilegiorum,
1195 1617 1228 1680 ct
1253 1611 1411 1698 sollemp-

280 1712 384 1780 nitate
409 1712 666 1780 iuramentorum
688 1727 749 1798 pro
772 1711 1029 1778 conservatione
1047 1713 1165 1778 iunium
1183 1713 1277 1796 regni
1300 1716 1335 1779 et
1351 1712 1411 1776 im-

279 1810 453 1899 perialium·
476 1815 684 1898 statutorum,
713 1807 883 1876 Coloniam
909 1809 1094 1896 ingreditur
1119 1807 1346 1898 Agrippinam.
1375 1809 1411 1876 Et

281 1909 413 1996 quidem
430 1908 558 1976 civibus
581 1908 626 1975 ibi
649 1926 738 1976 nova
759 1908 816 1974 lun
837 1909 913 1976 oriri
938 1910 1012 1976 vis—a
1034 1915 1097 1999 est,
1125 1909 1233 1978 honor
1258 1911 1411 1997 gaudium

278 2007 470 2096 tripudium,
498 2007 648 2075 rediviva
673 2006 816 2094 quadam
842 2010 1041 2076 retractione
1068 2008 1109 2077 de
1135 2009 1327 2080 Salomonis
1353 2027 1412 2078 oo-

280 2107 454 2174 ronatione
478 2112 512 2172 et
528 2107 684 2174 unctione
711 2124 784 2173 oum
811 2106 947 2196 gaudio,
974 2109 1060 2174 siout
1082 2107 1171 2198 olim,
1196 2110 1261 2177 hoo
1278 2112 1314 2178 in
1330 2118 1411 2178 tem-

279 2223 361 2294 pore
395 2204 566 2274 redeunte.
607 2202 670 2284 Qui
703 2204 779 2272 dum
814 2206 848 2270 in
880 2205 974 2293 Syon
1000 2215 1198 2297 ungeretur,
1227 2211 1414 2278 cecinerunt

279 2304 440 2396 buooina,
475 2310 510 2372 et
535 2302 616 2372 dixit
649 2304 756 2371 omnis
782 2305 946 2392 populus:
980 2306 1070 2372 Viout
1093 2324 1155 2374 ren
1181 2307 1363 2378 Salomon!
1384 2312 1415 2376 et

279 2405 429 2472 insonuit
455 2410 541 2472 terra
565 2421 585 2470 a
612 2402 757 2471 clamore
784 2421 910 2472 eorum.

353 2502 458 2571 Fuere
493 2503 551 2589 qui
584 2501 695 2570 dicere
730 2496 966 2571 videbantur¹:
1000 2503 1084 2570 Num
1108 2505 1243 2574 solvere
1267 2524 1332 2576 nos
1350 2525 1412 2594 po-

280 2601 355 2668 terit
377 2605 463 2672 iste?
494 2619 554 2670 sue
582 2601 688 2688 glorio
720 2601 927 2692 invidentes,
955 2603 1041 2671 sicut
1067 2603 1127 2672 luit
1153 2622 1211 2674 rex
1238 2603 1412 2675 Ottalsarus

278 2699 452 2792 Bohemie,
478 2701 655 2770 Heinrious
679 2701 748 2769 dux
763 2701 926 2791 Bawarie,
952 2702 1166 2776 Eberhardus
1193 2703 1236 2774 de
1263 2703 1414 2774 Wirton-

280 2799 366 2884 berg
398 2802 509 2887 gentis
543 2799 697 2870 Saevioe.
731 2799 907 2868 invideant
933 2801 1051 2890 igitur,
1078 2809 1112 2871 et
1137 2806 1295 2872 mirentur
1329 2804 1414 2895 quod

282 2899 417 2969 Samuel
442 2901 530 2966 inter
555 2899 640 2966 lilios
667 2899 734 2967 lsai
759 2917 827 2968 non
850 2902 965 2989 specio
991 2902 1221 2993 pulchriorem,
1247 2923 1316 2974 non
1343 2911 1414 2976 sta-

281 3003 353 3068 iura
379 2999 613 3086 proceriorem,
640 3015 709 3066 non
736 3015 875 3086 corpore
898 3000 1078 3092 fortiorem,
1106 3004 1166 3072 sed
1180 3003 1287 3072 David
1306 3022 1414 3092 regen

280 3099 376 3166 unxit
401 3098 554 3166 omnibus
581 3097 755 3186 iuniorem,
782 3098 868 3166 siout
894 3105 927 3167 et
953 3099 1071 3168 dicitur
1096 3102 1140 3172 de
1166 3103 1299 3172 Tiberio
1324 3104 1414 3172 Con-

284 3197 441 3266 stantino.
476 3195 636 3264 Scribitur
661 3195 752 3283 quod
780 3196 898 3267 throno
924 3199 1084 3288 imperiali
1110 3204 1241 3291 positus
1262 3221 1335 3270 oum
1353 3205 1415 3270 im-

282 3296 409 3363 mensis
425 3295 579 3364 laudibus
595 3297 631 3362 in
648 3296 743 3381 regni
769 3295 877 3382 gloria
903 3298 1119 3390 sublimatus,
1147 3301 1328 3371 adversarii
1346 3305 1413 3370 olus

284 3395 325 3484 ei,
353 3395 410 3482 qui
436 3411 530 3481 spem
552 3396 586 3461 in
604 3394 738 3462 domino
759 3413 853 3482 suom
879 3404 1048 3489 posuerat,
1076 3401 1177 3469 niolril
1204 3401 1337 3470 elicere
1354 3419 1415 3470 va-

282 3493 410 3584 lentes,
446 3511 569 3578 magno
597 3499 675 3562 sunt
699 3493 836 3581 pudoris
864 3495 1064 3566 confusione
1088 3502 1255 3590 cooperti,
1282 3508 1349 3569 tam
1374 3500 1415 3568 hii

284 3612 382 3681 quam
409 3592 465 3660 illi.
508 3591 693 3660 Tullianum
729 3593 811 3661 illud
843 3595 943 3662 nobis
976 3597 1090 3684 pulcre
1120 3599 1321 3668 exhibentes
1327 3653 1337 3690 ,
1364 3599 1418 3687 qui

284 3692 362 3761 dicit
398 3691 440 3760 de
472 3687 655 3758 Africano:
691 3691 882 3780 „industria
915 3696 1090 3788 virtutem,
1124 3701 1227 3766 virtus
1261 3698 1414 3786 gnaram,

283 3793 389 3877 glorta
416 3791 545 3859 emulos
573 3789 811 3878 comparavit.“

283 3967 398 4088 depptpp
415 3966 564 4022 verbessert
587 3965 638 4022 Pez
662 3966 703 4022 die
727 3965 892 4022 verdorlrene
910 3967 997 4024 stelle:
1024 3969 1109 4024 Fuere
1128 3985 1186 4024 cum
1203 3973 1247 4039 oui
1267 3973 1357 4026 dixero
1374 3972 1413 4022 ri-
