3096 4882
261 162 333 232 2t0
619 191 687 238 vrrn
707 191 815 238 uinum
836 191 945 247 purum
967 191 1027 237 rur.

175 342 243 398 1332
335 329 462 399 Eodem
481 333 628 419 tempore
645 331 771 418 incepti
792 328 926 398 luomnt
940 333 1099 400 tractatus
1115 330 1200 398 inter
1214 329 1398 400 Veronen-

261 447 319 500 ses
348 447 388 498 ao
413 431 498 497 iuter
522 431 675 499 inimicos
701 434 838 500 nostros
863 447 905 498 ax
930 436 1024 518 parte
1050 447 1127 519 una,
1155 434 1190 497 et
1213 429 1399 499 Mursilium

261 528 446 618 deRubeis,
462 527 630 597 Gibertum
645 527 686 596 de
699 528 850 618 Fuliano,
867 528 1075 597 Muulredum
1094 528 1136 596 de
1152 529 1219 597 Piis
1227 522 1250 618 1,
1268 528 1398 619 Parme,
1426 577 1428 581 .

260 627 356 715 Regii
383 634 417 696 et
448 626 576 696 Mutine
610 630 783 718 pociores,
819 629 875 715 qui
906 630 1004 716 quasi
1030 628 1274 715 gubernatores
1302 633 1402 697 erant

261 745 383 796 earum.
424 726 555 795 Deinde
582 728 686 794 eciam
713 733 876 794 venerunt
901 719 988 816 ipsi²
1015 745 1087 796 cum
1105 728 1234 816 pociori
1252 727 1399 796 consilio

260 826 506 896 veronensium
524 827 558 894 in
575 815 889 912 quadam'eoolesia
913 845 1018 915 parva
1044 827 1204 915 dyocesis
1229 825 1336 916 llegii,
1364 833 1402 894 et

262 933 378 996 contra
395 943 447 994 me
462 930 696 1014 tractaverunt,
718 931 755 992 ut
773 944 825 993 me
848 925 1016 994 traderent
1033 932 1120 994 etse
1138 927 1278 1016 unirent,
1304 925 1401 994 leoe-

261 1030 402 1112 rumque
419 1025 533 1110 legere
550 1025 685 1091 missam
703 1024 858 1093 volentes
876 1025 983 1093 iurare
1002 1043 1103 1113 super
1122 1042 1261 1112 corpore
1276 1024 1400 1094 Christi

259 1125 336 1194 illos
363 1129 522 1192 tractatus
549 1122 661 1191 lirmos
689 1128 814 1191 tenere.
854 1121 1040 1211 Aulumque
1068 1129 1130 1213 est,
1157 1115 1214 1192 ut³
1239 1141 1311 1192 cum
1337 1141 1400 1192 sa-

262 1221 383 1292 cerdos
410 1227 651 1290 sacramentum
678 1221 890 1312 coniecisset,
915 1229 995 1314 post
1021 1224 1247 1292 elevacionem
1273 1225 1307 1291 in
1335 1241 1398 1292 ca·-

262 1322 337 1391 dem
354 1323 458 1390 missa
472 1320 661 1391 obscuritas
683 1339 756 1389 oum
776 1322 907 1389 turbine
925 1324 1017 1390 venti
1041 1322 1140 1392 valde
1162 1340 1286 1408 magna
1307 1322 1398 1392 laeta

262 1426 315 1490 est
339 1421 373 1488 iu
400 1419 557 1511 ecclesia,
583 1422 630 1488 ita
655 1420 747 1508 quud
773 1439 890 1490 omnes
916 1422 1020 1490 territi
1045 1421 1185 1490 luemnt.
1227 1422 1269 1490 itt
1293 1427 1398 1510 post-

262 1537 360 1608 quam
385 1521 442 1589 lux
468 1537 604 1589 reversa
629 1518 700 1609 luit,
728 1519 889 1588 sacerdos
923 1528 999 1588 ante
1026 1540 1064 1590 se
1090 1523 1125 1589 in
1151 1521 1246 1588 altari
1273 1539 1397 1609 corpus

261 1618 381 1688 Christi
406 1637 474 1688 non
500 1620 631 1708 reperit.
672 1621 764 1687 Tunc
790 1618 942 1689 dolenter
969 1621 1101 1688 stabant
1127 1637 1244 1689 omncs
1271 1621 1398 1688 obstu-

259 1718 393 1808 pelaoti,
421 1725 454 1787 et
470 1720 520 1786 sic
537 1720 620 1786 alter
643 1719 781 1787 alterum
797 1720 1026 1808 inspicientes
1053 1722 1222 1788 inventum
1245 1726 1294 1786 est
1312 1737 1395 1788 oor-

258 1836 323 1907 pus
340 1817 471 1885 Domini
498 1823 575 1886 ante
601 1816 706 1905 pedes
732 1817 871 1885 Marsilii
897 1817 939 1884 de
964 1818 1101 1909 RubeiS,
1129 1820 1185 1906 qui
1204 1825 1274 1888 erat
1292 1823 1396 1907 caput

260 1922 294 1984 et
318 1916 435 1985 ductor
460 1918 557 1984 istius
584 1922 753 1985 tractatus.
795 1917 836 1984 Et
861 1921 941 1984 tuno
967 1935 1083 1986 omnes
1102 1937 1171 1986 una
1190 1935 1274 1986 voce
1294 1917 1410 1986 dixe--

258 2021 349 2083 runt:
378 2015 475 2102 Qltod
496 2015 612 2099 fucere
638 2017 837 2084 decrevimus
852 2016 924 2083 Deo
941 2017 1140 2102 complacet.
1179 2016 1220 2084 Et
1241 2018 1290 2085 sic
1303 2034 1394 2085 oon-

260 2114 337 2182 silio
363 2113 502 2182 dimisso
524 2115 663 2201 quilibet
682 2115 725 2183 ad
742 2116 875 2203 propria
901 2118 1070 2184 remeavit
1113 2115 1207 2184 Tunc
1229 2115 1393 2185 sacerdos

260 2215 316 2300 qui
342 2215 477 2280 missam
504 2213 697 2304 celebravit,
724 2215 784 2280 ivit
807 2215 840 2281 in
864 2215 1030 2282 civitatem
1056 2213 1169 2305 liegii,
1198 2220 1230 2283 el
1250 2216 1395 2283 nuncia-

257 2314 369 2380 vitea
396 2313 559 2400 episcopo
586 2330 650 2398 que
677 2319 776 2398 gesta
801 2312 940 2382 luerunt.
987 2315 1175 2402 Episcopus
1202 2315 1289 2382 misit
1314 2331 1392 2382 eum

258 2411 301 2479 ad
327 2411 540 2480 Hostiensem
567 2410 785 2496 cardinalem,
812 2411 959 2498 legatum
985 2418 1064 2480 tunc
1088 2412 1305 2503 Lombardic,
1333 2415 1392 2500 qui

259 2515 330 2578 erat
354 2512 388 2578 in
413 2511 575 2580 Bononia.
620 2510 769 2597 Legatus
797 2517 905 2579 autem
932 2529 1005 2579 oum
1032 2513 1192 2600 episcopo
1218 2514 1282 2580 ista
1307 2512 1392 2581 inti-

257 2616 430 2679 maverunt
461 2611 584 2679 vicario
618 2628 693 2679 meo
727 2608 847 2695 Egidio
880 2609 922 2678 de
948 2609 1095 2679 Berlario
1122 2611 1328 2697 Franoigene
1354 2613 1391 2680 in

257 2711 389 2778 civitate
415 2707 520 2798 Regii,
547 2714 584 2775 ut
608 2728 659 2776 me
686 2711 897 2799 premuniret,
926 2715 1091 2797 quatenus
1118 2709 1216 2778 michi
1237 2727 1392 2779 caverem

257 2808 299 2877 de
326 2810 388 2877 hiis
424 2808 707 2895 conspiratoribus
739 2810 987 2896 prenominatis.
1032 2806 1096 2889 Qui
1121 2827 1202 2877 varo
1228 2812 1277 2877 sio
1302 2827 1392 2878 con-

257 2908 382 2995 spirare
407 2906 607 2994 nitebantur,
633 2908 816 2995 penitentia
842 2907 930 2976 duoti
955 2907 1053 2976 michi
1080 2908 1221 2997 amplius
1248 2907 1392 2978 fideliter

257 3007 457 3073 assisterunt
483 3010 516 3072 et
543 3004 676 3073 lrrmiter
701 3023 829 3073 mecum
855 3010 952 3095 quasi
985 3007 1104 3076 iratres
1137 3013 1393 3096 permanserunt

257 3104 357 3172 nichil
380 3105 414 3170 in
434 3104 590 3173 cordibus
608 3106 678 3174 suis
707 3103 958 3177 abscondendo.
995 3107 1070 3176 Una
1089 3106 1215 3176 dierum
1234 3106 1388 3174 Gibertus

145 3194 147 3200 ’
258 3201 300 3270 de
334 3202 472 3271 iuliano
510 3195 692 3292 septimus*
726 3202 767 3272 de
801 3205 885 3293 ipsis
920 3205 1018 3274 dixit:
1050 3207 1225 3292 Nunquam
1255 3223 1390 3291 possem

258 3301 340 3369 letam
354 3319 435 3383 esse,
460 3303 489 3368 sl
506 3320 626 3388 carpum
643 3303 774 3370 Domini
792 3307 868 3371 ame
888 3306 993 3388 pedes
1020 3323 1110 3374 meos
1132 3305 1252 3389 sumac!
1274 3307 1389 3372 luvec-

257 3405 337 3483 tum,
362 3401 448 3466 sieut
477 3406 552 3468 oute
578 3403 690 3488 pedes.
714 3401 854 3470 Mersella·
887 3403 927 3471 de
958 3399 1095 3486 dubus,
1128 3408 1161 3470 et
1193 3403 1272 3470 deme
1296 3403 1389 3472 Deus

252 3501 487 3586 precooltnos,
513 3517 553 3568 me
572 3501 760 3585 locaremus
775 3519 825 3586 eu,
851 3520 913 3587 pue
933 3506 1051 3589 pocius
1077 3521 1176 3590 quum
1198 3503 1389 3587 faceremus

255 3600 339 3666 mom
370 3598 532 3668 bellemus.
575 3600 648 3685 Ego
679 3604 788 3668 autem
817 3600 881 3670 sub
907 3603 1046 3672 silencio
1072 3603 1273 3692 pertransivi
1298 3608 1389 3670 tam-

256 3715 355 3784 quam
380 3697 458 3765 inda
484 3697 585 3765 nichil
611 3700 741 3766 scirem.

330 3796 368 3864 ln
397 3797 461 3864 illis
488 3797 690 3884 temporibus
722 3795 862 3865 audieus
890 3803 986 3884 pater
1018 3817 1112 3868 meus
1144 3801 1388 3888 oppressiones

256 3913 339 3982 quas
365 3896 523 3985 paciebar
548 3895 589 3963 ab
615 3896 766 3987 inimicis,
792 3895 871 3964 lecit
889 3899 1191 3984 congregacionem
1206 3917 1280 3967 cum
1298 3899 1389 3968 mul-

255 3995 298 4061 tis
323 3995 358 4062 in
383 3993 522 4064 Francia
552 3994 594 4064 de
622 3995 742 4082 quibus
776 4000 872 4062 erant
905 3999 1072 4085 capitanei·
1097 4001 1275 4087 episeopus
1302 3998 1390 4067 Bel-

253 4145 403 4282 pigslffiiflis
420 4147 493 4202 llein.
528 4147 559 4212 2)
577 4150 759 4202 convenerunt
776 4147 825 4217 ipsi
842 4147 916 4201 Rein.
951 4147 982 4212 3)
1001 4152 1029 4202 ut
1041 4145 1102 4201 lehlt
1112 4149 1139 4201 iu
1152 4146 1198 4203 der
1215 4147 1253 4200 hs.
1288 4149 1322 4214 l)
1341 4163 1390 4204 se-
