3096 4882
277 141 348 212 258
640 169 707 216 ura
728 167 838 215 uraour
859 167 968 223 aunam
992 167 1051 212 rur.

196 323 262 380 ttae
277 310 319 378 Et
343 314 464 396 postea
491 306 552 376 luit
577 306 826 376 eorreordatum.
860 305 987 375 Eodem
1014 311 1161 393 tempore
1188 307 1323 376 inventa
1348 305 1400 374 luit

277 407 409 494 argenti
435 407 550 476 lodina
574 407 608 474 in
635 406 787 474 Vresnilu
819 405 944 474 Eadem
969 412 1078 474 estate
1105 407 1227 494 arripui
1252 408 1315 474 iter
1334 419 1407 473 oum

278 509 388 575 multis
429 505 610 576 baronibus
650 507 786 574 Boemie
824 506 943 574 volens
979 507 1117 574 transire
1151 508 1184 573 in
1219 507 1400 575 eomitatun

278 605 626 693 Luezemburgensem
653 604 696 672 ad
722 609 848 692 patrem
871 621 991 694 meum,
1019 605 1075 691 qui
1101 606 1236 674 miserat
1261 623 1321 693 pro
1346 621 1400 671 ne.

277 707 319 774 Et
353 705 395 774 de
427 703 623 774 Franoolurt
658 721 815 773 reversus
858 722 940 772 sum.
992 703 1029 770 ln
1066 704 1182 772 eadem
1219 705 1403 774 reversione

279 807 390 874 creavi
426 806 604 891 collegium
638 803 680 872 ad
707 801 831 871 Omnes
866 802 1009 871 Sanetos
1041 804 1074 870 in
1102 804 1231 892 erpelle
1258 803 1403 890 regiain

279 911 391 974 castro
417 904 589 990 Pragensi.

352 1005 394 1073 Et
419 1003 573 1091 prooessi
606 1001 649 1069 ad
681 1018 795 1087 regem
821 999 979 1091 Ungarie‚
1006 1002 1063 1088 qui
1090 1001 1236 1087 graviter
1261 1002 1404 1070 intirmo-

278 1103 384 1172 batur.
427 1103 469 1171 llt
503 1107 680 1187 antequam
715 1103 748 1168 in
782 1101 953 1169 Boemiam
986 1106 1185 1190 reverterer,
1221 1120 1273 1170 me
1301 1109 1404 1169 tamen
1509 1187 1510 1190 Ἴ

279 1197 342 1271 ex¹
375 1201 523 1289 Ungaria
555 1205 719 1290 exeunte,
752 1203 845 1268 venit
877 1205 972 1287 pater
1007 1217 1102 1268 meus
1137 1199 1180 1267 ad
1204 1201 1405 1270 Ludovieurn

279 1303 401 1389 quise
427 1300 567 1388 gerebat
597 1316 658 1387 pro
691 1301 891 1388 imperatore
927 1297 970 1366 ad
1002 1298 1210 1368 traotandum
1234 1319 1295 1390 pro
1324 1317 1405 1368 eon-

279 1397 402 1469 eordia.
452 1399 570 1468 Diebus
597 1404 707 1467 tamen
732 1398 925 1467 Ludovieus
951 1400 1150 1486 promiserat
1177 1399 1273 1468 miehi
1299 1399 1406 1467 nullos

279 1504 437 1568 tractatus
469 1517 542 1568 oum
573 1505 667 1588 patre
702 1515 777 1567 meo
813 1498 952 1566 alieuius
985 1498 1165 1568 oonoordie
1193 1517 1231 1568 se
1257 1500 1333 1568 sine
1357 1515 1404 1564 me
1510 1568 1511 1596 p

277 1597 475 1688 babitumm
503 1596 565 1666 sed
592 1597 633 1666 de
660 1599 802 1666 oonsilio
828 1613 903 1666 meo
931 1596 1063 1665 dieebat
1081 1615 1119 1666 se
1135 1615 1208 1666 eum
1224 1604 1321 1687 patre
1336 1613 1405 1666 meo

277 1700 432 1786 graciose
447 1697 686 1768 ordinaturum.
710 1693 1077 1786 lpseveroLudovieus
1094 1699 1264 1766 immemor
1276 1697 1354 1766 lidei
1370 1712 1407 1763 ae

277 1799 533 1886 promissionum
554 1815 697 1886 suarum,
719 1794 945 1863 fraudulenter
964 1795 1134 1883 deeipiens
1150 1805 1278 1885 patrem
1292 1813 1408 1885 meum,

278 1896 320 1964 ad
337 1898 617 1984 eomposieionem
636 1915 710 1964 eum
735 1895 881 1983 deduxit,
909 1911 1068 1964 asserens
1087 1913 1125 1965 se
1141 1895 1263 1964 dudrrm
1284 1913 1409 1966 meeum

279 1995 517 2063 ooneordasse.
543 1995 584 2063 ot
602 1997 652 2064 sio
669 1997 783 2083 posuit
799 2011 953 2080 inagnum
970 1994 1192 2063 dillrdeneiam
1209 1998 1361 2064 interme
1379 1999 1410 2061 et
1511 2000 1512 2080 l

277 2101 402 2182 patrem
429 2111 554 2183 meum,
582 2094 727 2180 lecitque
754 2092 845 2181 quod
872 2111 914 2162 ex
942 2096 1078 2163 raoione
1098 2095 1290 2185 eoneordte,
1316 2111 1410 2183 quam
1511 2083 1512 2120 ³

278 2192 365 2260 idem
399 2192 591 2262 Ludovicus
629 2195 834 2261 continuerat
874 2193 961 2261 inter
994 2211 1047 2260 me
1083 2200 1117 2261 et
1150 2195 1258 2282 ipsum
1292 2193 1409 2262 saetam

189 2314 270 2355 urar
280 2291 404 2382 luisse,
441 2298 535 2380 pater
568 2309 662 2360 meus
697 2293 824 2380 reoepit
853 2291 895 2359 ab
929 2293 1004 2380 ipso
1032 2291 1132 2362 seoda
1158 2311 1221 2361 sua
1249 2300 1411 2380 tamquam

213 2369 323 2460 2⁰ab
349 2395 558 2481 imperatore.
586 2391 808 2461 Conoordavit
833 2392 937 2459 eoiam
965 2408 1037 2458 eum
1065 2409 1117 2482 eo,
1145 2399 1179 2460 et
1203 2395 1237 2459 in
1262 2392 1411 2507 pluribus
1512 2465 1513 2474 p

283 2491 445 2562 voluntati
472 2490 746 2560 eondesoendit
737 2492 853 2580 rpsiuS,
881 2507 945 2576 que
963 2492 1094 2559 minime
1121 2489 1261 2560 lecisset
1286 2494 1316 2560 si
1343 2492 1411 2559 sei·
1512 2491 1513 2506 ³

279 2593 386 2660 visset
419 2591 510 2679 quod
545 2609 611 2678 ego
644 2590 791 2659 nondum
828 2587 1053 2658 eoncordalus
1087 2607 1161 2658 oum
1197 2609 1238 2659 eo
1267 2590 1413 2660 fuissem.

203 2691 353 2760 444·Ηοο
386 2709 468 2760 vero
504 2709 570 2776 ego
604 2682 780 2758 reseiens²
806 2688 848 2757 ad
881 2694 1008 2777 patrem
1041 2707 1148 2757 meum
1174 2692 1209 2758 in
1235 2689 1412 2758 Milteberk

277 2790 475 2878 Maguntine
511 2789 669 2878 dyocesis
703 2789 917 2877 aeoelleravi‚
945 2789 1140 2874 significans
1173 2789 1282 2857 eidem
1309 2795 1412 2858 totum

280 2907 358 2957 esse
393 2888 512 2957 lalsum
540 2894 574 2955 et
599 2887 841 2956 iraudulentum
876 2885 966 2972 quod
1000 2887 1087 2956 idem
1121 2887 1315 2956 Ludovicus
1343 2889 1412 2956 Ba-

279 2990 410 3056 varieus
445 2979 581 3055 seeum³
607 2989 828 3056 traetavisset.
870 2984 994 3072 Sieque
1027 3005 1067 3054 ea
1098 3005 1163 3075 que
1196 2989 1282 3056 inter
1318 2989 1412 3076 ipsos

279 3087 366 3156 saeta
392 3084 538 3176 inerant,
575 3104 649 3154 eum
675 3087 854 3156 baronibus
883 3085 1019 3154 Boemie
1055 3104 1120 3154 nee
1157 3088 1324 3172 sigillare,
1353 3101 1414 3153 nee

279 3192 381 3254 ratam
400 3185 523 3254 habere
541 3187 631 3255 volui
656 3185 795 3254 eandem
824 3184 1045 3274 eonoordiam
1074 3192 1107 3254 et
1133 3203 1173 3254 ea
1200 3205 1265 3273 que
1291 3185 1413 3253 ibidem

171 3293 172 3298 ’
279 3291 354 3352 aeta
381 3284 512 3352 inerant
538 3287 649 3353 omnia
678 3304 737 3374 pro
764 3303 842 3353 non·
859 3283 954 3352 laetis
981 3284 1081 3352 habui
1109 3290 1142 3352 et
1167 3286 1259 3353 nulla
1285 3283 1364 3353 dixi.

353 3380 485 3450 Abinde
518 3386 595 3452 veni
621 3376 825 3454 Bononiam⁴
851 3401 915 3471 que
942 3389 995 3451 est
1019 3385 1054 3450 in
1080 3387 1176 3452 motis
1203 3383 1353 3472 Ungarie
1382 3387 1415 3449 et

277 3481 422 3572 dustria,
451 3487 484 3550 et
511 3483 711 3551 ooneordavi
737 3501 852 3570 regem
878 3483 1026 3568 Ungarie
1054 3499 1127 3551 eum
1155 3483 1241 3552 duee
1267 3481 1411 3551 Austrie.

278 3581 408 3652 Deinde
435 3588 529 3672 pater
554 3601 648 3652 meus
674 3585 842 3672 prooessit
859 3598 977 3651 versus
993 3581 1176 3652 Moraviam
1202 3583 1321 3652 volens
1350 3581 1411 3650 de-

281 3688 410 3752 struere
435 3682 609 3752 Nioolaunr
635 3681 753 3754 dueem
781 3681 908 3772 Opavie
936 3685 969 3750 et
994 3674 1193 3753 nuenarius
1221 3681 1326 3763 Quem
1348 3699 1414 3770 pa-

203 3808 256 3914 usn
281 3785 320 3851 tri
355 3799 430 3850 meo
464 3783 522 3849 vix
554 3783 776 3850 reeoneiliavi
819 3781 921 3850 Dedit
954 3786 1062 3849 tamen
1092 3784 1278 3870 patrimae
1304 3785 1416 3848 eastra

223 3860 315 3950 8et
330 3882 506 3970 peouniam
523 3881 665 3950 multam
704 3878 835 3950 Abinde
852 3881 1005 3970 processi
1029 3881 1063 3948 in
1082 3881 1290 3950 obsidionem
1312 3878 1413 3948 eastri

187 4025 190 4032 -
281 3982 477 4069 l’otnsteym
505 3980 595 4068 quod
622 3985 737 4049 eontra
762 3997 815 4048 me
842 3986 875 4048 et
900 3998 1014 4066 regem
1028 3981 1164 4049 Boemie
1191 3980 1415 4048 rebellaverat

314 4133 344 4196 l)
363 4133 464 4185 miebi'
456 4147 483 4184 m
502 4130 615 4200 Ungaria
634 4135 739 4187 exeunti
757 4131 794 4184 bs.
815 4131 852 4198 2)
865 4131 921 4200 ligo
938 4145 1003 4187 vero
1023 4134 1071 4187 boe
1089 4135 1206 4187 resciens
1224 4133 1295 4187 Rein
1313 4132 1416 4198 eman

279 4213 310 4253 eo
328 4205 468 4254 tructasset
485 4199 610 4252 lleinstr
592 4201 624 4266 4)
643 4201 789 4270 Posonium,
808 4199 943 4270 Presburg.
980 4204 1011 4268 5)
1031 4201 1150 4272 'troppau
1166 4203 1218 4256 und
1235 4199 1348 4256 Ratibor.
