3002 4880
396 199 539 246 canoniea
561 201 597 244 nu
620 201 718 246 cnsrrs
738 201 905 247 rnrrcrruu.
1174 173 1218 244 33

103 355 275 426 expugnare
285 389 296 427 ,
329 339 470 425 precipit
508 336 704 406 officialibus
738 341 808 407 suis
844 346 877 408 et
911 340 1096 409 civitatibus
1133 342 1219 409 circa
1238 355 1305 413 teto

101 455 163 505 eun
191 440 327 526 imperat
361 436 541 526 universis,
569 442 606 504 ut
630 438 737 524 ipsum
763 438 921 506 invadere
948 457 1016 507 non
1045 439 1220 525 negligant

100 542 128 603 et
149 535 311 604 destruere
338 553 407 602 non
434 535 617 603 obmittant.
643 533 706 615 Qui
738 538 809 604 eius
832 537 1040 622 Jussionibus
1066 557 1218 629 paruere,

99 641 330 722 congregantes
356 633 595 702 multitudinem
620 632 827 726 bellatorum,
855 642 920 704 tam
948 639 1093 724 equitum
1121 656 1218 726 quam

97 733 238 825 peditum,
265 735 337 822 pari
361 738 442 801 voto
470 738 504 800 et
528 739 681 822 prompto
708 736 818 802 animo
833 736 941 822 ipsum
959 736 1048 804 bello
1068 738 1216 826 cingunt,

97 839 125 900 et
153 832 308 920 quasdam
340 833 540 900 munitiones
577 834 648 900 eius
682 838 717 900 et
747 833 847 901 urbes
885 833 1056 924 diripiunt,
1085 853 1217 924 queque

95 949 148 999 sua
175 930 260 1000 ierro
295 937 329 999 et
362 933 442 1016 igne
475 937 666 1021 vastanteS,
701 932 797 1000 simul
829 932 911 1001 illud
937 933 1048 1002 nobile
1075 940 1217 1001 castrum

94 1029 130 1097 de
153 1029 392 1120 Wirtenberch,
421 1029 462 1097 de
489 1048 556 1117 quo
582 1047 705 1098 nomen
731 1033 877 1122 aooepit,
905 1050 1013 1119 usque
1041 1031 1083 1100 ad
1110 1033 1217 1100 solum

94 1127 272 1221 deductum,
308 1126 454 1197 lunditus
478 1134 721 1217 perverterunt
746 1131 789 1198 Et
814 1131 892 1217 quia
916 1132 1050 1200 vexatio
1077 1130 1134 1199 dat
1158 1133 1216 1199 in-

92 1229 245 1296 tellectum
282 1234 344 1297 etc.
377 1227 431 1295 hic
460 1230 596 1317 proprio
628 1246 702 1295 cum
736 1228 880 1318 dampno
913 1228 1043 1321 didicit,
1070 1229 1216 1298 subdere

92 1343 123 1394 se
146 1329 257 1396 maiori
284 1326 407 1396 debere
434 1345 512 1396 esse
539 1344 724 1397 consonum
749 1329 879 1398 rationi.

153 1425 302 1494 Proiecto
352 1443 464 1494 eomes
507 1426 563 1494 ille
602 1432 725 1513 potens
759 1433 792 1495 et
829 1425 977 1497 lamosus
1012 1426 1213 1517 frequenter,

90 1524 164 1592 sicut
195 1531 272 1594 ante
309 1524 430 1593 dictum
464 1530 533 1615 est,
570 1526 603 1593 in
640 1543 746 1611 regno
780 1543 898 1613 pacem
930 1526 1074 1595 turbavit
1110 1532 1143 1594 et
1177 1543 1215 1594 se

89 1629 190 1692 contra
210 1625 338 1711 regiam
364 1625 571 1692 maiestatem
590 1625 704 1692 erexit.
731 1622 813 1691 ldeo
832 1641 891 1692 rex
910 1623 1074 1692 Henrious
1094 1642 1214 1712 quam-

88 1723 130 1790 vis
154 1723 276 1792 absens
303 1723 384 1791 satis
410 1724 517 1810 ipsum
544 1722 724 1790 humiliavit
749 1724 873 1810 pariter
899 1729 933 1791 et
958 1722 1089 1813 deiecit,
1117 1740 1215 1810 quern

86 1817 233 1891 lludollus
263 1839 323 1890 rex
348 1839 499 1911 magnus,
525 1824 728 1910 permaxima
749 1827 917 1909 potestate
939 1821 1104 1911 suffultus,
1132 1840 1214 1909 pre-

86 1922 260 1990 sentialiter
294 1925 327 1988 ct
360 1922 395 1988 in
420 1938 567 2009 persona
591 1922 727 2009 propria
752 1920 950 2008 perdomare
977 1939 1046 1989 non
1071 1926 1213 2011 poterat,

86 2019 160 2087 sicut
182 2022 258 2090 iste.
284 2019 356 2087 Nec
389 2021 514 2110 mirum,
549 2018 629 2086 haut
660 2018 793 2086 dubium
820 2021 899 2106 quin
924 2019 1016 2089 Deus
1043 2025 1115 2087 erat
1140 2037 1213 2088 oum

84 2133 156 2204 rega
187 2119 367 2208 Hammon,
405 2120 458 2185 cui
492 2116 633 2185 fideliter
667 2119 821 2208 servivit,
856 2116 986 2186 sortiter
1019 2124 1053 2186 et
1081 2119 1213 2186 amavit.

84 2213 154 2286 ldeo
179 2237 313 2307 semper
339 2217 403 2285 sibi
431 2215 535 2287 adluit
560 2217 629 2284 suis
657 2217 809 2284 omnibus
834 2218 869 2284 in
895 2216 1047 2303 agendis.

144 2315 216 2385 Rex
267 2318 368 2402 igitur
410 2321 579 2384 contracto
617 2317 764 2382 exercitu
799 2333 941 2406 magno,
976 2318 1038 2384 iter
1072 2314 1212 2384 ressootit

82 2430 187 2484 versus
212 2414 465 2506 Lombardiam,
502 2433 599 2502 quam
627 2413 704 2482 dum
729 2414 904 2500 ingressus
931 2420 1024 2484 esset
1056 2413 1210 2484 Clemens
1230 2442 1294 2484 nov.

82 2529 159 2602 papa
184 2533 322 2604 semper
347 2514 454 2602 ipsum
479 2513 655 2601 promovit

145 2613 281 2682 Interim
308 2631 381 2680 oum
403 2613 556 2680 Bawaria
572 2630 677 2699 parvo
695 2616 842 2698 tempore
859 2629 879 2678 a
901 2609 1061 2678 bellorum
1081 2609 1210 2678 turbine

81 2711 272 2803 quievisset,
299 2730 412 2781 rursus
438 2713 471 2779 in
499 2729 539 2779 ea
565 2711 671 2801 bella,
699 2710 830 2778 duriora
848 2709 1025 2799 prioribus,
1053 2709 1211 2777 oriuntur.

82 2807 162 2878 Siout
186 2815 276 2880 enim
294 2810 337 2879 de
352 2829 456 2899 parva
474 2809 587 2878 lavilla
609 2809 775 2882 interdum
796 2810 963 2877 maximus
980 2807 1067 2893 ignis
1093 2809 1211 2875 nasci-

80 2911 140 2999 tur,
166 2913 217 2979 sic
242 2913 328 2978 inter
354 2908 499 2977 illustres
524 2910 691 2997 principes
708 2907 907 3002 Fridericum
934 2906 1052 2974 ducem
1077 2903 1210 2974 Austrie

81 3012 108 3072 et
120 3006 315 3077 Ludwioum
332 3007 449 3076 ducem
465 3009 617 3076 Bavvarie
626 3060 636 3098 ,
663 3025 767 3095 parva
783 3006 825 3074 de
841 3024 942 3074 causa
959 3007 1100 3074 maxima
1124 3023 1210 3073 con-

80 3108 228 3178 tentionis
254 3108 367 3176 rabies
396 3108 515 3197 oritur,
549 3105 634 3174 lorte
661 3108 784 3175 nostris
809 3107 969 3193 peccatis·
986 3104 1209 3195 exigentibus

79 3205 177 3274 multis
209 3209 307 3276 annis
335 3207 466 3274 interim
490 3205 587 3273 nobis
613 3223 844 3292 perseverans.

144 3303 227 3374 Cum
253 3307 340 3375 enim
368 3305 520 3373 dominus
548 3301 645 3394 Otto,
682 3302 851 3391 quondam
886 3303 1118 3371 serenissimus
1152 3320 1210 3369 rex

77 3397 213 3488 Ungarie
250 3411 284 3473 et
318 3403 386 3471 dux
418 3405 570 3472 Bawarie
585 3454 595 3493 ,
630 3419 694 3470 nec
727 3421 795 3470 non
830 3407 863 3468 et
899 3400 999 3469 irater
1033 3403 1105 3469 eius
1142 3400 1210 3468 dux

79 3496 281 3595 Stephanus,
318 3503 415 3572 ambo
449 3507 528 3591 post
562 3502 686 3570 obitum
723 3492 839 3570 suum1
875 3499 1017 3568 heredes
1056 3505 1135 3588 post
1170 3516 1208 3567 se
1228 3514 1295 3568 1312

80 3603 158 3668 etate
193 3603 304 3671 adlruc
339 3607 474 3670 teneros
500 3601 731 3691 reliquissent,
757 3599 943 3668 Friderious
971 3598 1039 3666 dux
1062 3595 1206 3687 Austrie,

78 3702 180 3769 ascitis
214 3702 278 3770 sibi
311 3703 403 3789 prius
429 3699 696 3768 ministerialibus
722 3700 897 3788 Bawarie,
925 3715 1009 3786 quos
1036 3696 1098 3764 sibi
1125 3695 1208 3763 clam

79 3792 221 3870 dulcibus
251 3798 529 3889 promissionibus
563 3800 711 3888 attraxit,
751 3815 819 3866 non
846 3803 996 3887 rogatus,
1023 3796 1142 3863 volens
1168 3811 1207 3862 sc

106 3947 135 4012 l]
152 3947 223 4003 Nach
247 3951 369 4005 buchner
392 3948 484 4004 Gesch.
510 3964 561 4003 von
581 3949 675 4003 Baiern
695 3952 719 4016 5,
738 3949 789 4004 270
807 3947 876 4004 starb
894 3947 991 4014 herzog
1008 3945 1096 4000 Stelan
1114 3959 1154 3999 am
1172 3945 1204 3999 21

79 4010 128 4066 dec.
145 4015 214 4070 13¹0
236 4021 291 4072 und
313 4018 408 4086 herzog
427 4017 488 4072 Otto
505 4032 547 4072 am
564 4017 580 4072 9
599 4022 665 4086 sept.
690 4017 765 4072 1312.
801 4018 849 4071 ine
876 4014 1041 4070 zahlreiehen
1065 4014 1207 4080 necrologe

77 4083 123 4136 und
139 4084 245 4140 lrleinan
271 4088 384 4140 eunden
409 4087 456 4140 der
479 4085 626 4140 bairischen
653 4086 760 4140 kirchen
779 4086 834 4140 und
852 4085 953 4138 lrldster
970 4083 1028 4136 sind
1047 4081 1115 4136 noch
1135 4081 1207 4136 nicht

78 4156 116 4211 eut
138 4165 227 4220 genug
249 4153 477 4222 herausgegeben,
501 4169 543 4209 unr
567 4154 615 4209 aui
634 4155 672 4209 sio
696 4157 759 4210 eine
782 4152 894 4225 priiiung
917 4151 1004 4207 dieser
1022 4149 1142 4219 angeben
1161 4152 1208 4204 mit

79 4216 151 4288 erlolg
168 4225 271 4276 stittzen
291 4238 323 4276 zu
341 4223 458 4277 konnen.

108 4317 236 4361 nonnum
253 4321 355 4363 ronrns
376 4319 400 4363 1.
992 4303 1008 4357 3
