3044 4882
249 167 322 236 354
569 191 713 239 nonnanes
733 190 941 238 uenoxrrvsrs.
977 189 1002 258 a,
1020 189 1044 243 9.

249 335 419 423 violentia,
437 339 470 401 ct
486 350 545 402 rex
563 350 636 402 oum
655 332 726 400 suis
745 331 846 398 nimia
863 331 1053 400 victualium
1071 337 1247 420 urgeretur
1264 329 1390 418 inopia,

252 434 469 524 opportunius
484 439 614 521 tempus
632 436 828 519 exspectare
848 430 1032 522 volens,ad
1052 433 1169 501 urbem
1183 432 1391 516 Noricorum,

251 533 444 620 relinquens
470 532 672 620 Bohemiam,
698 530 899 618 properavit.
930 531 1064 601 Interea
1089 531 1236 621 mandat,
1263 535 1301 598 ut
1318 528 1391 596 Ka·

252 633 371 701 rinthia
397 638 431 700 et
457 631 610 700 Carniola
635 627 843 697 invadantur.

325 732 454 801 Ulricus
472 749 554 799 vero
569 729 611 798 do
630 728 747 796 Walse
766 728 961 816 capitaneus
981 729 1079 799 Stiric
1098 729 1141 798 ad
1155 731 1246 816 regis
1263 728 1393 797 iussum

252 836 286 899 et
310 830 465 900 Friderici
492 828 585 898 ducis
611 825 763 918 Austrie,
791 827 847 914 qui
874 831 977 899 maior
1003 836 1100 898 natus
1128 829 1236 898 luerat
1261 835 1293 897 et
1320 827 1393 896 ira-

253 931 356 999 tribus
380 935 512 1018 precrat
530 935 629 1015 atque
648 933 746 1016 terre,
774 923 952 998 Cbunrado
973 930 1107 1017 presule
1131 928 1393 1014 Salozburgensi

251 1029 286 1098 in
312 1047 458 1119 persona
492 1027 626 1117 propria
657 1044 695 1094 sc
729 1025 890 1097 ollerente
918 1033 952 1096 et
977 1034 1200 1117 cooperante,
1228 1034 1330 1096 terras
1357 1028 1392 1094 in

251 1130 345 1198 brevi
372 1134 520 1216 tompore
547 1126 723 1216 subiciunt,
751 1125 829 1212 quia
853 1128 1062 1216 potentiores
1089 1134 1175 1196 terre
1192 1146 1265 1196 cum
1281 1125 1392 1195 Hein-

252 1229 322 1296 rico
357 1244 438 1314 rege
471 1228 505 1294 in
538 1225 699 1294 Bohemia
731 1224 959 1295 versabantur.
994 1226 1181 1295 Carniolam
1215 1227 1392 1294 Heinricus

254 1343 367 1396 comes
395 1326 534 1416 Gorioic,
561 1323 796 1393 assistentibus
823 1325 886 1394 sibi
906 1326 1081 1395 comitibus
1108 1325 1150 1394 dc
1173 1323 1391 1414 Ortcnburch,

255 1425 453 1495 etSolavice
473 1425 585 1512 gentis
608 1423 812 1513 potentibuS,
840 1426 910 1495 suis
925 1424 1092 1517 affinibus,
1120 1425 1320 1512 subiugavit.
1354 1424 1392 1491 ln

253 1531 392 1612 utraque
420 1531 507 1593 terra
533 1525 674 1592 maxima
700 1521 864 1594 desolatio
892 1524 979 1595 iacta
1005 1531 1068 1618 est,
1096 1526 1174 1613 quia
1197 1524 1393 1593 disturbium

255 1626 319 1695 boc
344 1625 466 1693 messis
493 1630 641 1712 tempore
668 1622 841 1709 agebatur.

328 1725 443 1793 Presul
468 1723 744 1808 Salozburgensis
764 1717 907 1791 castrum
930 1725 1021 1812 quod
1045 1724 1250 1795 Rabenstain
1273 1724 1395 1794 dicitur

254 1825 288 1892 in
315 1823 414 1892 oculo
441 1841 505 1892 suo
531 1821 722 1910 frequenter
748 1820 790 1889 dc
815 1823 952 1893 Frisaco
970 1828 1086 1894 exiens
1106 1825 1189 1893 vidit
1206 1825 1302 1913 quasi
1321 1831 1394 1892 tra-

254 1923 339 2012 bem,
367 1925 504 2010 suisque
530 1921 727 1989 intrantibus
754 1927 788 1988 et
814 1921 1011 1994 exeuntibus
1039 1923 1273 2015 metuendum,
1301 1923 1394 2011 quod

255 2021 387 2108 quidam
407 2039 449 2089 ex
463 2028 558 2110 parte
580 2019 675 2088 ducis
693 2019 888 2091 Cbuuradus
911 2021 953 2092 de
975 2023 1245 2114 Schranchpaum
1270 2025 1305 2090 in
1328 2041 1396 2091 cu-

255 2119 365 2190 stodia
385 2120 615 2189 conservabat.
649 2118 711 2200 Qui
726 2127 862 2209 recepto
880 2121 1063 2192 traditionis
1081 2124 1198 2214 pretio,
1218 2141 1291 2191 cum
1310 2140 1394 2210 pre·
1513 2143 1514 2146 ¹

256 2220 328 2288 sule
348 2219 511 2288 occultum
531 2220 624 2286 inivit
641 2221 849 2311 cornemium,
877 2227 1088 2311 castrumque
1116 2221 1258 2291 tradidit.
1296 2220 1396 2302 Quod

256 2320 329 2388 sine
346 2337 437 2387 mora
457 2337 566 2406 usque
586 2317 628 2387 ad
648 2318 754 2386 solum
771 2317 947 2411 dirimitur,
975 2328 1008 2390 et
1028 2323 1114 2390 sicut
1131 2321 1231 2390 bodie
1250 2327 1397 2389 oermtur

256 2420 391 2508 penitus
409 2417 596 2508 dissipatur.
624 2417 772 2506 Moxque
788 2419 831 2487 ad
853 2420 1019 2507 quendam
1036 2420 1249 2490 monticulum
1269 2419 1395 2510 lapidi-

257 2519 319 2588 bus
336 2517 487 2586 eiusdem
510 2518 610 2586 castri
630 2515 790 2607 devectis,
817 2521 953 2587 munitio
973 2539 1038 2608 que
1055 2518 1260 2589 Altenbolcn
1276 2519 1395 2589 dieitur

256 2619 448 2708 inchoatur,
476 2626 510 2685 et
535 2616 637 2687 muris
664 2635 705 2685 ac
730 2617 874 2685 turribus
901 2621 1132 2689 circumcincta
1158 2637 1267 2707 usque
1294 2619 1394 2688 hodic

258 2716 471 2787 inditionem
491 2717 633 2805 presulis
654 2722 833 2804 reputatur.
864 2718 987 2808 Fertur,
1005 2725 1039 2787 ct
1061 2719 1247 2788 audivimus
1267 2719 1309 2787 ab
1334 2719 1394 2788 lriis

257 2818 313 2904 qui
323 2817 487 2905 viderunt,
506 2815 597 2903 quod
607 2814 694 2883 idem
705 2814 902 2885 Chunradus
919 2816 961 2886 dc
976 2817 1246 2909 Schranchpaum
1259 2818 1393 2905 dignam

256 2917 425 3004 acceperit
450 2913 611 2983 mercedis
639 2915 905 3004 retributionem,
932 2936 1008 2985 nam
1027 2919 1148 2988 misere
1164 2923 1287 3007 postea
1302 2918 1412 3005 vixit·

256 3017 393 3103 turpiter
418 3015 608 3103 exspiravit,
637 3014 715 3101 quia
740 3032 808 3083 non
834 3015 869 3083 in
893 3016 970 3085 loeo
994 3019 1135 3087 naturali
1162 3017 1310 3104 digestio
1334 3015 1393 3084 sed

256 3115 290 3180 in
317 3114 421 3182 latere
448 3115 557 3182 scisso
584 3113 766 3205 agebatur,
802 3121 836 3182 et
862 3116 939 3203 quia
972 3119 1096 3206 crepuit
1129 3117 1258 3186 medius
1287 3115 1394 3187 denec

210 3253 212 3269 ·
256 3212 389 3281 vitalem
417 3214 565 3303 spiritum
593 3212 773 3282 exhalaret.

331 3311 462 3380 Ulrious
478 3311 520 3380 de
536 3312 652 3381 Walse
669 3315 800 3381 statutis
818 3313 850 3379 in
860 3311 1032 3382 llarintbia
1043 3313 1243 3382 officialibus
1261 3320 1297 3384 et
1312 3331 1392 3405 pre-

258 3410 365 3502 sentis,
393 3413 609 3480 sacramentis
627 3413 745 3481 civium
769 3413 925 3503 receptis,
951 3415 985 3480 in
1007 3413 1138 3482 Stiriam
1154 3421 1206 3483 cst
1226 3431 1391 3483 reversus.

260 3509 379 3580 Comes
405 3527 484 3580 vero
508 3511 637 3579 Gorioic
665 3511 762 3579 etde
785 3509 1003 3604 Ortcnburch,
1032 3529 1073 3581 ca
1099 3531 1163 3602 quc
1190 3515 1392 3602 aquisieranl

258 3613 293 3678 in
308 3609 471 3702 Carniola,
500 3613 695 3678 auctoritate
714 3610 807 3679 ducis
828 3608 962 3679 Austrie
986 3614 1178 3703 etpropria,
1205 3615 1239 3681 in
1266 3613 1390 3681 castel·

259 3710 300 3777 lis
328 3717 361 3778 et
384 3712 417 3779 in
431 3707 669 3778 munitionibus
697 3708 739 3777 ad
764 3710 920 3799 placitum
946 3710 1181 3801 disponebant,
1209 3730 1317 3800 eaque
1333 3727 1388 3801 pro

260 3811 331 3877 suis
358 3810 533 3898 stipendiis
560 3809 662 3878 multo
689 3816 838 3899 tempore
865 3811 1062 3879 retinebant.
1095 3811 1136 3879 Et
1159 3813 1207 3879 sic
1225 3811 1388 3880 llarinthia

261 3915 294 3976 et
320 3907 474 3978 Carnicla
500 3910 576 3978 duci
601 3906 734 3976 Austrie
762 3909 972 3999 subiguntur,
1001 3911 1125 3980 eteius
1152 3913 1245 3979 nutari
1263 3928 1301 3980 ac
1318 3915 1387 3978 sta-

260 4014 403 4077 tutorum
431 4008 621 4077 officialium
647 4007 854 4077 famulantur.

333 4106 508 4178 Heinricus
526 4112 634 4178 autem
643 4107 864 4176 Bobernorum
882 4127 1020 4197 regnum
1039 4109 1152 4199 terruit,
1172 4109 1208 4177 in
1226 4126 1291 4199 quo
1309 4105 1385 4174 satis

260 4207 419 4275 remissus
446 4213 481 4275 et
506 4207 607 4276 deses
635 4206 711 4299 luit,
746 4208 885 4296 suisque
919 4210 1022 4279 multa
1054 4213 1170 4278 contra
1195 4203 1385 4278 monasteria
