3028 4878
288 181 359 252 386
620 207 761 256 ronanuss
781 206 989 254 mosomensis.
1024 205 1050 273 5,
1068 203 1092 259 2.

206 362 271 418 13¹5
288 365 406 419 serens
424 347 630 437 violatorem,
657 345 753 414 huius
777 345 923 413 scissure
947 350 1127 434 auctorem,
1155 346 1189 412 et
1205 345 1306 413 totins
1329 344 1412 430 regni

286 466 347 537 per
376 463 589 535 consequens
623 446 845 530 turbatorem,
881 449 996 513 contra
1028 443 1096 512 lasa
1114 448 1147 512 et
1181 443 1234 510 ins
1268 442 1411 511 Friderici

287 550 321 616 in
347 545 525 615 iraternum
551 545 761 634 obprobrium
787 541 980 610 adiutorem.
1016 542 1140 611 Castris
1168 558 1248 626 ergo
1272 541 1410 629 pluribus

288 652 322 714 et
347 643 584 714 munitionibus
620 642 728 710 iratris
757 641 921 732 obtentis,
948 639 1125 729 usquead
1152 639 1275 708 obitum
1301 657 1410 728 perse-

288 747 454 813 cutionem
482 745 513 810 ei
537 742 656 810 intulit.
688 741 840 826 Dumque
859 740 957 808 avelli
977 758 997 807 a
1014 739 1179 808 Friderico
1204 755 1272 805 non
1293 743 1411 827 posset,

288 843 374 912 adeo
405 843 506 910 variis
538 859 612 909 eum
645 839 808 908 molestiis
842 839 1031 929 lacessivit,
1062 843 1192 906 utnon
1217 836 1320 923 longe
1345 841 1412 925 post

288 960 361 1012 cum
381 945 538 1010 consorte
554 957 626 1029 sua,
654 956 718 1026 que
738 937 803 1004 ilia
824 938 915 1024 regis
931 934 1042 1005 Adolir
1061 935 1177 1025 iuerat,
1202 935 1235 1002 in
1255 933 1411 1004 Austriam

287 1042 528 1128 commigraret,
556 1044 589 1106 et
616 1038 668 1108 sui
694 1042 801 1104 status
829 1037 998 1122 angariam
1026 1035 1225 1123 deploraret.
1252 1032 1411 1115 Quocum

288 1146 446 1209 consorte
473 1136 651 1226 deiuncto,
678 1134 879 1204 Ludewicus
905 1134 982 1202 filiis
1010 1134 1121 1203 ablata
1146 1133 1305 1225 restituit,
1333 1139 1363 1201 et
1384 1134 1412 1199 in

287 1239 461 1310 amicitiam
489 1253 583 1304 suam
609 1235 749 1303 strinxit.

361 1335 545 1405 Fridericus
562 1339 671 1402 autem
690 1334 762 1400 sine
778 1332 928 1421 potentia
941 1332 1057 1402 virium
1070 1328 1287 1399 Ludewicum
1304 1329 1412 1399 videns

286 1436 477 1506 nullatenus
503 1431 783 1521 contundendam,
808 1449 923 1517 regem
950 1430 1128 1517 alloquitur
1142 1430 1359 1515 'Ungarorum
1378 1427 1413 1495 de

287 1535 413 1604 vicario
445 1533 610 1618 obsequio
644 1547 860 1598 commonens
891 1530 1105 1618 repromisso.
1149 1526 1213 1608 Qui
1240 1526 1413 1618 respondit,

191 1709 193 1712 ,
222 1717 227 1726 ,
288 1634 409 1704 milites
436 1632 510 1699 sine
538 1629 707 1719 stipendio
734 1646 771 1696 se
797 1628 988 1696 nullatenus
1015 1626 1138 1694 habere
1164 1644 1279 1718 posse,
1308 1626 1414 1695 sedin

287 1732 354 1802 hoc
380 1732 451 1800 eius
476 1747 595 1819 parere
621 1728 747 1796 valeret
772 1727 894 1816 volitis,
922 1727 950 1793 si
976 1731 1096 1793 terram
1128 1724 1270 1798 dotalitii
1298 1725 1412 1794 sororis

288 1849 351 1900 sue
376 1827 534 1917 Agnetis,
562 1825 728 1914 quondam
755 1826 872 1910 regine
897 1824 1061 1913 Ungarie,
1089 1823 1203 1892 relicte
1229 1825 1322 1910 regis
1346 1821 1414 1891 iln-
1494 1831 1495 1914 ἢ

289 1929 379 2018 dree,
407 1927 534 1996 scilicet
551 1925 698 1994 Scuttam
724 1928 758 1990 et
783 1924 976 2011 Bosonium,
1003 1939 1109 2008 regno
1136 1939 1198 1990 suo
1224 1925 1412 2009 restitueret,
1494 1935 1495 1960 ³

288 2033 323 2096 et
346 2027 499 2094 laciniam
527 2023 723 2091 disiunctam
750 2021 872 2090 dudum
888 2022 924 2088 in
946 2039 1141 2110 compagem
1166 2023 1337 2109 pristinam
1360 2038 1414 2087 re·
1494 2033 1495 2116 ζ

288 2125 435 2195 sarciret.
471 2121 568 2203 Quod
588 2121 665 2189 dum
684 2119 869 2188 Fridericus
892 2120 1078 2208 aliqualiter
1099 2120 1209 2189 animo
1228 2125 1413 2189 contracta·

288 2223 348 2314 ret,
375 2226 545 2311 postremo
565 2221 674 2308 aptius
699 2237 777 2286 esse
797 2219 960 2307 iudicans,
988 2219 1094 2288 sorori
1109 2217 1221 2287 dotem
1239 2237 1332 2288 suam
1345 2219 1411 2286 aliis
1494 2219 1495 2274 l

287 2321 504 2412 proventibus
524 2335 742 2407 conpensare,
771 2335 868 2405 quarn
893 2319 984 2402 regis
1007 2316 1170 2385 adiutorio
1189 2317 1279 2406 quod
1302 2317 1412 2386 efficax

289 2421 332 2490 ad
358 2425 453 2490 suum
480 2424 573 2487 esset
599 2415 860 2486 consumendum
887 2417 1094 2504 propositum
1121 2433 1159 2484 se
1184 2416 1322 2486 nudare.
1349 2415 1416 2496 Quo

288 2520 410 2609 placito
437 2519 610 2586 terminato
634 2521 672 2583 ut
687 2516 722 2582 in
740 2521 870 2603 tempus
890 2520 1048 2582 statutum
1075 2521 1191 2583 essent
1215 2516 1341 2601 ngari
1357 2533 1414 2603 pa-

287 2620 350 2688 rati
377 2617 565 2706 condicunt,
593 2620 627 2683 et
644 2634 663 2683 a
680 2631 760 2700 rege
786 2613 1010 2701 possessione
1035 2613 1175 2681 Bosonii
1201 2619 1236 2682 et
1260 2615 1346 2682 illius
1366 2612 1416 2680 di-

288 2720 421 2789 strictus
447 2714 668 2804 apprehensa,
695 2711 903 2780 abinvicem
930 2711 1170 2780 discesserunt.

361 2813 556 2904 Leupoldus
574 2814 671 2880 etiam
693 2810 849 2878 Friderici
865 2811 957 2896 regis
980 2808 1089 2901 irater,
1117 2815 1152 2877 ut
1175 2829 1269 2879 suam
1295 2817 1329 2880 et
1352 2810 1417 2878 ira-

288 2915 347 2983 tris
374 2913 418 2983 ad
443 2913 651 2980 imminentes
678 2926 799 2976 causas
831 2910 894 2977 vim
923 2915 1078 2998 augeret,
1105 2915 1240 2994 gentem
1269 2910 1418 2979 Suieen-

289 3014 374 3082 sium
400 3014 434 3078 in
461 3009 627 3078 montibus
653 3009 814 3096 positam,
841 3007 963 3076 nullius
995 3007 1129 3076 dominii
1154 3009 1234 3094 iugo
1261 3027 1418 3098 pressam,

288 3111 387 3179 armis
412 3109 678 3195 inexercitatam,
699 3105 761 3173 sed
782 3107 1006 3196 pastoralibus
1033 3111 1066 3174 et
1080 3107 1297 3194 pascualibus
1323 3126 1416 3176 exer-

289 3211 374 3278 citiis
402 3208 585 3296 enutritam,
613 3205 687 3275 lorti
704 3210 738 3272 et
761 3205 911 3293 preclaro
936 3205 1072 3272 militurn
1100 3211 1132 3271 ct
1157 3206 1315 3275 nobilium
1342 3205 1420 3274 adiit
1493 3229 1494 3300 p

289 3308 449 3397 exercitu,
476 3305 648 3375 conlidens
675 3309 711 3371 ut
736 3321 797 3373 eos
825 3304 1002 3392 subiceret,
1031 3303 1132 3372 etad
1160 3303 1420 3392 sua‘lratrisque
1493 3303 1494 3378 l

289 3406 386 3492 regni
420 3405 554 3473 servitia
587 3403 790 3471 coherceret.
829 3400 892 3482 Qui
925 3402 1110 3469 libertatem
1145 3405 1229 3470 tueri
1256 3405 1417 3490 volentes,

289 3505 387 3574 ledus
422 3521 494 3571 cunr
530 3502 602 3570 aliis
635 3500 953 3569 circumsedentibus
980 3503 1220 3570 commontanis
1248 3503 1420 3589 habentes,

291 3603 367 3672 duci
392 3603 559 3671 introitum
587 3605 835 3690 concesserunt,
863 3601 1040 3687 statimque
1059 3600 1228 3669 conclusis
1252 3603 1338 3670 inter
1364 3617 1420 3667 ar-

210 3723 273 3834 ιι1ιι5ι.
292 3701 450 3772 titudines
475 3700 635 3769 montium
662 3700 861 3788 restiterunt,
890 3704 924 3766 et
949 3700 1045 3785 quasi
1070 3698 1174 3768 ibices
1197 3699 1420 3769 dementibus

225 3781 495 3872 ¹⁵scandenres
522 3797 651 3887 lapides
677 3799 848 3886 miserunt,
874 3790 1053 3886 plurimos1
1080 3796 1283 3890 occiderunt,
1310 3799 1419 3886 quise

292 3898 472 3970 defendere
492 3915 602 3984 neque
629 3895 772 3964 eradere
795 3895 983 3965 ullomodo
1004 3900 1193 3983 potuerunt.
1225 3896 1419 3967 Ceciderunt

290 3999 336 4067 ibi
362 4002 503 4086 quatuor
536 3995 578 4063 de
605 3993 829 4082 lochenburg
861 3996 921 4062 viri
954 3994 1083 4063 nobiles
1112 3999 1145 4063 et
1169 4001 1322 4085 potentes
1347 4007 1417 4062 cnm

326 4150 356 4213 l)
375 4149 441 4202 nacb
459 4147 583 4216 plurimos
606 4148 640 4200 ist
664 4147 706 4200 ain
724 4144 814 4198 blatt'
806 4159 835 4198 nr
852 4145 899 4201 der
915 4145 952 4200 bs
970 4145 1144 4250 ausgeiallen,
1169 4147 1284 4203 nelcbes
1301 4146 1355 4199 bier
1372 4151 1417 4195 aus

290 4217 348 4271 deur
366 4218 516 4283 anonymus
534 4212 613 4268 Leob
631 4218 738 4280 arganza
752 4212 823 4266 wird
