3052 4878
289 175 359 249 112
606 205 721 252 vrcounr
744 207 789 254 er.
811 204 951 252 soraonr.
972 204 1106 252 nembro.

206 357 273 415 1312
290 343 454 414 minorum
479 360 583 434 prope
604 342 799 431 Capitolium
826 344 1036 412 muniverunt
1052 341 1096 410 de
1117 341 1282 430 aliquibus
1298 359 1408 431 eorum,

291 459 334 512 ne
352 442 516 531 perillum
534 443 644 512 looum
666 446 891 528 gravarentur.
931 442 1020 509 Gens
1047 442 1140 527 regis
1165 448 1245 530 post
1269 442 1330 510 hoo
1352 441 1410 508 do·
1505 469 1506 478 κ

290 560 377 610 mum
401 540 532 610 fratrum
551 541 716 610 Minorum
737 540 903 609 violenter
927 541 1069 630 intravit,
1096 545 1139 631 et,
1165 546 1202 609 ut
1220 541 1339 630 audivi,
1359 557 1411 629 par
1505 543 1506 558 l

291 657 493 710 eonsensum
520 640 706 727 aliquorum
732 637 884 728 fratrum,
917 641 995 726 quia
1021 639 1117 706 aliter
1142 656 1211 708 non
1236 640 1412 729 potuissent

291 741 365 808 sine
384 739 540 828 dampno.
566 737 736 819 Quosdam
758 736 801 805 de
819 738 884 806 illis
904 739 959 825 qui
972 738 1082 806 looum
1094 739 1303 807 muniverant
1319 755 1413 825 oepe-

291 843 376 929 mnt,
403 843 437 906 et
455 837 510 906 alii
528 839 562 905 in
583 836 779 926 Capitolium
801 834 956 922 fugerunt
975 836 1017 906 ad
1036 853 1117 906 suos
1141 839 1267 908 sooios.
1303 837 1413 906 Postea

289 936 455 1026 videntes,
484 933 574 1023 quod
592 935 737 1025 populus
754 933 923 1005 Romanus
939 953 1013 1004 oum
1036 940 1193 1006 senatore
1210 936 1368 1026 parabant
1381 951 1414 1002 se

290 1034 334 1104 ad
352 1033 497 1104 dandum
517 1035 676 1104 insultum
692 1039 807 1103 bontra
825 1033 1033 1126 Capitolium,
1061 1036 1139 1121 quia
1155 1035 1276 1104 multos
1296 1033 1338 1102 do
1355 1051 1414 1122 po·

290 1135 370 1224 pulo
392 1136 457 1202 iam
480 1133 737 1202 vulneraverant
762 1131 804 1202 de
827 1132 956 1202 balistis
982 1133 1151 1202 trahentes
1179 1151 1240 1222 per
1260 1134 1415 1202 fenestras

292 1231 335 1302 ad
361 1231 495 1301 diversa
520 1230 607 1322 looa,
634 1231 831 1301 dimiserunt
857 1231 1070 1322 Capitolium,
1098 1234 1149 1300 sio
1174 1233 1265 1320 quod
1291 1231 1417 1320 quilibet

292 1336 411 1421 posset
435 1334 568 1418 portare
596 1349 686 1400 arma
711 1349 774 1398 sua
800 1335 833 1398 et
848 1349 916 1399 una
936 1332 1011 1399 vioe
1036 1331 1194 1419 quioquid
1211 1336 1330 1420 posset
1341 1348 1416 1420 por-

292 1436 363 1498 ture
388 1447 461 1498 oum
488 1429 598 1498 armis,
636 1429 772 1498 Foebum
798 1433 851 1498 est
877 1431 936 1498 sio.
975 1429 1137 1500 Dominus
1152 1430 1345 1500 Ludovieus
1364 1447 1415 1497 se-

292 1533 389 1598 nator
415 1526 582 1596 dominum
598 1527 773 1597 Nieolaum
790 1526 832 1596 de
851 1527 949 1596 Senis
967 1528 1091 1598 dimisit
1111 1529 1234 1598 ibidem
1257 1529 1335 1600 looo
1354 1528 1416 1613 sui;

294 1646 392 1716 quem
412 1628 510 1695 etiam
532 1627 678 1716 populus
704 1627 797 1697 finito
815 1629 955 1697 termino
973 1629 1140 1698 senatoris
1163 1628 1286 1698 habere
1312 1627 1418 1716 voluit,

291 1731 391 1817 prout
416 1725 459 1796 ad
484 1743 626 1814 presens
653 1725 820 1796 retardor.

368 1823 543 1905 Quomodo
561 1823 714 1894 dominus
730 1824 863 1910 legatus
886 1829 919 1893 et
943 1824 1097 1894 dominns
1115 1823 1227 1893 Lucas
1245 1824 1419 1896 laborave-

293 1930 369 1994 runt
395 1929 608 1992 transeuntes
632 1922 675 1990 ad
701 1922 870 1992 dominum
887 1923 1070 1993 Iohannem
1089 1940 1149 2011 pro
1175 1941 1271 2014 paee,
1298 1929 1333 1994 et
1349 1921 1420 1992 nibil

293 2021 404 2090 faeere
428 2026 623 2109 potuerunt,
650 2021 818 2109 quomodo
846 2021 999 2092 dominus
1018 2040 1078 2090 rex
1093 2025 1128 2090 in
1144 2023 1318 2112 presentia
1340 2021 1420 2090 mul-

294 2127 400 2189 torum
427 2121 461 2188 in
487 2119 586 2188 domo
613 2119 737 2187 domini
762 2120 877 2212 legati,
904 2121 947 2189 ad
974 2139 1071 2209 quem
1095 2127 1244 2211 venerat,
1270 2123 1338 2210 ipsi
1361 2120 1421 2188 do-

293 2220 382 2291 mino
402 2219 528 2310 legato,
547 2216 681 2287 domino
699 2215 858 2310 Ostiensi,
886 2225 920 2289 et
933 2218 1068 2289 domino
1081 2219 1172 2288 Luae
1190 2219 1320 2311 obtulit,
1339 2216 1422 2307 quod

294 2323 430 2407 paratus
449 2322 530 2407 erat,
548 2316 731 2387 seeundum
748 2318 839 2404 quod
854 2336 917 2388 vos
933 2319 1111 2410 volebatis,
1128 2319 1226 2389 filiam
1238 2337 1334 2388 suam
1350 2318 1422 2387 dare

294 2417 362 2486 filio
388 2417 480 2503 regis
497 2414 644 2506 Roberti,
671 2422 705 2484 et
723 2415 823 2485 frater
842 2435 924 2486 suus
941 2417 1211 2508 impedimentum
1231 2422 1422 2505 removeret,

295 2514 386 2604 quod
413 2515 476 2584 sibi
502 2514 645 2584 fatiebat
670 2514 817 2584 tenendo
844 2518 930 2585 viam
952 2517 1100 2586 olousom
1121 2516 1165 2586 od
1191 2522 1344 2585 sanetum
1361 2516 1424 2585 Pe-

295 2621 396 2684 trum:
423 2615 568 2684 breviter
583 2613 703 2705 soribo,
719 2616 798 2702 quia
814 2614 968 2684 dominus
984 2617 1118 2702 legatus
1136 2617 1304 2686 sanotitati
1317 2620 1424 2685 vestra

294 2714 419 2803 retulit,
448 2715 504 2802 qui
522 2714 641 2782 melius
662 2715 727 2782 soit
753 2732 851 2801 quam
870 2731 951 2801 ego,
979 2722 1013 2783 et
1035 2732 1104 2783 non
1130 2715 1237 2784 solum
1263 2714 1341 2806 hoo,
1369 2710 1424 2782 sed

295 2813 407 2882 omnia
433 2829 498 2900 que
523 2811 613 2881 faeta
638 2813 773 2880 suntin
799 2812 891 2883 urbe.

374 2909 445 2978 Illis
474 2909 593 2979 diebus
621 2927 777 2980 reversus
811 2910 874 2980 fuit
903 2911 1003 2980 frater
1032 2911 1200 2982 lohannes
1228 2911 1270 2982 de
1300 2909 1425 2983 Luoido

294 3007 412 3078 Monte
438 3009 598 3094 magister
623 3009 657 3076 in
683 3009 854 3096 theologia
873 3016 907 3078 et
932 3009 1086 3079 dominus
1102 3012 1271 3082 lohannes
1299 3012 1342 3082 de
1357 3010 1426 3078 Ve-

296 3108 475 3192 nestingue
501 3103 673 3195 utriusque
705 3109 784 3177 iuris
814 3108 988 3198 professor
1022 3108 1062 3178 de
1089 3110 1240 3199 Neapoli.
1282 3111 1328 3180 Et
1352 3106 1427 3199 quid

297 3205 362 3274 sihi
378 3205 550 3292 respondit
569 3223 628 3275 rex
644 3205 809 3276 Robertus
824 3226 925 3297 super
938 3209 1111 3298 parentela
1127 3209 1293 3300 sarienda,
1320 3227 1427 3298 quam,

296 3306 383 3372 siout
407 3309 609 3391 potestatem
634 3305 808 3397 habentes,
837 3307 900 3376 sibi
928 3307 1111 3377 offerebant
1137 3308 1321 3377 seeundum
1344 3325 1428 3378 oon-

296 3401 441 3470 ditiones
469 3408 502 3470 et
527 3403 695 3496 artioulos,
723 3405 779 3492 qni
807 3405 938 3474 fuerunt
964 3412 1041 3475 ante
1061 3408 1204 3476 Brixiam
1225 3406 1428 3494 coneordati,

297 3501 398 3570 oredo
425 3501 515 3587 quod
547 3501 700 3572 dominus
731 3504 865 3591 legatus
892 3505 989 3574 vobis
1017 3505 1115 3594 dixit,
1143 3524 1209 3594 que
1234 3509 1269 3575 in
1291 3505 1428 3576 soedula

296 3618 396 3669 manu
422 3599 502 3668 dioti
528 3601 618 3687 regis
644 3600 779 3670 lloberti
806 3605 929 3692 seripta
955 3605 1221 3695 eontinebantur,
1248 3623 1314 3693 que
1330 3605 1430 3674 vole-

296 3699 353 3770 bat
379 3698 561 3790 adimpleri,
588 3704 765 3789 antequam
793 3703 865 3791 ipse
891 3701 994 3772 vellet
1013 3702 1122 3774 faeere
1141 3703 1360 3796 parentelam,
1388 3702 1429 3771 de

297 3799 416 3886 quibus
436 3799 518 3867 alias
535 3801 621 3868 inter
637 3804 835 3870 trattatorea
858 3802 949 3870 nulla
966 3809 1038 3872 erat
1053 3802 1143 3872 faota
1165 3805 1301 3874 mentio.
1335 3803 1432 3871 Plura

295 3898 330 3966 in
363 3897 502 3968 soedula
533 3899 805 3990 continebantur,
838 3900 881 3969 do
909 3901 1029 3989 quibus
1055 3920 1124 3972 non
1151 3901 1319 3972 reoordor.
1362 3900 1431 3970 lla-

295 3996 416 4067 oordor
441 4002 561 4090 autem,
589 3997 680 4086 quod
706 3998 842 4067 volebat
856 4001 1000 4070 vinarius
1017 4002 1140 4070 Tuseie
1159 4006 1252 4070 osset
1266 3999 1310 4070 ud
1328 4001 1432 4070 vitam

296 4095 382 4163 lilius
418 4112 521 4182 suus,
548 4103 582 4166 et
607 4097 697 4185 quod
731 4099 803 4186 ipse
835 4115 894 4167 rex
918 4098 1081 4170 llobertus
1109 4108 1202 4170 esset
1226 4098 1431 4170 admiraldus

294 4209 470 4282 permane
497 4201 531 4264 et
555 4198 699 4266 vioarius
725 4197 757 4264 in
784 4195 985 4268 Lumbardia
1014 4199 1057 4269 ad
1082 4199 1214 4288 aliquos
1241 4215 1373 4290 annae,
1400 4202 1433 4272 et.
