3002 4880
408 242 552 290 cunamen
573 243 611 288 DE
633 244 735 290 uestis
756 245 923 291 Putativus.
1210 222 1229 286 7

111 380 180 449 idco
198 380 399 448 venerabilis
414 383 597 470 episeopus
614 381 782 452 Baliensis
793 377 815 473 ¹,
841 389 963 471 postea
980 401 1062 452 vero
1089 383 1230 473 episco-

110 497 165 568 pus
185 479 412 571 MaguntinuS,
439 482 565 569 pietate
592 487 716 570 motus,
745 489 916 569 comperto
943 482 1035 568 quod
1061 486 1230 552 exercitus

109 596 159 667 pre
192 578 416 648 sollicitudine
445 599 559 667 pugne
590 582 794 670 turbaretur,
831 582 928 664 iubet
961 601 1062 650 unum
1098 581 1230 650 tratrem

109 676 144 745 de
167 677 349 746 Minoribus
364 677 539 767 predicare
557 682 730 770 exercitui,
758 678 843 747 dans
871 681 902 747 ci
919 682 1089 748 materiam
1113 683 1148 748 in
1167 682 1231 749 boe

109 775 217 867 verba,
243 795 311 863 qua
336 778 531 846 consoletur
558 795 618 846 eos
644 781 766 867 pariter
793 784 828 845 et
853 778 1025 869 hortetur,
1051 786 1088 847 ut
1115 787 1229 848 eontra

108 874 308 943 adversarios
338 893 420 945 suos
453 883 665 968 constanter,
692 877 756 946 Dei
772 877 914 968 auxilio,
943 878 1074 947 sublato
1101 881 1230 970 timore,

108 973 233 1042 viriiiter
266 973 443 1066 dimicent,
477 974 610 1043 dicens:
644 994 726 1061 opes
757 975 820 1043 Det
854 994 943 1060 ecce,
971 979 1049 1062 pata
1078 979 1141 1062 iper·
1164 996 1230 1062 pra

100 1073 219 1153 justitia
253 1077 436 1157 certarent,
469 1077 502 1141 et
531 1076 611 1158 vno,
646 1075 676 1142 ci
710 1077 782 1160 pata
814 1075 848 1142 tn
875 1076 985 1160 pretio
1004 1093 1071 1160 pro
1097 1078 1230 1156 Jastttta

105 1175 197 1238 morte
215 1176 461 1258 preoccupatus
491 1173 609 1257 faerit,
635 1177 771 1242 mertem
795 1173 932 1240 mutabit
953 1176 988 1242 tn
1011 1176 1111 1240 ettam
1135 1179 1168 1241 et
1196 1177 1231 1241 tn

105 1269 206 1337 celesti
243 1271 356 1358 gloria
396 1288 555 1338 caronam
590 1274 761 1340 martinam
799 1274 974 1352 sortietur&
1007 1290 1118 1339 comem
1151 1290 1229 1340 acro

105 1369 280 1437 advesarii
297 1368 435 1438 rebelles
443 1371 589 1453 factitia,
615 1371 656 1437 de
676 1369 894 1438 inobedientia
911 1372 1149 1456 condempnati,
1175 1373 1230 1456 qai

106 1485 206 1534 aaran
229 1470 266 1536 in
284 1468 393 1553 pretia
407 1470 516 1536 necati
535 1486 593 1535 sea
607 1469 708 1536 occist
723 1469 854 1552 suerint,
880 1471 948 1535 otta
973 1473 1088 1537 eterno
1106 1471 1229 1555 prica-

104 1565 209 1633 tantur
231 1570 267 1634 et
279 1565 504 1634 montaneae
521 1568 591 1634 stne
612 1567 678 1648 fine
703 1569 813 1634 amari
830 1565 973 1648 jebenne
995 1569 1153 1634 incendite
1176 1571 1229 1634 tn-

104 1666 271 1732 tnvdeatar.
313 1665 375 1733 His
402 1664 524 1733 auditis
557 1664 685 1734 cordati
720 1672 753 1733 et
781 1665 956 1750 jocundati
983 1664 1094 1733 divine
1122 1668 1228 1751 gmtie

103 1781 135 1832 se
163 1766 371 1855 submittunt,
397 1765 576 1834 instantem
601 1783 748 1852 pugnam
775 1764 873 1832 letius
896 1767 965 1848 jam
991 1770 1179 1852 expectent.

168 1863 291 1933 Vemm
325 1861 489 1931 Rudolius
524 1881 602 1953 rex,
636 1865 671 1931 in
703 1869 773 1931 arte
807 1862 971 1950 preliandi
1001 1881 1068 1931 non
1095 1862 1229 1931 medio-

103 1961 192 2029 criter
225 1965 356 2053 peritus
389 1967 422 2030 ct
457 1961 611 2052 edoctus,
644 1963 808 2030 instaurat
840 1962 994 2052 militem,
1030 1962 1136 2030 aciem
1170 1963 1228 2030 in-

103 2062 206 2152 stmit,
234 2066 461 2147 consertaque
487 2051 837 2149 pugna'eommissum
856 2067 909 2128 cst
928 2061 1104 2148 pretiuma
1130 2078 1227 2128 mane
1249 2080 1317 2133 1278
1367 2089 1369 2094 ·
1451 2132 1455 2140 ,

101 2177 201 2248 usquc
226 2166 309 2250 post
334 2158 522 2248 meridiem,
559 2159 660 2246 fitque
696 2177 903 2246 congressus
929 2162 1071 2247 partium
1097 2161 1228 2228 utrius-
1250 2163 1312 2270 *2⁰6⁰

102 2275 170 2344 quc.
209 2260 289 2328 Hiis
314 2276 396 2346 erge
424 2258 573 2326 certatim
598 2259 827 2346 pugnantibus
854 2264 886 2326 et
912 2259 1024 2325 multis
1051 2257 1228 2326 hincinde

101 2358 131 2424 in
162 2360 270 2447 prelio
297 2357 488 2449 ruentibus,
516 2373 598 2424 ecce
624 2356 758 2444 quidam
786 2356 942 2425 officialis
969 2375 1009 2424 ac
1035 2357 1158 2425 nobilis
1185 2355 1228 2424 de

100 2452 227 2528 bustric
255 2462 290 2526 et
316 2457 358 2525 dc
383 2462 478 2546 parto
505 2457 597 2541 regis
622 2455 804 2538 Bobemie,
831 2455 893 2524 scd
920 2457 993 2522 eius
1021 2456 1228 2524 domesticus

100 2555 259 2648 imminue,
289 2557 385 2624 cuius
407 2555 540 2622 tratrem
560 2572 629 2622 non
652 2554 756 2641 longe
778 2561 855 2622 ante
882 2553 1080 2641 quibusdam
1115 2555 1228 2621 causis

102 2656 310 2740 exigentibus
337 2655 451 2722 necari
477 2654 618 2722 iecerat:
653 2653 708 2720 bic
735 2672 809 2721 cum
835 2651 1003 2721 dominum
1031 2670 1127 2720 suum
1153 2670 1228 2718 me-

100 2761 255 2823 moratum
297 2772 428 2843 regem,
462 2770 523 2841 pro
557 2770 624 2839 quo
659 2770 811 2839 pugnare
846 2750 1008 2820 debuerat
1040 2753 1091 2826 in,
1108 2751 1227 2841 prelio,

100 2869 152 2938 per
167 2854 359 2939 intersigna
376 2850 528 2920 studiose
545 2856 578 2918 et
594 2851 790 2936 diligentius
801 2851 998 2940 notavisset,
1013 2851 1047 2918 in
1067 2851 1228 2918 ultionem

100 2948 202 3020 tratris
225 2953 281 3022 sui
305 2953 444 3040 propius
467 2949 653 3040 accedens,
681 2955 780 3018 acuto
818 2949 933 3036 gladio
967 2949 1067 3017 letale
1105 2949 1228 3018 vulnus

99 3047 187 3118 lateri
205 3053 301 3138 regis
318 3051 446 3118 inssixit.
481 3047 546 3129 Qui
574 3048 751 3117 confestim
772 3047 815 3116 de
832 3066 920 3135 equo
943 3050 1075 3139 corruit,
1104 3053 1228 3116 etcum

100 3166 161 3217 non
182 3155 306 3239 posset
327 3151 442 3218 vivere
466 3152 546 3236 post
570 3149 708 3238 ruinam,
731 3149 817 3214 inter
833 3164 951 3214 manus
970 3147 1125 3214 clientum
1141 3164 1228 3214 suo·-

100 3264 163 3316 mm
193 3251 263 3318 vite
292 3267 353 3316 sue
380 3246 467 3316 diem
494 3246 642 3314 ultimum
677 3249 727 3313 sie
753 3246 870 3316 finivit.
921 3244 1004 3313 Mox
1030 3252 1094 3313 tam
1122 3247 1229 3312 mise-

99 3348 205 3416 rabilis
233 3349 328 3434 regis
355 3339 530 3415 oeeasus²
554 3344 611 3413 diu
636 3346 741 3414 latere
767 3362 835 3414 non
861 3346 979 3434 potuit,
1007 3343 1070 3412 scd
1089 3351 1229 3432 repente

100 3443 289 3534 divulgatus
315 3447 350 3512 in
378 3446 573 3534 certamine,
601 3445 675 3512 aliis
702 3442 928 3512 exultantibus
955 3444 1030 3511 aliis
1057 3443 1228 3531 plangen-

100 3545 194 3637 tibus,
218 3546 444 3615 Bobemorum
470 3545 639 3612 exercitus
667 3547 840 3611 eteorum
867 3543 1060 3630 complices,
1086 3543 1143 3628 qui
1164 3559 1228 3608 su-

99 3647 252 3730 perstites
278 3649 529 3733 remanserant,
563 3642 675 3729 iugum
712 3643 846 3731 ineunt,
883 3642 994 3730 multis
1021 3640 1228 3727 interemptis

100 3743 225 3836 gladio,
259 3744 374 3833 piures
409 3741 572 3829 fugiendo
607 3742 703 3829 aquis
737 3740 970 3810 miserabiliter
1004 3739 1229 3827 preioountur.

100 3840 165 3910 Nec
180 3845 311 3933 mirum,
338 3841 417 3928 quia
431 3857 595 3930 percusso
613 3846 749 3929 pastore
774 3858 856 3909 oves
873 3839 1070 3907 necessario
1092 3835 1229 3924 disper-

100 3948 226 4026 guntur.
277 3942 459 4029 Postquam
485 3946 596 4008 autem
623 3945 794 4008 cessatum
820 3944 874 4008 est
898 3957 919 4004 a
944 3955 1076 4026 pugna,
1102 3934 1229 4004 Roma-

128 4100 158 4166 i]
176 4101 212 4156 So
231 4102 260 4156 in
281 4101 329 4156 der
344 4099 382 4154 bs.
401 4103 463 4155 statt
480 4098 640 4153 basiliensis.
683 4098 719 4152 us
736 4113 791 4152 war
815 4095 955 4162 Heinrich,
986 4093 1032 4148 der
1057 4093 1123 4149 1286
1150 4093 1231 4148 durch

102 4171 240 4237 papstticbe
271 4181 426 4238 ernennung
463 4166 613 4224 crzbiscboi
640 4179 693 4221 von
724 4167 809 4222 biaiuz
839 4165 946 4232 murto,
979 4163 1031 4217 und
1056 4162 1124 4218 1288
1153 4163 1230 4218 starb.

101 4235 129 4301 2]
147 4251 241 4294 coesus
260 4237 299 4293 bs.
