3002 4880
409 238 552 286 cllnoltlcl
575 239 612 284 un
634 240 732 286 clanis
753 240 919 286 l’lllllCll'Ull.
1183 212 1228 281 59

100 377 178 444 rexit
199 377 261 445 lter
283 393 380 444 suum
397 393 517 446 versus
538 374 705 445 niustriam
730 395 790 466 per
815 383 982 468 montana,
1009 378 1129 447 volens
1147 377 1227 448 inibi
1246 389 1313 445 1320

99 475 267 565 hyemare,
295 474 392 544 irat-re
419 492 483 544 suo
509 475 684 566 Leupoldc
710 478 745 544 in
772 475 895 545 Suevia
920 485 1124 546 remanente.
1159 477 1228 546 Sed

100 593 153 642 rex
168 572 351 643 Ludwicus
371 573 533 662 quasdam
551 576 646 661 regni
672 576 823 643 civitates
840 593 1022 664 peragrans
1043 577 1229 645 Bawariam

98 675 283 764 intraturus,
308 672 430 741 ibidem
458 676 555 742 etium
581 672 734 762 hyemem
759 691 1007 764 permansurus.
1032 675 1073 744 llt
1094 694 1168 744 cum
1193 679 1227 744 in

97 770 238 840 llouaco
264 772 375 840 natale
399 771 532 842 Domini
557 771 750 863 celebraret,
776 790 846 842 non
870 775 972 842 multo
992 779 1071 862 0001
1094 774 1229 844 domina

95 871 228 939 Beatrix
262 872 477 940 serenissima
508 873 643 961 regina,
678 870 864 940 infirmitate
899 878 1052 961 correpta
1084 879 1227 941 vocante

94 969 237 1038 Domino
263 962 416 1038 moritur1
444 972 528 1038 etin
550 969 666 1039 eadem
689 973 820 1039 civitate
841 973 875 1038 in
894 964 1226 1040 monasterio²beate

94 1069 232 1153 virginis
255 1067 370 1160 llario,
392 1066 480 1138 lacto
503 1071 688 1160 mausoleo,
712 1069 886 1138 celebratis
902 1069 1023 1139 debitis
1042 1071 1226 1163 ohsequiis,

95 1167 280 1236 tumultum.

167 1265 290 1334 Verum
306 1266 472 1354 principes
486 1261 621 1336 Austrie
635 1265 790 1334 videntes
808 1285 845 1335 se
859 1285 920 1356 pro
936 1285 1042 1354 regno
1058 1285 1158 1336 casso
1171 1268 1227 1337 la·
1244 1285 1311 1341 1022

93 1363 175 1432 bore
202 1365 337 1432 multum
363 1363 521 1452 fatigatos
539 1371 574 1434 et
593 1383 750 1452 magnum
773 1364 949 1454 dampnum
966 1385 1026 1455 pru
1044 1385 1086 1434 co
1110 1369 1144 1434 in
1160 1385 1226 1456 00-

94 1465 193 1530 cunia
225 1464 416 1553 accepisse,
451 1465 625 1532 consilium
656 1482 757 1552 super
788 1466 1027 1556 0010000000,
1056 1465 1225 1553 quomodo

93 1563 142 1630 rei
168 1561 265 1630 linem
297 1564 508 1650 imponerent
533 1570 567 1632 00
590 1580 730 1650 regnum
761 1563 967 1631 commodius
1000 1563 1225 1654 possiderent,

92 1658 228 1728 tandem
253 1662 453 1731 invenerunt
477 1662 556 1731 utile
584 1661 666 1753 lore,
692 1668 730 1730 ut
750 1663 829 1728 totis
847 1662 971 1729 viribus
996 1677 1110 1748 regem
1128 1661 1225 1730 Lud-

92 1760 214 1828 wicum
233 1759 275 1828 de
295 1759 448 1828 Bawaria
475 1760 663 1851 extrudunt,
689 1761 744 1828 001
769 1779 842 1828 cum
867 1777 909 1828 00
935 1759 1091 1828 bellando
1117 1762 1226 1849 ipsum

92 1857 259 1948 occidunt,
286 1876 353 1946 quo
381 1856 468 1926 lactc
494 1878 594 1928 nemo
621 1861 664 1927 sit
689 1860 745 1946 quui
771 1862 821 1928 cis
848 1861 943 1946 regni
968 1861 1136 1927 introitum
1160 1878 1226 1930 va-

91 1957 161 2024 leat
185 1956 378 2046 prohiberc;
403 1956 481 2026 inde
500 1977 579 2026 mox
597 1963 668 2027 toto
686 1959 742 2026 illo
760 1976 849 2027 0000
871 1957 913 2026 dc
933 1958 1087 2027 omnibus
1110 1959 1226 2027 visce-

90 2054 181 2123 ribus
209 2055 343 2124 ditionis
372 2073 432 2123 sue
458 2075 615 2143 magnum
632 2058 1052 2145 exercitumpugnatorum
1072 2058 1226 2144 college-

92 2158 177 2222 runt.
212 2154 313 2223 Pone
339 2153 408 2223 dux
433 2159 467 2223 00
492 2154 611 2224 fratres
639 2158 690 2224 sui
711 2157 864 2241 juniores
898 2172 984 2243 quos
1010 2155 1132 2224 habere
1158 2173 1227 2245 po·

92 2257 200 2321 terant
226 2252 268 2321 dc
292 2249 446 2345 dustria,
473 2252 515 2322 dc
533 2254 700 2345 Unguria‚
728 2254 877 2345 sclavia,
906 2255 1033 2344 styria,
1057 2254 1227 2323 llan'nthia

93 2359 126 2419 et
142 2351 217 2418 aliis
235 2353 417 2440 provinciis
437 2370 651 2422 numerosum
674 2355 853 2422 exercitum
871 2359 1120 2439 congregantes
1136 2353 1226 2421 mul-

96 2455 147 2519 tos
174 2451 394 2537 collegerunt.
418 2451 507 2520 Inter
537 2470 624 2539 quos
650 2454 743 2521 venit
769 2453 866 2520 etiam
893 2454 943 2520 eis
968 2453 1003 2518 in
1028 2451 1227 2520 adiutorium

95 2548 227 2635 quidam
254 2567 313 2618 rex
333 2549 541 2620 Tartarorum
564 2569 637 2619 cum
665 2552 811 2620 exercitu
838 2568 911 2640 suo,
939 2551 996 2637 qui
1020 2551 1054 2616 in
1080 2567 1228 2618 ascensu

94 2647 212 2715 multas
239 2647 527 2718 abhominationes
552 2656 585 2718 ot
603 2650 731 2718 scelera
753 2651 998 2737 commiserunt,
1027 2665 1091 2734 que
1108 2648 1226 2716 melius

95 2750 146 2812 est
163 2747 296 2814 silentio
312 2749 470 2834 preterire
492 2766 590 2835 quam
609 2749 773 2836 scribere3
792 2764 857 2835 que
875 2749 974 2815 ctiam
990 2746 1083 2814 Deus
1105 2752 1227 2835 000000

94 2844 128 2910 10
146 2844 285 2913 ducibus
304 2842 449 2937 Austric,
475 2848 663 2937 010001οι0,
690 2845 879 2916 vindicavit.
904 2844 988 2913 Nam
1007 2852 1119 2934 preter
1143 2845 1225 2913 alias

96 2942 275 3012 abusiones
303 2961 387 3031 quas
414 2944 565 3016 lecerunt
589 2952 697 3014 cattos
724 2950 758 3013 et
784 2961 887 3014 canes
915 2949 1051 3014 assatos
1072 2946 1228 3014 veracis-

98 3042 177 3110 sime
202 3040 427 3113 comederunt

168 3139 298 3209 lnterim
316 3140 384 3210 dux
397 3141 592 3231 Leupoldus
616 3161 686 3210 non
702 3146 800 3210 vacat
817 3142 885 3210 otiu
907 3140 995 3230 apud
1011 3139 1148 3232 Renum,
1166 3141 1229 3209 sed

97 3243 166 3306 toto
191 3257 296 3328 posse
322 3240 460 3331 laborat,
488 3246 525 3308 00
550 3243 648 3309 etiam
669 3247 834 3309 convocet
852 3239 1096 3309 multitudinem
1121 3259 1229 3308 arma-

97 3342 210 3428 torum,
238 3344 272 3407 at
298 3356 383 3426 quos
410 3339 533 3408 habere
565 3342 673 3428 potuit
698 3339 740 3408 de
765 3338 871 3429 Reno,
905 3338 948 3407 dc
974 3339 1158 3430 Lemanno,
1186 3337 1229 3406 dc

97 3433 234 3527 Elsatia‚
270 3433 313 3506 de
341 3437 476 3507 chvia
509 3439 745 3526 congregavit,
778 3443 815 3506 ut
839 3439 950 3526 possit
975 3436 1129 3506 fratribus
1157 3440 1229 3505 suis

99 3531 142 3599 ad
158 3535 372 3622 pugnandum
386 3538 421 3605 in
437 3538 591 3606 Bawaria
606 3538 753 3606 obviare.
778 3537 821 3604 Et
844 3553 916 3604 cum
938 3536 1133 3623 collegisset
1152 3554 1228 3603 ma-

99 3648 195 3714 gnum
228 3637 411 3704 exercitum
446 3636 626 3705 electorum
659 3638 804 3703 virorum
837 3634 979 3724 proiecti
1005 3640 1084 3704 sunt
1109 3651 1227 3702 versus

136 3771 162 3836 1]
178 3773 273 3833 Wedcr
291 3775 358 3830 1320
376 3776 444 3830 noclr
467 3777 530 3832 1321
559 3777 627 3831 ncclr
652 3777 718 3830 1322
735 3776 841 3831 brachte
859 3775 967 3843 Lndwig
986 3777 1027 3832 die
1044 3774 1228 3830 weihnaclten

98 3839 128 3892 in
151 3840 273 3900 lldnclrcn
296 3859 345 3913 zu,
369 3845 435 3900 doclr
458 3859 514 3900 war
531 3858 561 3900 cr
576 3848 612 3900 im
629 3845 727 3900 lctzten
747 3845 807 3912 jalr
830 3844 870 3899 bis
893 3860 950 3898 zum
973 3846 1004 3898 21
1030 3844 1084 3897 dec.
1105 3841 1231 3896 uasetnst.

98 3906 199 3962 Beatnu
218 3927 287 3968 muss
311 3927 359 3967 vor
383 3913 441 3967 dem
459 3914 491 3968 15
509 3928 568 3980 aug.
587 3913 654 3968 1323
671 3912 811 3980 gestorben
830 3915 887 3968 sein
919 3913 980 3966 weil
999 3928 1032 3966 an
1051 3911 1150 3964 diesem
1167 3916 1192 3965 ta
1212 3924 1228 3967 a

98 3973 145 4054 dis
159 3977 334 4047 elcbercdung
351 3980 473 4050 Ludwigs
490 3984 535 4036 mit
547 3981 709 4046 Margaretna
726 3995 778 4035 von
792 3955 902 4034 Holland
916 3979 1117 4046 algesclrlossen
1130 3924 1229 4032 wurffo.

98 4041 150 4095 Dra
164 4047 258 4112 angebo
276 4049 323 4103 der
340 4049 403 4105 Com
420 4052 492 4105 ilatio
516 4050 697 4118 chronologica
719 4049 786 4118 apud
804 4047 895 4103 001010
913 4049 929 4101 2
957 4047 1004 4101 att
1025 4047 1084 4101 dass
1102 4051 1141 4101 sia
1161 4045 1228 4101 1323

98 4123 144 4162 um
166 4115 288 4170 nittuoclr
315 4117 381 4172 nach
404 4065 763 4184 Bartholcmiusgestorlten
782 4119 830 4184 sai,
848 4118 881 4169 ist
899 4089 978 4170 dalrar
996 4115 1083 4170 1010010.
1118 4117 1149 4182 2)
1169 4130 1227 4170 mc-

100 4181 235 4253 nasterium
251 4185 316 4238 vird
332 4185 389 4240 lier
405 4199 435 4240 so
453 4186 505 4240 viel
523 4186 562 4239 als
579 4186 697 4240 miinster
713 4185 829 4254 10010000,
848 4183 918 4238 deun
932 4185 974 4238 mil
987 4183 1034 4238 der
1048 4183 1228 4241 lrauanlirche

99 4259 130 4296 rn
153 4245 269 4307 llinclren
287 4268 342 4310 war
360 4256 404 4310 nic
422 4257 465 4310 cin
483 4254 580 4310 llostcr
596 4253 748 4309 verbunden
