3096 4882
487 201 592 249 narare
614 204 749 250 iuniores
771 203 823 248 ons
843 203 958 248 anieno.
1221 173 1292 244 199

158 341 203 412 ad
229 341 296 412 hoo
328 339 428 411 nobis
454 345 488 410 et
514 357 611 411 saoro
636 342 773 430 imperio
809 359 852 410 ex
877 340 955 410 lidoi
981 340 1094 410 debito
1121 339 1293 426 obligaris.

157 443 209 512 Ex
236 440 354 528 quibus
380 441 553 528 promissis
581 445 615 508 et
640 442 728 508 omni
755 441 820 510 alio
846 439 945 508 modo
973 457 1039 526 quo
1062 457 1242 528 possumus
1260 447 1292 508 te

159 546 391 610 contestantes
419 542 706 626 attentissimeque
733 543 910 629 rogantes,
935 543 1025 608 tuum
1052 539 1209 608 auxilium
1235 541 1292 606 in-

159 657 337 728 vooamus,
374 644 408 706 ot
442 637 483 708 ad
519 638 774 726 obsequendum
806 639 922 728 nobis,
955 645 993 706 ut
1017 639 1231 728 premittitur,
1258 645 1291 706 to

157 739 261 808 oorde
280 745 313 807 et
334 738 432 806 labiis
450 739 638 807 invitamus,
680 737 829 806 Soiturus
857 739 1051 828 certissime,
1080 736 1169 825 quod
1185 754 1291 825 prop-

158 844 251 906 terea
283 837 327 905 ad
354 837 399 904 tui
432 837 570 905 honoris
605 839 909 922 augmentationem
935 844 967 904 et
997 836 1040 904 ad
1067 837 1292 904 sublimiorem

158 944 249 1006 tuum
277 942 397 1006 statum
423 936 596 1005 intendere
622 936 793 1026 volumus,
826 941 860 1004 et
884 937 1138 1025 prescriptorum
1165 937 1292 1020 gratis-

159 1037 261 1106 simas
289 1034 430 1105 reddere
456 1035 515 1104 tibi
539 1037 643 1104 vibes,
686 1035 830 1103 Noveris
858 1037 954 1102 etiam
975 1034 1065 1123 quod
1083 1037 1188 1123 ipsam
1205 1052 1292 1102 oon-

157 1135 321 1204 tlroralem
345 1140 504 1223 nostram,
531 1136 676 1202 inolitam
702 1133 923 1220 Margaretam
951 1133 1172 1202 Romanorum
1197 1135 1292 1218 regi-

157 1252 243 1324 nam,
271 1233 370 1303 nobis
386 1232 557 1302 transduoi
574 1232 814 1323 mandavimus,
841 1239 877 1301 ut
903 1233 998 1301 simul
1012 1233 1186 1302 nobiseum
1204 1231 1292 1320 apud

156 1332 386 1402 Mediolanum
402 1334 436 1400 in
456 1335 606 1420 proximo
623 1338 811 1423 ooronetur‚
840 1338 873 1400 et
892 1332 1012 1400 exinde
1029 1332 1132 1402 Rome
1160 1333 1293 1400 ooronis

158 1431 383 1520 imperialibus
417 1431 604 1502 insulemur.
662 1431 784 1500 Datum
811 1431 974 1521 Tridenti,
1009 1433 1042 1500 iii
1075 1429 1150 1500 idus
1176 1432 1293 1520 martii,

158 1531 221 1600 sub
248 1531 346 1617 regni
370 1531 478 1600 nostri
503 1549 593 1600 anno
618 1523 706 1600 xiii1.

230 1725 260 1786 7.
281 1723 411 1800 Ludwig
437 1723 604 1788 rdmisober
634 1723 728 1797 konig
757 1721 893 1784 schreibt
919 1721 987 1786 dem
1015 1723 1123 1799 grafan
1152 1724 1295 1788 Wilhelm

281 1821 341 1868 uon
371 1806 502 1868 Holland
530 1805 728 1882 wiederbolt‚
755 1806 813 1866 wie
835 1820 868 1866 er
896 1821 994 1880 gagen
1021 1809 1105 1868 seina
1132 1811 1214 1868 erste
1242 1807 1294 1868 ab·

281 1887 362 1950 sicbt
384 1890 415 1950 in
438 1887 485 1950 die
507 1887 686 1950 bombardei
714 1887 892 1961 eingernckt
913 1890 973 1967 sei,
994 1887 1107 1949 meldet
1128 1888 1190 1949 ihm
1212 1891 1295 1949 seina

282 1973 447 2046 giinstigen
477 1970 595 2046 erfolgo
617 1969 679 2030 und
701 1968 905 2048 nunburgen,
927 1968 989 2030 und
1011 1969 1130 2031 fordert
1151 1971 1204 2031 ibn
1227 1971 1295 2031 auis

284 2051 484 2127 dringendste
511 2053 579 2133 aui,
611 2051 675 2113 ihm
705 2067 803 2126 zuzug
833 2067 872 2112 zu
904 2051 1025 2112 leisteu.
1074 2052 1182 2133 como,
1217 2054 1296 2114 1327

280 2134 359 2212 april
384 2137 430 2196 lo.

232 2251 426 2322 Ludovious
444 2253 498 2322 dei
516 2256 624 2341 gratia
641 2251 864 2322 Romanorum
881 2271 950 2344 rex,
971 2271 1103 2342 semper
1120 2260 1296 2340 augustus.

158 2350 346 2440 Speotabili
371 2355 443 2421 viro
470 2353 638 2422 Willelmo
667 2352 778 2420 oomiti
803 2351 992 2443 Hollandie‚
1020 2370 1139 2422 sooero
1156 2372 1217 2422 suo
1241 2353 1296 2421 di-

157 2449 260 2542 leoto‚
280 2454 426 2537 graoiam
450 2471 542 2520 suam
561 2460 595 2521 ot
613 2469 710 2521 omne
729 2451 862 2518 bonum.
907 2449 1190 2531 eremadmodum
1212 2453 1296 2520 alias

156 2547 218 2616 tibi
245 2551 453 2643 soripsimus‚
481 2553 560 2620 lioet
586 2552 649 2619 alia
674 2551 859 2618 intentione
885 2555 919 2616 et
944 2553 1117 2638 proposito
1142 2553 1297 2638 pertige-

156 2649 262 2717 rimus
289 2652 406 2719 ianuas
431 2651 648 2740 Lombardie‚
684 2651 771 2718 saori
797 2655 907 2716 tamen
932 2650 1062 2736 imperii
1086 2651 1296 2737 irreoupera-

158 2747 260 2815 bilem
288 2749 541 2818 subversionem
567 2749 733 2838 videntes²
759 2765 800 2814 ao
827 2748 1001 2815 audientes
1028 2747 1139 2814 iletnm
1166 2754 1198 2815 et
1215 2748 1296 2815 ulu-

157 2846 263 2914 latum
289 2849 470 2917 zelatorum
497 2851 587 2941 eius,
615 2866 657 2916 ne
685 2845 776 2935 quod
801 2845 1065 2935 predecessores
1091 2849 1196 2915 nostri
1222 2845 1295 2916 Ro-

155 2965 330 3014 manorum
365 2949 581 3036 imperatores
618 2953 652 3014 et
691 2963 790 3032 reges
834 2948 1085 3033 acquisiverunt
1121 2947 1296 3015 multorum

155 3045 441 3114 Thoutonioorum
468 3049 633 3133 sanguine
653 3062 822 3132 generoso
844 3047 967 3113 nostris
991 3046 1194 3135 temporibus
1215 3065 1297 3135 pern

159 3143 267 3235 datar,
295 3163 459 3214 memores
487 3149 584 3214 etiam
603 3146 775 3212 multarum
802 3146 1030 3212 instantiarum
1049 3151 1084 3212 et
1100 3148 1298 3233 persuasio-

156 3261 238 3311 num
258 3250 396 3335 tnarum,
416 3245 536 3332 quibus
558 3243 749 3332 frequenter
765 3250 906 3311 oonatus
927 3261 964 3311 es
984 3262 1048 3312 nos
1072 3243 1113 3311 ad
1132 3263 1298 3333 progres-

161 3361 223 3411 sus
240 3343 451 3432 subscriptos
468 3363 528 3433 pro
545 3344 669 3412 viribus
690 3343 849 3410 inclinare
856 3365 865 3429 3
894 3345 965 3410 eius
978 3361 1041 3411 nos
1057 3343 1296 3436 miserioordie7

161 3443 221 3530 qui
252 3442 350 3511 nobis
383 3443 543 3511 divinitus
578 3442 712 3528 tradidit
745 3444 916 3529 imperium
943 3441 1211 3531 gubemandum‚
1238 3461 1301 3530 per

157 3559 260 3630 quem
286 3559 386 3628 reges
413 3549 556 3629 regnant
581 3548 615 3611 et
639 3544 808 3631 prinoipes
833 3539 1059 3632 dominantur,
1088 3541 1150 3609 sub
1178 3540 1299 3608 irduoia

193 3689 225 3754 1)
245 3687 308 3742 llier
326 3687 385 3742 sind
402 3688 457 3744 also
477 3688 517 3742 die
535 3688 643 3744 wahren
662 3687 798 3742 umstdndo
817 3686 935 3754 entbiillt‚
955 3691 1031 3742 anter
1048 3685 1167 3740 walchen
1190 3685 1299 3758 Lndwig

158 3755 1298 3826 mmmmmffimmmfflmmwmmmmfflmwm

159 3823 342 3879 sobriltstaller
362 3829 456 3879 seinen
478 3841 527 3893 zuo
545 3825 583 3880 als
602 3832 678 3880 einen
697 3825 792 3878 vorher
810 3822 1014 3890 beabsiohtigten
1033 3821 1086 3875 und
1104 3821 1297 3876 vorboroitoten

161 3892 314 3960 dargestellt
330 3891 425 3947 haben.
460 3894 539 3948 Diese
563 3892 710 3948 aussiebten
734 3906 824 3946 waren
842 3891 941 3945 freilioh
958 3890 1081 3957 lookend,
1100 3891 1188 3958 spiter
1205 3890 1297 3944 lamen

162 3961 205 4014 die
232 3961 475 4030 schrvieriglreiten;
501 3964 547 4015 der
568 3960 686 4030 lreudige
713 3962 805 4028 einzug
829 3959 934 4026 endigte
958 3959 1002 4011 mit
1026 3960 1113 4012 einem
1139 3957 1210 4011 niobt
1238 3959 1299 4011 sehr

161 4028 336 4082 enranrolien
360 4029 486 4098 riiolrzrrg·,
509 4030 586 4084 lreine
610 4029 752 4096 geordnota
770 4027 911 4082 barrsoball
928 4041 985 4080 war
1000 4024 1136 4092 balastrgt,
1154 4024 1217 4080 abor
1234 4041 1299 4080 aus-

162 4094 1298 4166 mmmmmmmmmffimmmmwmme-

160 4166 229 4234 niss,
247 4165 366 4220 welobes
387 4165 426 4219 bis
450 4166 496 4220 aui
516 4166 557 4221 die
576 4164 771 4246 Hobanstaulen
796 4163 925 4217 zwisobon
950 4162 1125 4219 Dautsebland
1143 4163 1194 4216 und
1211 4163 1300 4218 ltalien

161 4232 308 4290 bestanden
326 4233 405 4301 batte,
423 4235 511 4290 warde
529 4235 600 4289 nieht
617 4233 716 4288 wrador
734 4232 892 4299 bergestellt.
