3052 4878
119 749 299 823 NICOLAI
341 750 534 821 EPISCOPI
572 749 949 820 BOTRONTINENSIS
981 749 1169 821 RELATIO
1201 754 1258 823 DE

121 873 313 946 HEINRICI
348 874 410 941 Vll
443 871 733 942 IMPERATORIS
769 872 940 941 ITINERE
981 871 1156 944 iunLico
1198 874 1258 945 AD

272 998 542 1069 CLEMENTEM
567 995 714 1067 PAPAM
740 997 780 1067 V.
832 997 927 1068 1310
944 1036 988 1046 -
1007 997 1115 1068 1313.

568 1201 815 1213 ...ι-..-

196 1396 421 1490 sanctissime
441 1419 557 1506 palari
577 1416 665 1488 lnlra
683 1419 806 1506 scripta
821 1421 917 1506 sunt,
942 1434 1007 1504 qne
1029 1420 1104 1485 aeta
1123 1423 1200 1485 sunt
1225 1417 1260 1484 in

120 1513 236 1606 ltalia,
270 1522 451 1604 postquam
482 1515 636 1586 dominus
671 1519 849 1606 imperator
882 1513 988 1584 lelicis
1015 1514 1258 1585 recordationis

119 1619 253 1682 montes
281 1617 451 1705 transivit,
476 1622 575 1703 prout
600 1634 667 1702 ego
693 1615 793 1683 irater
819 1614 978 1684 Nicolaus
1004 1614 1067 1682 Dei
1093 1620 1126 1682 et
1154 1615 1259 1682 vestri

120 1714 230 1799 gratia
264 1717 447 1802 episcopus
477 1716 748 1784 Botrontinensis
782 1731 922 1803 possum
956 1715 1151 1782 testimonio.
1185 1730 1258 1781 moe

118 1814 327 1880 conscientie
353 1814 473 1882 melius
499 1813 665 1882 recordari
691 1813 734 1882 ad
759 1829 913 1902 presens,

195 1911 234 1978 ln
253 1910 398 1980 Taurino
415 1915 508 1980 venit
522 1931 582 1981 ren
598 1912 820 1982 Romanorum
840 1927 956 1980 mensa
982 1912 1139 1981 octobris.
1167 1913 1259 1980 Tunc
1278 1923 1345 1977 talo

117 2029 196 2080 oum
223 2028 265 2078 oo
291 2013 390 2099 pauci
416 2018 520 2079 erant.
551 2011 635 2080 llluo
659 2017 824 2080 venerunt
848 2010 986 2079 Romani
1013 2009 1056 2078 ad
1082 2029 1174 2101 eum,
1203 2013 1259 2099 qui
1281 2006 1338 2048 ⁰⁰l·

116 2113 154 2178 in
173 2109 377 2178 ambassiala
393 2110 574 2178 veniebant
590 2110 632 2178 ad
650 2117 796 2179 vestram
815 2113 1032 2178 sanctitatem.
1070 2110 1119 2178 lbi
1141 2127 1257 2178 ornnes

116 2211 235 2297 quiin
260 2209 462 2277 ambassiala
488 2215 582 2278 erant
607 2210 649 2277 ab
674 2228 715 2278 eo
735 2210 881 2278 honores
906 2216 1104 2295 receperunt
1123 2216 1157 2276 et
1179 2228 1259 2276 rnu-

116 2325 218 2397 ncra,
248 2313 282 2375 et
316 2308 418 2396 aliqui
452 2326 565 2378 corum
600 2310 774 2378 consilium
808 2327 903 2376 suum
928 2311 1143 2377 intravemnt.
1182 2308 1258 2390 Non

119 2406 246 2496 credo,
273 2415 372 2495 prout
407 2425 473 2493 ogo
508 2407 665 2476 recordor
699 2426 759 2496 por
792 2408 896 2476 verba
921 2425 1036 2475 eorum
1062 2425 1126 2493 que
1153 2409 1257 2494 primo

117 2505 342 2596 protulerunt,
361 2506 452 2594 quod
467 2509 660 2576 intentionis
678 2507 790 2595 populi
817 2506 954 2574 Romani
979 2503 1075 2572 luerit
1097 2522 1156 2573 eos
1178 2509 1258 2574 mit-

119 2613 191 2674 tere
219 2603 263 2673 ad
288 2605 467 2693 petendum
494 2605 585 2693 quod
613 2608 773 2674 sanctitas
797 2611 906 2672 vestra
930 2604 1028 2670 alicui
1053 2603 1110 2672 vel
1134 2604 1259 2691 aliqui·-

119 2705 183 2773 bus
212 2705 431 2774 committeret
461 2707 712 2773 coronationem
745 2706 812 2793 sui,
840 2702 901 2771 sed
929 2701 1019 2789 quod
1044 2720 1106 2770 vos
1132 2721 1259 2791 perso-

119 2805 239 2872 naliter
264 2804 435 2873 veniretis.
487 2803 549 2885 Qui
582 2810 692 2872 tamon
718 2805 751 2870 in
778 2821 839 2871 sua
865 2802 1066 2870 ambassiata
1091 2801 1260 2870 habebant

120 2921 219 2972 unam
240 2903 433 2988 generalem
450 2905 730 2991 propositionem:
759 2901 847 2991 quod
876 2900 1034 2989 quicquid
1060 2907 1154 2969 essct
1177 2901 1258 2970 utile

120 3021 181 3090 pro
199 3019 313 3070 eorum
331 3001 532 3070 ambassiata
547 3002 705 3070 lacerent.
734 3001 769 3070 Si
790 3000 952 3091 viderent,
982 3000 1074 3088 qnod
1099 3003 1257 3070 sanctitas

120 3108 234 3168 vestra
248 3117 285 3169 sa
303 3107 489 3191 excusaret,
508 3101 598 3189 quod
611 3101 726 3168 venire
741 3119 809 3169 non
826 3102 977 3189 possetis
993 3105 1129 3189 propter
1145 3101 1258 3189 plures

122 3201 280 3290 rationes,
301 3219 386 3286 qaras
400 3201 549 3289 possetis
568 3201 726 3290 allegare,
746 3201 810 3289 ipsi
824 3189 1156 3269 deconsilicldecani
1170 3199 1258 3268 l're-

121 3301 274 3368 veronsis
294 3306 327 3367 et
345 3317 420 3368 mco
439 3299 565 3368 vellent
584 3306 710 3388 petere,
738 3298 829 3387 quod
850 3298 905 3366 alii
923 3299 980 3365 vel
998 3298 1073 3366 aliis
1096 3301 1257 3366 sanctitas

120 3403 235 3466 vestra
257 3400 508 3467 coronationem
524 3401 752 3488 committeret,
779 3404 813 3466 ct
833 3415 896 3466 nos
919 3399 1053 3466 nomine
1070 3397 1148 3466 dictr
1166 3399 1257 3484 regis

120 3495 189 3564 hoo
212 3497 299 3566 idem
323 3503 523 3586 peteremus.
549 3498 619 3566 lsta
643 3496 776 3564 iuemnt
801 3498 836 3563 in
862 3496 1010 3565 Taurino
1035 3496 1198 3566 ordinata

198 3595 245 3664 Eo
270 3597 437 3665 existente
465 3595 596 3687 ibidem,
623 3598 656 3662 in
679 3595 884 3684 Mediolano,
912 3597 949 3662 in
967 3595 1138 3686 Vercellis,
1170 3599 1203 3662 et
1224 3596 1258 3661 in

123 3695 214 3762 omni
238 3695 308 3782 liga
333 3713 458 3786 corum,
485 3694 672 3763 ordinatum
699 3692 758 3762 luit
782 3713 843 3782 per
860 3711 932 3784 cos,
955 3697 1017 3781 ‘qui
1043 3701 1120 3762 tunc
1147 3693 1258 3760 domi-

121 3790 306 3885 mabuntur,
340 3795 404 3862 sub
432 3812 522 3883 pena
547 3795 763 3883 gravissima,
790 3792 881 3880 quod
908 3811 1003 3862 suurn
1029 3795 1258 3882 episcopatum

121 3889 236 3960 nullus
262 3894 379 3962 exiret.
404 3895 445 3962 El
470 3893 536 3961 hoc
562 3893 683 3960 laetum
710 3897 763 3961 est
789 3893 963 3982 malitiose,
990 3897 1027 3961 ut
1049 3891 1179 3980 publice
1202 3890 1258 3958 di-¹

123 3987 272 4081 cebatur,
298 4009 341 4060 ne
368 3994 485 4080 aliquis
508 3992 711 4060 Guebelinus
735 4009 772 4059 se
795 3993 952 4077 iungeret
978 3993 1020 4079 ei,
1047 3996 1080 4058 et
1096 3993 1170 4078 ipse
1185 4010 1259 4059 cum

125 4094 199 4155 tarn
220 4108 320 4177 parva
346 4098 447 4179 gente
473 4091 637 4160 modicum
662 4098 781 4179 posset
806 4089 928 4159 lacere.
953 4091 995 4157 Et
1015 4089 1104 4177 quod
1127 4089 1191 4158 lroc
1217 4093 1260 4159 sit

122 4203 240 4254 verum
266 4191 346 4262 satis
373 4193 631 4282 apparet,‚quia
659 4190 812 4260 domiuus
835 4188 943 4258 Guido
969 4187 1011 4257 dc
1034 4189 1136 4258 Turre
1162 4194 1258 4280 prio-
