3052 4878
284 185 355 257 106
599 215 716 262 ltlcotll
737 215 783 261 ΕΡ.
806 213 945 262 noradin.
969 214 1103 262 RELd'llO.

201 366 268 426 aare
282 354 425 424 libenter
440 369 504 422 nos
521 356 728 442 reeepemnt,
756 358 791 421 et
803 351 997 422 fidelitatem
1013 353 1212 442 iuraverunt,
1235 355 1269 420 et
1285 369 1409 442 semper

283 469 344 543 pro
369 453 508 542 imperio
532 452 659 520 inventi
681 456 760 519 sunt
783 451 913 521 fideles
950 451 1000 522 lbi
1025 470 1116 521 mare
1143 453 1355 542 intravimus,
1380 457 1410 522 et

283 551 362 639 equi
378 552 483 620 nostri
503 567 577 620 oum
594 548 718 618 iamilia
738 549 782 622 de
803 556 904 621 noete
922 551 956 618 in
978 567 1102 637 magno
1119 549 1268 638 periendo
1289 551 1410 618 transi·
1508 619 1509 632 ,

283 655 403 718 verunt
413 667 474 739 per
490 666 590 718 unam
607 667 727 736 aquam
743 666 850 738 prope
865 650 1032 719 eivitotem
1047 649 1295 739 Grossetunum,
1317 667 1411 736 quam

284 747 457 818 Senenses
477 747 646 844 tenebant,
673 753 707 816 et
721 753 775 818 est
791 749 914 818 situata
927 765 1033 838 propo
1049 767 1150 818 mare.
1187 745 1410 836 Appliouimus
1485 807 1487 815 Α

1508 4179 1509 4230 l

1508 4295 1509 4338 l

282 848 340 916 illo
356 847 410 918 die
429 865 493 916 nos
508 864 569 935 per
586 863 676 916 mare
694 850 728 916 et
743 845 866 917 familia
882 864 942 936 per
961 853 1079 916 terram
1100 846 1146 916 ad
1166 846 1334 935 quoddam
1354 863 1411 916 ou-

281 953 387 1016 strum
410 946 605 1015 Pisanorum
630 945 721 1033 quod
748 952 887 1016 voeatur
907 944 1044 1015 Castilio
1071 946 1113 1017 de
1143 946 1287 1014 Pisoaria
1314 961 1412 1033 supra

282 1063 380 1116 mare.
415 1045 508 1113 Tune
522 1043 642 1114 luimus
663 1046 783 1137 seeuri,
797 1046 876 1133 quia
890 1046 935 1113 ibi
948 1045 1065 1134 inoipit
1080 1047 1254 1114 eomitotus
1270 1044 1412 1114 Pisano·

282 1163 364 1235 rum,
385 1143 464 1212 lieet
483 1143 585 1212 distet
603 1161 624 1212 a
639 1145 773 1214 civitate
791 1144 912 1213 Pisana
928 1145 1015 1212 bone
1033 1162 1093 1232 per
1114 1149 1182 1212 tres
1200 1143 1317 1214 dietas.

309 1275 311 1280 ·
356 1242 516 1310 Venimus
532 1242 636 1310 Pisas.
668 1242 709 1311 Et
724 1243 769 1311 ibi
784 1243 870 1311 inter
892 1243 957 1312 alia
979 1242 1141 1312 relatione
1162 1242 1265 1328 digna
1279 1242 1412 1310 inveni·-

282 1359 356 1410 mus
383 1342 548 1410 eivitatem
568 1343 651 1409 satis
676 1343 839 1411 turbatam
858 1347 892 1410 et
912 1348 1118 1433 commotam,
1147 1349 1180 1410 et
1201 1341 1266 1410 lroo
1281 1348 1413 1430 propter

281 1439 461 1510 dominium
484 1445 600 1530 totum,
627 1440 719 1527 quod
740 1440 785 1509 ad
809 1457 847 1508 se
873 1439 1027 1510 dominus
1046 1459 1104 1510 rex
1121 1446 1308 1530 aoeeperat,
1334 1437 1413 1508 nillil

281 1539 401 1609 volens
424 1541 474 1608 eis
492 1557 627 1608 servare
650 1538 692 1608 de
715 1539 815 1609 modo
838 1538 982 1608 laoiendi
997 1541 1158 1608 aneianos
1180 1544 1214 1608 et
1231 1539 1316 1609 alios
1336 1537 1414 1608 olli-

282 1639 385 1707 eiales
405 1636 589 1710 seeundum
613 1639 874 1708 eonsuetudines
896 1640 1060 1728 antiquas,
1088 1639 1144 1726 qui
1171 1642 1415 1706 consueverant

280 1738 446 1806 civitatem
462 1738 666 1824 gubernare3
694 1737 756 1805 sed
773 1756 875 1806 unum
891 1739 1049 1806 vicarium
1066 1736 1158 1805 dedit
1177 1737 1228 1806 eis
1247 1736 1290 1806 de
1308 1736 1414 1804 Uhal-

280 1835 378 1905 dinis.
417 1837 512 1904 Tune
527 1837 642 1906 inueni
664 1837 697 1904 in
724 1836 813 1904 diota
830 1837 963 1905 civitate
982 1854 1083 1905 unum
1104 1835 1237 1904 iratrom
1255 1834 1415 1904 Predioa-

279 1941 400 2025 torem,
435 1934 492 2020 qui
516 1939 657 2004 voeatur
683 1934 784 2002 irater
807 1935 1026 2025 Peregrinus,
1053 1936 1189 2004 missum
1216 1951 1276 2024 per
1301 1951 1415 2020 regem

278 2031 498 2101 Frederioum.
530 2030 611 2112 Que‘
626 2031 687 2101 luit
707 2034 764 2102 illa
784 2034 889 2122 prima
909 2034 1112 2102 ambassiata
1138 2051 1236 2121 quam
1257 2034 1414 2122 portavit,

278 2131 405 2200 neseio.
432 2127 554 2199 Audivi
569 2136 680 2200 tamen
699 2131 791 2220 quod
808 2132 961 2202 dominus
975 2131 1171 2201 Frederious
1184 2130 1327 2200 libenter
1341 2132 1414 2202 vel-

278 2228 326 2298 let
352 2245 431 2298 esse
457 2231 589 2298 innotus
614 2228 748 2299 domino
776 2233 847 2318 regi
874 2249 935 2320 per
958 2231 1100 2319 aliquam
1130 2230 1357 2322 parentelam,
1384 2234 1416 2299 et

278 2334 415 2416 propter
436 2326 502 2398 hoo
522 2334 662 2397 venerat
688 2329 795 2398 dietus
817 2329 927 2400 irater.
974 2329 1056 2398 (lum
1082 2329 1171 2399 dieto
1193 2328 1295 2398 tratre
1323 2329 1415 2401 missi

279 2426 414 2495 luerunt
431 2425 474 2496 ad
490 2445 603 2514 regem
618 2427 828 2498 Frederlonm
847 2428 914 2499 duo
936 2433 1087 2517 exparte
1106 2427 1185 2497 dieti
1199 2429 1303 2520 regis,
1328 2445 1416 2496 unus

278 2526 401 2594 nobilis
423 2525 465 2594 de
486 2529 643 2596 comitutu
665 2527 867 2620 Florentino,
895 2529 952 2615 qui
967 2533 1108 2598 voantur
1129 2526 1282 2598 dominus
1306 2527 1416 2596 Ubal-

277 2624 380 2696 dinus
409 2625 452 2694 de
474 2625 667 2718 Ulraldinis,
695 2626 795 2696 irater
824 2628 940 2697 riearii
963 2632 1042 2696 tuno
1063 2627 1192 2717 Pisani,
1220 2633 1253 2695 et
1281 2625 1416 2714 quidam

278 2725 373 2794 miles
399 2724 620 2816 Florentium,
649 2726 704 2812 qui
730 2732 868 2796 voratur
894 2725 1049 2794 dominus
1075 2713 1272 2795 Lambertus
1293 2724 1337 2794 de
1357 2724 1416 2794 Ci-

277 2824 414 2912 prianis.
447 2822 490 2891 Et
503 2825 559 2892 isti
575 2825 793 2894 intentionem
816 2824 939 2894 domini
965 2827 1057 2911 rogis
1078 2824 1267 2912 bonumque
1288 2823 1417 2894 volun·

278 2926 380 2990 tatem
406 2938 503 3007 qrram
530 2921 573 2990 ad
599 2939 674 2990 eum
698 2923 843 3000 habebat
867 2925 1067 2994 intimarunt.

350 3018 413 3086 His
429 3018 548 3088 diebus
561 3021 608 3090 illi
625 3019 667 3088 de
686 3020 846 3090 Columna
862 3030 896 3092 et
912 3022 1066 3092 dominus
1078 3021 1271 3092 Ludovious
1284 3019 1328 3089 de
1347 3020 1416 3090 Sa-

277 3115 415 3208 baudia,
451 3123 586 3188 senator
611 3120 721 3210 urbis,
749 3121 1022 3208 significaverunt
1054 3123 1127 3208 regi
1153 3126 1274 3190 statum
1300 3120 1416 3210 urbis,

277 3216 447 3302 quomodo
472 3217 518 3286 illi
541 3218 619 3310 duo,
646 3219 767 3308 quibus
788 3219 985 3316 Capitolium
1003 3221 1183 3311 dimiserat,
1209 3221 1298 3288 siout
1313 3218 1416 3288 bonis

277 3319 312 3382 et
337 3313 501 3406 fidelibus,
529 3319 586 3403 qui
610 3319 707 3388 etiam
726 3318 875 3388 ieoerant
896 3321 1114 3388 iuramentum
1132 3319 1174 3389 de
1190 3316 1415 3408 restituenda,

276 3411 418 3482 reddere
444 3415 620 3507 nolebant,
652 3417 718 3486 nisi
743 3418 849 3507 primo
874 3417 1037 3486 haberent
1063 3423 1204 3505 quatuor
1229 3415 1318 3484 milia
1343 3415 1416 3485 llo-

275 3529 439 3604 renorum,
467 3531 552 3600 qnos
571 3515 800 3604 expenderant
821 3517 855 3584 in
877 3516 1111 3605 eustodiendo,
1138 3517 1292 3585 timentes
1314 3517 1416 3582 etiam

275 3629 320 3680 ne
346 3611 438 3680 aliud
463 3612 590 3682 lateret
628 3613 790 3684 Dominus
816 3633 877 3684 rex
897 3616 953 3684 illa
975 3621 1118 3702 quatuor
1138 3615 1227 3683 milia
1243 3615 1293 3682 eis
1312 3615 1417 3682 misit.

277 3709 559 3797 significaverunt
585 3713 692 3803 etiam,
718 3713 888 3801 quomodo
904 3715 1018 3783 militia
1039 3731 1161 3800 magna
1180 3713 1269 3781 omni
1288 3711 1344 3782 die
1371 3711 1417 3781 ad

276 3809 443 3879 dominum
469 3810 651 3880 Iohannem
676 3810 810 3880 fratrem
835 3814 926 3899 regis
952 3812 1089 3882 Roberti·
1111 3812 1279 3903 veniebat,
1308 3816 1342 3880 et
1371 3809 1416 3880 de

274 3908 379 3978 barris
405 3909 502 3982 laetis
527 3910 661 4000 ibidem,
690 3915 723 3978 et
748 3910 790 3980 de
818 3914 966 3982 exercitu
988 3914 1100 4002 posito
1117 3916 1194 3980 ante
1213 3915 1351 3999 pontem
1370 3910 1415 3979 de

274 4005 418 4099 Mallon,
446 4014 479 4077 et
495 4010 597 4078 multa
616 4009 690 4078 alia.
726 4008 889 4079 Dominus
913 4011 1026 4080 habito
1044 4015 1173 4081 maturo
1189 4010 1333 4080 oonsilio
1349 4026 1415 4078 or-

275 4103 412 4198 dinavit,
431 4107 523 4196 quod
544 4109 580 4176 in
597 4109 781 4178 eontinenti
798 4107 952 4181 dominus
968 4109 1181 4199 landulphus
1198 4113 1232 4178 et
1248 4110 1417 4194 magister

274 4203 442 4276 lohannes
460 4206 502 4278 de
517 4207 765 4295 Venestringue
783 4209 956 4298 utriusque
972 4209 1053 4278 iuris
1068 4206 1240 4297 prolessor
1255 4213 1290 4278 et
1309 4207 1417 4278 irater
1508 4234 1509 4294 p
