3002 4880
295 198 342 269 Μ
608 225 1118 272 mmmmm

294 367 404 434 autem
430 367 510 453 post
533 362 660 432 ruinam
685 370 885 452 procurante
917 363 1062 433 Domino
1097 363 1333 453 supervixisset
1353 379 1406 430 us·

295 481 360 552 quc
385 462 429 532 ad
454 463 618 532 decimum
643 462 730 531 diem
750 464 968 551 penitentiam
992 461 1145 553 agendo,
1172 464 1408 550 ingravescente

293 561 408 630 labore
441 561 484 630 ad
508 562 577 630 rite
604 563 726 630 exitum
755 561 952 653 festinabat,
980 567 1014 630 et
1039 561 1167 631 iaciens
1194 566 1408 632 testamentum

290 660 387 747 jubet
419 678 456 729 se
489 659 567 730 duci
593 657 636 728 ad
661 661 802 749 patrium
829 661 936 730 solum
963 666 996 728 et
1022 660 1065 729 ad
1091 660 1201 730 locum
1226 661 1282 730 ubi
1305 662 1410 749 pausat

202 825 205 837 ,
293 765 398 829 11111
419 777 491 849 sua,
520 777 617 847 quem
643 760 778 848 inquam
802 758 913 828 locum
940 777 1066 828 summe
1092 758 1220 849 dilexit,
1245 759 1300 828 ubi
1324 757 1409 826 11111

294 859 430 948 sepeliri
455 857 670 927 desiderabat
695 863 765 928 toto
793 856 905 927 cordis
932 857 1063 949 ellectu,
1091 864 1126 927 et
1149 863 1243 948 patre
1268 859 1409 947 presente

292 957 396 1027 multo
439 955 554 1025 dolore
595 957 747 1025 sauciato
770 957 955 1026 commisit
997 957 1146 1026 ultimum
1184 959 1410 1026 testamentum

291 1055 394 1124 Venit
424 1055 525 1142 igitur
561 1054 644 1123 bora
675 1060 713 1124 ut
736 1060 885 1124 transeat
910 1073 953 1124 ox
978 1055 1044 1124 boc
1070 1055 1184 1126 seculo
1211 1071 1359 1143 nequam,
1382 1054 1411 1118 ct

292 1155 404 1223 multis
431 1171 541 1222 coram
568 1154 753 1222 astantibus
780 1158 814 1221 et
843 1155 1082 1243 plangentibus
1106 1155 1221 1223 ultimo
1246 1155 1281 1223 in
1306 1164 1410 1221 manus

293 1252 419 1322 domini
451 1253 617 1320 commisit
649 1254 797 1341 spiritum
823 1271 935 1344 sunm,
969 1253 1092 1322 etheo
1118 1251 1264 1322 dicendo
1288 1246 1411 1320 vivendi

293 1351 393 1420 linem
419 1349 508 1420 fecit.
542 1349 668 1440 Raptus
695 1358 747 1420 est
771 1369 851 1421 vero
878 1358 1023 1420 vocante
1048 1353 1205 1443 Domino,
1231 1370 1275 1420 ne
1290 1348 1412 1419 ,malitia

292 1450 399 1520 seculi
424 1450 520 1519 buius
547 1455 689 1518 mutaret
713 1450 917 1519 intellectum
943 1444 1085 1538 1iltius;
1121 1452 1198 1538 quia
1230 1451 1343 1518 melius
1368 1449 1412 1514 est

293 1551 388 1618 salvo
423 1550 540 1638 spiritu
573 1550 609 1616 in
643 1567 783 1637 corporo
820 1553 945 1641 perire,
985 1568 1082 1636 quam
1125 1551 1199 1636 quis
1244 1567 1288 1618 ex
1325 1547 1412 1616 buius

291 1647 405 1717 mundi
437 1649 742 1736 voragine-pereat
767 1649 802 1715 in
827 1654 979 1735 utroque.
1029 1648 1183 1735 Denique
1211 1649 1299 1716 11111
1324 1646 1411 1714 sunus

289 1748 351 1815 n'te
393 1747 547 1816 omnibus
597 1747 739 1835 expletis
790 1751 824 1814 et
864 1747 1049 1836 preparatis
1094 1746 1137 1815 ad
1179 1752 1299 1815 terram
1337 1759 1411 1834 pro-

290 1847 395 1933 priam
422 1845 590 1914 reducitur
616 1851 649 1913 et
673 1847 708 1912 in
733 1845 955 1936 Fdrstenvelt‚
984 1863 1050 1932 quo
1065 1845 1303 1937 hospitarerat‚
1325 1846 1411 1928 juxta

290 1949 427 2012 matrem
453 1943 689 2036 honestissime
716 1943 885 2031 sepelitur.
910 1944 985 2012 Non
1004 1946 1091 2011 enim
1115 1943 1183 2013 vidi
1209 1945 1411 2013 necuisurus

290 2059 364 2111 sum
399 2048 464 2109 tam
490 2048 684 2130 sumptuose
716 2049 840 2110 ettam
867 2043 1081 2130 solempniter
1106 2050 1309 2111 mortuomm
1335 2057 1411 2110 exe-

291 2142 387 2229 quias
415 2139 583 2208 celebrari.
624 2138 788 2210 Obmissis
815 2141 900 2232 aliis,
929 2147 1086 2229 quantum
1112 2143 1158 2210 ibi
1184 2141 1226 2210 de
1253 2159 1331 2214 cero
1355 2157 1412 2206 en-

288 2257 429 2328 pensum
455 2237 554 2306 luerit
576 2255 709 2325 nequeo
737 2241 901 2308 estimare.
926 2240 1003 2308 Vidi
1025 2241 1111 2308 enim
1131 2259 1238 2309 unum
1265 2253 1412 2326 magnum

289 2355 419 2406 currum
455 2355 531 2415 wnon
573 2336 663 2406 aliud
703 2357 800 2425 quam
837 2356 946 2406 ceram
982 2340 1194 2424 singulariter
1234 2344 1411 2428 apportare.

287 2434 427 2505 Duobus
462 2453 542 2504 vero
578 2434 696 2505 diebus
737 2455 777 2504 ac
810 2437 965 2506 noctibus
1000 2439 1185 2529 contiguis,
1220 2439 1347 2506 infinite
1383 2439 1413 2502 11

287 2536 489 2624 permaxime
524 2535 664 2604 candele
701 2553 812 2604 arsere
846 2537 935 2605 circu
968 2535 1078 2606 lunus.
1127 2535 1295 2617 Quantum
1322 2536 1413 2604 etiam

288 2633 331 2702 de
355 2635 435 2704 vino
461 2626 634 2703 multorum
670 2653 825 2704 rasorum
852 2642 886 2703 et
912 2633 953 2704 de
979 2635 1079 2724 plado
1107 2640 1141 2704 et
1165 2635 1289 2724 pabulo
1317 2631 1411 2703 etde

287 2735 384 2822 panis
411 2734 510 2821 copia
535 2739 570 2800 et
594 2732 729 2800 aliarum
755 2752 860 2802 rerum
887 2734 1057 2803 allatarum
1082 2734 1128 2803 ibi
1154 2751 1339 2823 expensum
1364 2732 1412 2819 sit,

287 2849 357 2899 non
387 2836 502 2919 potest
535 2830 576 2897 dc
608 2829 698 2898 111111
733 2833 901 2920 explicari.
953 2829 1076 2901 Omnes
1108 2851 1190 2902 vero
1217 2834 1358 2920 grangie
1384 2831 1414 2897 11

285 2931 395 2998 vicine
421 2929 499 2996 ville
525 2927 657 2997 luerunt
682 2929 868 3019 hospitibus
895 2938 1069 3020 occupate.
1120 2929 1294 3000 Officiales
1322 2932 1413 2999 etiam
1482 2955 1483 2976 r

285 3025 330 3094 ad
355 3032 469 3094 nutum
494 3026 619 3096 domini
653 3027 749 3098 ducis
783 3031 925 3098 senioris
958 3031 1084 3117 largam
1121 3029 1349 3118 elemosynam
1375 3026 1413 3095 de

284 3142 390 3214 pana,
432 3125 474 3192 do
513 3127 647 3217 caseis,
683 3126 725 3195 de
758 3129 915 3218 nummis,
950 3128 992 3197 de
1028 3129 1183 3197 carnibus
1215 3128 1413 3218 pauperibus
1482 3145 1483 3192 3

285 3223 479 3310 erogabant.
531 3223 593 3293 Die
628 3243 709 3295 vero
745 3245 810 3314 quo
837 3227 988 3315 sepultus
1015 3233 1067 3296 est
1091 3227 1160 3296 vidi
1186 3233 1220 3295 et
1244 3228 1357 3297 audiri
1381 3225 1414 3293 iu
1482 3237 1483 3324 p

283 3338 351 3389 uno
379 3322 473 3390 altari
498 3327 565 3392 tres
592 3326 711 3392 missas
737 3324 925 3393 immediato
952 3344 972 3393 1
997 3327 1100 3396 tribus
1122 3329 1291 3415 episcopis
1315 3332 1414 3395 tona·
1482 3329 1483 3420 J

282 3419 358 3488 liter
383 3418 564 3490 decantari.
588 3422 712 3491 Eadem
741 3426 839 3492 etiam
865 3424 947 3491 bora
973 3424 1073 3494 lrcbat
1097 3426 1251 3514 planctus
1279 3431 1314 3494 et
1337 3424 1415 3492 luc·

283 3523 336 3586 tus
363 3537 382 3586 a
417 3521 532 3588 coevis
567 3525 600 3587 et
634 3513 943 3590 commensalibus²
968 3525 1037 3591 suis
1054 3515 1076 3612 ³,
1103 3524 1158 3592 alii
1185 3524 1326 3613 capillos
1355 3540 1414 3590 11-
1482 3525 1483 3598 3

282 3619 359 3705 pitis
387 3618 585 3708 evellebant,
613 3619 668 3686 alii
693 3621 806 3688 mitras
835 3619 1414 3711 11111111111111111.0111111111
1482 3635 1483 3700 j

281 3716 436 3784 Ecclesia
467 3722 538 3784 tota
571 3735 671 3805 super
701 3717 846 3786 inlausta
880 3724 985 3787 morte
1012 3722 1135 3789 eiulatu
1169 3727 1202 3789 11
1231 3720 1415 3812 ploratibus

280 3815 494 3902 personabat.
544 3815 683 3884 Peracta
707 3815 808 3903 igitur
842 3817 1011 3905 sepultura
1040 3821 1271 3907 unusquisque
1297 3819 1415 3905 digre-

281 3912 376 3983 diens
403 3915 609 3982 mansionem
634 3916 801 4004 propriam
827 3918 990 4006 repetivit.

314 4104 518 4170 1)1111111111
544 4107 705 4162 intellectum
721 4107 760 4161 bs.
805 4109 836 4176 2)
855 4109 1069 4166 commessalibus
1088 4110 1127 4166 bs.
1171 4111 1203 4178 3)
1222 4111 1286 4166 Hier
1302 4110 1417 4166 standen

279 4171 307 4224 in
327 4171 373 4224 der
396 4172 434 4226 bs.
459 4173 527 4226 ncclr
555 4174 597 4229 die
621 4181 718 4231 warte:
745 4190 823 4246 super
850 4177 964 4232 inlausta
988 4182 1085 4247 morte,
1109 4178 1211 4235 welche
1230 4177 1329 4248 jedoelr
1350 4180 1418 4246 jetzt
1482 4189 1483 4192 ’

280 4239 476 4296 durcbstricbe'n
495 4241 564 4299 sind.
