3028 4878
240 185 315 256 libb
565 214 706 262 rournnrrs
726 213 932 272 vrcronrunsrs.
967 210 992 279 6,
1009 212 1033 264 8.

161 367 345 442 rasasuper
371 353 473 422 muria
496 351 541 421 ad
567 353 701 422 navalia
726 353 830 442 prelia
856 370 894 422 se
915 353 1113 440 commovit3
1139 352 1197 420 ubi
1213 367 1303 420 nunc
1321 367 1383 439 pro

243 452 326 541 bac,
352 467 441 520 nuno
467 469 527 539 pro
553 451 609 520 illa
631 458 742 541 parte,
768 452 965 541 periclitatis
991 451 1093 520 rebus
1120 456 1154 519 et
1179 450 1381 539 bominibus,

243 549 346 619 dubio
373 549 503 619 turbine
528 556 641 638 partes
669 551 731 620 sibi
759 551 858 618 obvie
882 556 960 619 sunt
982 567 1161 620 concussa.
1194 547 1383 617 Flandren-

243 649 338 717 sibus
365 649 576 717 Brabantinis
604 649 867 718 Selarrdensibus
892 668 954 739 pro
980 667 1062 736 rege
1082 646 1382 734 Anglielaborau-

243 749 331 817 tibus
349 766 424 816 cum
440 749 571 837 virtute,
588 749 770 817 communis
780 749 879 816 etiam
895 749 1222 838 eonciopopulorum
1237 747 1382 816 omnium

243 848 317 933 regi
335 844 458 933 Anglie
478 846 668 916 favorabilis
691 848 868 918 existebat.
896 846 1091 917 Cardinales
1108 866 1128 915 a
1143 846 1247 913 latere
1265 846 1382 913 summi

242 946 412 1034 pontificis
439 944 556 1014 directi
582 964 642 1035 pro
672 945 862 1035 concordia,
890 945 1108 1014 ineilloaciter
1133 951 1211 1012 sunt
1237 944 1382 1030 reversi;

243 1062 325 1130 rege
358 1041 482 1129 Anglie
516 1043 630 1113 durius
661 1044 905 1133 respondente:
931 1061 997 1112 noo
1022 1044 1115 1112 elaad
1138 1061 1175 1110 ae
1200 1043 1263 1110 atsi
1286 1044 1382 1110 boti-

241 1145 322 1210 tr'om
347 1161 370 1209 o
391 1159 487 1228 papa
512 1142 565 1210 oet
587 1145 785 1228 imperatore
810 1148 878 1210 tom
902 1160 989 1214 auno
1013 1161 1113 1228 poam
1139 1142 1281 1228 olomeo
1299 1145 1381 1208 tam-

236 1259 323 1326 pore
356 1244 517 1327 coepisse.
551 1242 632 1310 Post
664 1242 727 1309 beo
765 1261 824 1310 rerr
857 1238 980 1328 Anglie
1014 1242 1112 1310 filiam
1143 1259 1257 1329 suam,
1284 1257 1383 1326 quam

242 1341 433 1428 imperatrix
463 1341 497 1407 in
530 1358 623 1408 suam
652 1343 776 1409 curiam
802 1345 999 1430 susceperat
1024 1339 1068 1408 ad
1094 1337 1322 1427 educandum,
1350 1345 1385 1406 ct

244 1439 331 1507 sicut
356 1437 458 1506 fertur
483 1439 711 1530 maritandum,
738 1438 781 1508 ad
807 1442 939 1529 propria
965 1439 1203 1526 reassumpsit;
1230 1443 1264 1506 et
1284 1443 1381 1505 uter-

244 1555 309 1625 que
336 1554 454 1623 regum
480 1537 523 1605 ad
550 1537 693 1607 futurum
719 1546 873 1608 eventum
904 1539 997 1627 prelii
1023 1539 1220 1607 attractione
1246 1536 1382 1604 militum

243 1641 278 1704 et
302 1635 534 1706 distributione
560 1655 730 1706 munerum
757 1655 795 1706 se
821 1636 998 1728 disposuit.

161 1761 234 1802 sarr.
316 1735 390 1804 lloo
409 1753 497 1803 anno
516 1738 613 1805 tertio
631 1754 710 1806 nou.
729 1736 926 1825 septembris
939 1733 1038 1804 Anna
1051 1735 1271 1804 Bobemorum
1287 1733 1380 1818 regis

186 1817 203 1869 ³
243 1834 320 1924 filia,
339 1833 435 1902 ducis
454 1831 587 1904 Ottonis
606 1832 739 1902 Austrie
755 1851 898 1903 consors
916 1836 1031 1924 altera,
1050 1836 1123 1902 sine
1139 1831 1235 1923 prole
1253 1833 1383 1900 transiit

243 1951 286 2001 ex
311 1933 378 2001 boe
403 1932 538 2004 mundo.
573 1933 646 2014 Que
672 1935 705 2002 in
731 1935 933 2002 monasterio
951 1933 1186 2002 Novi-Montis
1213 1947 1287 1998 cum
1304 1949 1381 1998 ma-

242 2033 331 2099 ximo
363 2031 481 2100 dolore
516 2033 634 2114 ducum
662 2038 696 2100 et
720 2032 879 2101 nobilium
909 2033 1102 2119 gemituque
1136 2030 1238 2106 totius
1264 2029 1381 2118 populi

242 2129 412 2219 sepelitur.

176 2250 209 2303 rr
316 2228 390 2298 Hoc
404 2245 494 2296 anno
512 2228 602 2296 xviii.
621 2227 686 2299 lral.
696 2228 841 2299 octobris
852 2228 1087 2298 ministeriales
1098 2226 1269 2295 llarintlrie
1285 2243 1382 2294 oom-

242 2328 333 2396 muni
359 2326 497 2396 decreto
523 2325 566 2396 ad
590 2324 760 2396 Albertum
787 2326 905 2397 ducem
935 2329 969 2396 in
996 2328 1163 2396 civitatem
1189 2324 1289 2394 Stirie
1316 2341 1381 2412 que

243 2426 368 2495 Graeca
392 2425 511 2494 dicitur
536 2432 763 2517 accesserunt,
790 2425 941 2495 dicentes
960 2424 1050 2514 quod
1071 2424 1203 2492 abolitis
1230 2425 1376 2510 antiquis

241 2529 329 2608 terre
355 2542 418 2593 sue
443 2523 580 2614 iuribus,
608 2530 642 2593 et
666 2527 700 2593 in
717 2532 883 2594 transacta
901 2525 1078 2594 oblivionis
1100 2522 1278 2608 caliginem
1294 2524 1377 2590 emi-

242 2625 358 2714 grans,
385 2622 519 2692 vivendi
535 2621 640 2692 torma
655 2624 718 2694 sub
744 2625 845 2692 certis
871 2624 1004 2710 legibus
1029 2621 1232 2712 indigerent,
1258 2628 1381 2709 peten-

241 2716 317 2791 tes¹
342 2724 441 2792 novis
468 2723 699 2792 sanctionibus
727 2728 761 2790 et
784 2723 923 2811 punctis
949 2739 1050 2809 super
1075 2720 1218 2789 diversis
1245 2719 1380 2788 casibus

244 2827 278 2890 et
302 2825 386 2889 terre
411 2821 572 2909 populum
597 2823 798 2890 communiri.
830 2821 922 2912 Dux,
949 2821 1012 2889 sub
1039 2819 1160 2907 quibus
1185 2821 1301 2888 vivere
1326 2818 1380 2886 le-

244 2918 343 3005 gibus
376 2918 608 2988 decrevissent
634 2924 668 2987 et
693 2921 933 2989 institutionem
958 2935 1086 2988 morum
1110 2936 1230 3008 agere,
1259 2917 1380 2987 scisci-

244 3022 341 3108 tatur,
367 3023 405 3085 ut
430 3023 525 3085 esset
547 3018 694 3106 populus
719 3037 807 3087 unus
834 3025 868 3086 et
892 3036 935 3087 no
959 3035 1021 3107 pro
1048 3016 1245 3106 disparitate
1261 3033 1380 3085 usuum
1512 3041 1513 3100 3

244 3114 367 3185 seditio
399 3115 455 3184 vel
487 3117 698 3186 eversionum
730 3117 879 3203 gravitas
914 3116 1064 3186 oriretur.
1105 3113 1155 3184 Ac
1187 3116 1243 3184 alii
1271 3121 1378 3185 certos

244 3213 402 3284 articulos
434 3221 675 3304 expresserunt
699 3215 741 3284 de
768 3215 956 3284 feodalibus
984 3221 1018 3284 et
1048 3216 1213 3305 propriis,
1241 3233 1282 3283 ac
1307 3214 1377 3284 aliis

244 3311 388 3381 diversis
411 3313 622 3406 specificans,
640 3316 675 3382 in
692 3315 828 3403 reliquis
843 3332 912 3384 non
932 3316 1104 3404 expressis
1121 3313 1377 3382 Intra-stirien-

245 3411 349 3501 sium,
383 3417 416 3479 et
448 3410 571 3480 iudicia
600 3431 665 3500 que
693 3432 714 3482 a
738 3413 860 3503 priscis
895 3412 1035 3482 ducibus
1068 3419 1102 3481 et
1132 3412 1376 3481 marchionibus

243 3515 483 3600 processerant
505 3511 690 3601 elegerunt,
716 3514 787 3580 sive
808 3514 851 3580 sit
867 3530 966 3582 casus
983 3513 1110 3602 mortis,
1138 3513 1211 3579 sive
1230 3510 1373 3579 multatio

243 3609 455 3704 pecuniaria,
482 3609 536 3677 vel
566 3609 738 3699 mutilatio,
765 3611 819 3680 vel
845 3611 1074 3697 cuiuscunque
1100 3611 1239 3696 generis
1266 3617 1375 3679 trans-

245 3709 379 3794 gressio
411 3709 482 3777 sive
515 3725 612 3797 pena.
650 3707 808 3778 ludieiale
840 3708 1009 3779 decretum
1043 3707 1202 3778 dillinitur
1235 3715 1374 3778 materna

244 3806 361 3893 lingua
393 3806 503 3876 lucide
530 3812 564 3876 et
590 3825 762 3896 expresse.
798 3808 905 3897 Super
938 3809 1059 3896 quibus
1084 3807 1292 3896 privilegium
1316 3821 1372 3873 ac-

245 3906 381 3995 cipiunt,
409 3912 443 3974 et
462 3904 504 3975 ad
522 3897 633 3974 lares²
653 3908 807 3995 proprios
825 3913 1044 3996 revertuntur,
1070 3905 1280 3994 proterentes
1296 3897 1369 3971 illud

245 4004 281 4072 in
305 4004 484 4094 publicum.
521 4003 653 4074 Deinde
687 4003 730 4072 ad
761 4008 861 4074 castri
891 4004 1062 4077 fortissimi
1095 4003 1368 4074 conservatorium

280 4155 311 4220 t]
330 4167 362 4207 so
386 4154 505 4210 basserte
528 4154 568 4208 iob
592 4154 634 4209 die
658 4156 738 4212 lesart
761 4161 892 4226 potentes.
939 4155 971 4222 2)
990 4170 1021 4212 so
1037 4154 1193 4213 verbessere
1211 4154 1252 4210 iob
1268 4152 1312 4208 mit
1325 4149 1371 4204 Par

244 4222 288 4277 dio
304 4224 385 4276 lesart
402 4235 485 4276 aures.
