3044 4882
437 241 582 288 nonnanes
603 240 815 289 urcroarrnsrs.
853 241 878 304 2,
898 241 922 293 1,
1176 212 1247 284 299

202 381 329 473 „lmpia
355 377 496 450 contuso
524 381 612 448 sevit
637 378 805 450 discordia
831 382 965 472 mundo,

252 478 321 550 Pan
347 479 428 548 obiit
453 480 558 568 terris,
585 479 698 547 ultima
724 499 857 569 quoque
882 474 1035 554 rrrdeslt‘

438 779 571 844 INCIPIT
593 780 701 844 LIBER
723 780 924 845 SECUNDUS.

111 901 157 970 Dc
180 900 323 987 lludotfo
349 905 382 969 et
405 900 599 970 Meinbordo
626 902 793 971 comitibus
828 906 861 971 ct
885 903 1042 971 electione
1065 900 1194 984 liudolfi
1217 902 1252 968 tn

200 1018 312 1087 repcm
336 1000 567 1068 Romanorum.
1122 1002 1204 1087 Cup.
1229 1001 1250 1068 i.

178 1113 279 1185 Anno
305 1116 429 1186 domini
456 1118 647 1188 mcclxxii.
675 1119 855 1207 Gregorius
889 1138 977 1210 papa
1012 1118 1159 1188 decimus
1185 1126 1333 1186 au-rtra

111 1214 200 1284 diens
228 1215 363 1303 quoda
397 1219 515 1306 priscis
549 1218 753 1308 temporibus
790 1217 964 1286 electionis
998 1220 1124 1307 pantos
1159 1223 1252 1285 essct

109 1312 265 1383 termento
292 1313 429 1384 avaritie
457 1323 490 1386 et
514 1318 734 1386 maculatione
761 1336 932 1386 munerum
959 1317 1143 1408 deturpata,
1168 1334 1251 1402 reg-

107 1432 247 1502 numque
274 1421 308 1484 ct
332 1417 501 1503 imperium
528 1417 593 1484 iam
618 1421 770 1505 vacaret,
808 1423 841 1484 ct
873 1419 959 1484 inter
985 1416 1114 1485 Petrum
1142 1415 1252 1484 Arra-

107 1515 204 1598 gonic
231 1517 266 1581 ct
290 1513 445 1583 Karolum
474 1513 585 1584 Sicilie
610 1533 711 1602 reges
730 1523 819 1583 ortas
839 1514 1024 1584 discordias
1040 1516 1250 1604 presentior,

109 1611 306 1681 electoribus
333 1614 477 1706 mandat,
502 1619 541 1682 ut
557 1613 679 1683 munde
699 1622 731 1682 et
744 1617 874 1683 sincero
890 1613 1065 1682 intendant
1084 1613 1250 1704 electioni,

108 1719 139 1778 ct
163 1710 206 1780 dc
232 1729 381 1800 persona
408 1731 473 1800 que
500 1715 544 1782 sit
574 1713 750 1782 laudabilis
787 1720 820 1782 ct
850 1713 940 1782 utilis
973 1713 1118 1783 ecclcsic
1150 1719 1250 1799 atque

104 1811 240 1900 impcrio
267 1812 302 1879 in
326 1809 520 1902 protectum.

173 1911 278 1980 Porro
305 1913 339 1979 in
366 1910 485 1980 dicbus
512 1911 576 1980 illis
604 1910 695 1978 fulsit
728 1911 762 1978 in
798 1910 1026 1997 superioribus
1053 1910 1251 1978 chvorum

103 2009 252 2096 partibus
278 2007 441 2078 liudolfus
469 2028 583 2080 comcs
609 2008 651 2077 dc
677 2007 888 2097 Habespurg‚
916 2008 1008 2097 quod
1035 2015 1088 2077 cst
1108 2015 1251 2078 castrum

104 2109 135 2174 in
162 2108 301 2177 exordio
328 2111 497 2201 montium,
530 2107 586 2178 ubi
619 2125 715 2177 mons
741 2108 831 2177 lovis
876 2115 909 2177 et
943 2109 1064 2196 alpium
1096 2107 1251 2177 luliarum

102 2207 185 2276 inter
210 2207 319 2276 lucum
345 2206 594 2278 Alamannieum
622 2213 655 2276 et
679 2207 905 2276 Losannioum
932 2206 1021 2276 haud
1044 2208 1147 2294 longe
1167 2224 1251 2295 pro-

104 2307 239 2393 spicitur
265 2307 440 2376 celsitudo.
485 2307 543 2375 Vir
568 2309 601 2375 in
627 2308 724 2392 rcgni
749 2309 876 2392 gremio
896 2307 1070 2393 sanguinis
1090 2307 1249 2397 claritate,

102 2423 229 2474 morum
256 2406 451 2498 honestate,
485 2407 582 2475 etatis
616 2407 822 2496 maturitate,
858 2423 1021 2474 armorum
1056 2407 1250 2473 strenuitate

103 2507 318 2596 conspicuuS,
346 2506 433 2575 lama
459 2507 601 2574 nominis
629 2505 795 2594 dilatatus,
829 2510 866 2571 nt
900 2506 979 2573 uiris
1012 2503 1250 2592 spectabilibus

102 2620 168 2672 non
195 2606 358 2674 immerito
386 2612 604 2694 comparetur.
645 2603 727 2672 Nam
754 2602 970 2673 llleinhardus
999 2620 1112 2672 comcs
1138 2603 1251 2692 lyro-

101 2700 141 2770 lis
168 2710 240 2772 trcs
267 2706 319 2772 sui
345 2706 505 2796 temporis
531 2705 620 2772 viros
646 2694 754 2770 intra²
778 2704 873 2789 regni
907 2704 1041 2771 viscora
1075 2708 1250 2788 magnates

101 2803 280 2892 exceptive
307 2821 439 2892 semper
472 2805 557 2872 inter
591 2801 763 2870 familiaria
794 2803 961 2889 colloquia
995 2799 1249 2892 commendavit,

101 2902 230 2970 scilicet
255 2901 343 2970 hunc
367 2901 555 2994 liudolfum,
583 2901 699 2969 ducem
726 2901 894 2969 Kariathic
920 2899 1158 2991 Bernhardum,
1186 2919 1250 2968 ou-

100 3001 151 3068 ius
180 3006 237 3070 est
263 3001 375 3070 babitu
400 3003 525 3070 mentio
551 3003 585 3069 in
611 3002 800 3091 premissiS,
828 3007 862 3070 ct
885 2998 1058 3070 Albertum
1083 3001 1251 3068 seniorem

101 3097 237 3188 lyrolis
265 3106 299 3169 et
324 3101 449 3171 Goritic
476 3102 647 3190 comitem,
682 3118 778 3168 suum
815 3101 944 3168 scilicet
970 3101 1166 3190 genitorem,
1195 3100 1251 3187 qui

98 3199 132 3266 in
158 3199 342 3269 obsidione
369 3199 552 3269 Mediolani
580 3197 641 3266 sub
667 3198 833 3267 Fridcrico
859 3201 963 3287 primo
991 3217 1094 3288 opera
1113 3198 1250 3266 mirilico

98 3304 314 3390 perpetrant.
354 3299 396 3368 Et
419 3299 498 3368 licct
524 3297 659 3367 dubium
685 3315 754 3368 non
780 3299 832 3388 sit,
859 3315 999 3384 rognum
1021 3303 1055 3366 ct
1076 3297 1249 3386 imperium

134 3462 166 3526 l)
188 3460 365 3518 continuator
381 3461 485 3516 Martini
503 3460 609 3514 Potoni:

165 3529 249 3584 Anno
274 3531 372 3584 domini
390 3530 521 3583 mcclxx.
541 3528 679 3582 (litalrarus
697 3544 711 3582 a
730 3525 894 3598 prehendere
919 3527 1026 3595 cupiens
1044 3525 1204 3579 llariutbimn
1223 3529 1250 3578 ct

97 3595 251 3651 Corniclam
281 3599 363 3667 primo
386 3601 485 3652 rnuasit
510 3595 655 3664 Lapbacum
673 3604 699 3650 et
716 3601 742 3650 rd
761 3609 809 3665 pcr
828 3594 989 3649 obsidroucm
1007 3601 1034 3648 ct
1051 3594 1203 3647 uiolentiam
1220 3593 1248 3646 in

99 3665 265 3722 deditionem
283 3672 389 3736 recepit.
412 3667 514 3722 lteindc
531 3667 559 3720 in
577 3665 736 3720 karinthiam
753 3677 899 3734 properans
917 3676 975 3717 earn
993 3663 1099 3718 tandem
1116 3661 1165 3715 sibi
1184 3659 1250 3714 sub·

97 3732 158 3790 iccit
178 3741 207 3790 ct
246 3736 389 3801 rivilcgium
407 3740 477 3789 terre
496 3748 553 3790 curn
571 3747 650 3788 aurea
668 3733 738 3787 bulla
757 3736 790 3786 dc
808 3734 917 3787 ducatus
934 3731 1088 3786 investitura
1107 3731 1249 3784 incivitate

98 3807 182 3857 sancti
237 3803 266 3856 iti
290 3803 390 3858 sustulit
414 3809 440 3858 ct
462 3805 490 3856 in
516 3801 664 3856 bohemiam
688 3803 833 3855 destinauit.
869 3801 976 3854 Domum
993 3800 1105 3853 veniens
1123 3799 1150 3851 in
1168 3797 1250 3850 lorum

98 3869 155 3926 lulii
180 3871 292 3926 Portum
316 3872 415 3928 Naonis
440 3872 590 3938 acanisluit,
620 3877 647 3924 ut
664 3885 678 3924 a
695 3872 760 3924 mari
783 3883 865 3938 usquc
889 3869 922 3924 ad
939 3883 1010 3922 mars
1029 3871 1055 3920 ct
1073 3867 1104 3921 ad
1124 3868 1250 3920 terminos
1300 3917 1301 3924 ,

98 3938 170 3994 orbis
195 3945 327 3996 lcrramm
353 3954 425 3994 suam
448 3942 593 4062 potentium
617 3940 743 3993 dilataret.
780 3939 836 3992 Hoc
854 3945 941 3992 autern
959 3942 1070 3991 castrum
1088 3934 1119 3988 ab
1139 3934 1250 3988 ecclesia

98 4009 287 4076 aquilegiensi
310 4009 424 4063 marchio
469 4010 535 4076 tyric
559 4008 630 4076 prins
655 4012 789 4071 tenuerat,
812 4006 860 4060 sed
886 4012 947 4058 tunc
965 4004 1066 4058 nobiles
1085 4002 1117 4056 de
1137 4003 1250 4056 Castello

97 4080 123 4128 ct
142 4079 177 4130 do
207 4076 329 4130 Porriliis
351 4083 462 4132 castrum
487 4079 572 4145 ipsum
595 4075 679 4129 eidcm
704 4075 827 4130 Ottalara
846 4073 1036 4139 vendidemut,
1055 4074 1098 4140 qui
1116 4067 1198 4125 lactus
1217 4081 1249 4125 cx

96 4141 146 4202 boc
163 4143 286 4200 vasallus
305 4146 499 4214 Aquilegieusis
516 4144 631 4199 ecclesie
648 4147 675 4198 in
694 4144 826 4199 Austriam
844 4149 884 4196 cst
902 4155 1031 4198 reversus.

130 4213 163 4278 2)
183 4213 223 4267 So
244 4211 311 4267 habe
328 4213 369 4266 ich
388 4213 432 4268 dia
453 4211 684 4267 unverstiiadliclrc
707 4213 785 4266 stelle
804 4213 851 4266 dcs
869 4212 954 4266 naon.
972 4207 1068 4264 Lcob.:
1093 4210 1147 4262 tres
1166 4206 1250 4263 colc-

98 4288 189 4338 rentcs
209 4281 255 4335 cui
271 4283 343 4336 inter
360 4297 406 4338 aus
426 4282 485 4336 dom
503 4281 579 4336 cont.
599 4279 672 4335 Mart.
690 4281 745 4336 Pol.
763 4279 921 4335 vcrbcssert.
