<?xml version="1.0" encoding="UTF-8"?>
<!DOCTYPE html PUBLIC "-//W3C//DTD XHTML 1.0 Transitional//EN"
    "http://www.w3.org/TR/xhtml1/DTD/xhtml1-transitional.dtd">
<html xmlns="http://www.w3.org/1999/xhtml" xml:lang="en" lang="en">
 <head>
  <title>
</title>
<meta http-equiv="Content-Type" content="text/html;charset=utf-8" />
  <meta name='ocr-system' content='tesseract 3.04.00' />
  <meta name='ocr-capabilities' content='ocr_page ocr_carea ocr_par ocr_line ocrx_word'/>
</head>
<body>
  <div class='ocr_page' id='page_1' title='image "./fontesrerumgerm02hubegoog_0495.png"; bbox 0 0 3028 4878; ppageno 0'>
   <div class='ocr_carea' id='block_1_1' title="bbox 229 199 1050 285">
    <p class='ocr_par' dir='ltr' id='par_1_1' title="bbox 229 199 1050 285">
     <span class='ocr_line' id='line_1_1' title="bbox 229 199 1050 285; baseline 0.011 -18"><span class='ocrx_word' id='word_1_1' title='bbox 229 199 303 268; x_wconf 78' lang='lat' dir='ltr'><strong>too</strong></span> <span class='ocrx_word' id='word_1_2' title='bbox 553 227 699 273; x_wconf 75' lang='lat' dir='ltr'><strong>retrursus</strong></span> <span class='ocrx_word' id='word_1_3' title='bbox 720 225 931 275; x_wconf 85' lang='lat' dir='ltr'><strong>vrororrurusrs.</strong></span> <span class='ocrx_word' id='word_1_4' title='bbox 967 221 992 285; x_wconf 87' lang='grc'><strong>6,</strong></span> <span class='ocrx_word' id='word_1_5' title='bbox 1011 222 1050 276; x_wconf 76' lang='grc'><strong>12.</strong></span> 
     </span>
    </p>
   </div>
   <div class='ocr_carea' id='block_1_2' title="bbox 149 366 1378 2238">
    <p class='ocr_par' dir='ltr' id='par_1_2' title="bbox 149 366 1378 2238">
     <span class='ocr_line' id='line_1_2' title="bbox 150 366 1374 457; baseline -0.003 -17"><span class='ocrx_word' id='word_1_6' title='bbox 150 378 216 434; x_wconf 69' lang='grc'><strong>1343</strong></span> <span class='ocrx_word' id='word_1_7' title='bbox 232 368 412 440; x_wconf 86' lang='lat' dir='ltr'><strong>enehorum</strong></span> <span class='ocrx_word' id='word_1_8' title='bbox 430 366 552 434; x_wconf 81' lang='lat' dir='ltr'><strong>turnum</strong></span> <span class='ocrx_word' id='word_1_9' title='bbox 573 372 673 457; x_wconf 86' lang='lat' dir='ltr'><strong>tenet,</strong></span> <span class='ocrx_word' id='word_1_10' title='bbox 702 372 734 434; x_wconf 91' lang='lat' dir='ltr'><strong>et</strong></span> <span class='ocrx_word' id='word_1_11' title='bbox 753 367 864 432; x_wconf 86' lang='lat' dir='ltr'><strong>missis</strong></span> <span class='ocrx_word' id='word_1_12' title='bbox 888 366 961 432; x_wconf 90' lang='lat' dir='ltr'><strong>suis</strong></span> <span class='ocrx_word' id='word_1_13' title='bbox 983 367 1107 432; x_wconf 88' lang='lat' dir='ltr'><strong>nuntiis</strong></span> <span class='ocrx_word' id='word_1_14' title='bbox 1130 366 1241 436; x_wconf 86' lang='lat' dir='ltr'><strong>odhuo</strong></span> <span class='ocrx_word' id='word_1_15' title='bbox 1264 385 1374 454; x_wconf 81' lang='lat' dir='ltr'><strong>ogen-</strong></span> 
     </span>
     <span class='ocr_line' id='line_1_3' title="bbox 232 464 1111 552; baseline -0.007 -13"><span class='ocrx_word' id='word_1_16' title='bbox 232 470 320 539; x_wconf 89' lang='lat' dir='ltr'><strong>tibus</strong></span> <span class='ocrx_word' id='word_1_17' title='bbox 341 467 376 534; x_wconf 90' lang='lat' dir='ltr'><strong>iu</strong></span> <span class='ocrx_word' id='word_1_18' title='bbox 400 468 521 534; x_wconf 88' lang='lat' dir='ltr'><strong>ouriorrr</strong></span> <span class='ocrx_word' id='word_1_19' title='bbox 548 467 784 534; x_wconf 74' lang='lat' dir='ltr'>relevationem</span> <span class='ocrx_word' id='word_1_20' title='bbox 805 464 885 532; x_wconf 86' lang='lat' dir='ltr'><strong>tedii</strong></span> <span class='ocrx_word' id='word_1_21' title='bbox 901 465 1111 552; x_wconf 74' lang='lat' dir='ltr'><strong>prestolatur.</strong></span> 
     </span>
     <span class='ocr_line' id='line_1_4' title="bbox 149 564 1373 654; baseline 0 -18"><span class='ocrx_word' id='word_1_22' title='bbox 149 596 210 636; x_wconf 78' lang='lat' dir='ltr'><strong>rur.</strong></span> <span class='ocrx_word' id='word_1_23' title='bbox 305 565 379 634; x_wconf 91' lang='lat' dir='ltr'><strong>Hoo</strong></span> <span class='ocrx_word' id='word_1_24' title='bbox 404 583 504 654; x_wconf 84' lang='lat' dir='ltr'><strong>auno,</strong></span> <span class='ocrx_word' id='word_1_25' title='bbox 533 571 681 653; x_wconf 88' lang='lat' dir='ltr'><strong>ternpore</strong></span> <span class='ocrx_word' id='word_1_26' title='bbox 709 565 854 654; x_wconf 75' lang='lat' dir='ltr'><strong>augusti,</strong></span> <span class='ocrx_word' id='word_1_27' title='bbox 880 564 1017 630; x_wconf 86' lang='lat' dir='ltr'><strong>moritur</strong></span> <span class='ocrx_word' id='word_1_28' title='bbox 1043 564 1246 635; x_wconf 83' lang='lat' dir='ltr'><strong>venerabilis</strong></span> <span class='ocrx_word' id='word_1_29' title='bbox 1264 567 1373 636; x_wconf 87' lang='lat' dir='ltr'><strong>Heiu-</strong></span> 
     </span>
     <span class='ocr_line' id='line_1_5' title="bbox 233 661 1373 755; baseline 0 -20"><span class='ocrx_word' id='word_1_30' title='bbox 233 671 321 736; x_wconf 90' lang='lat' dir='ltr'><strong>rious</strong></span> <span class='ocrx_word' id='word_1_31' title='bbox 338 665 613 753; x_wconf 81' lang='lat' dir='ltr'><strong>arehiepisoopus</strong></span> <span class='ocrx_word' id='word_1_32' title='bbox 628 663 916 753; x_wconf 75' lang='lat' dir='ltr'><strong>SoiozpurgousiS‚</strong></span> <span class='ocrx_word' id='word_1_33' title='bbox 933 668 965 730; x_wconf 94' lang='lat' dir='ltr'><strong>et</strong></span> <span class='ocrx_word' id='word_1_34' title='bbox 976 663 1108 750; x_wconf 79' lang='lat' dir='ltr'><strong>eligitur</strong></span> <span class='ocrx_word' id='word_1_35' title='bbox 1124 661 1274 734; x_wconf 86' lang='lat' dir='ltr'><strong>Ortulius</strong></span> <span class='ocrx_word' id='word_1_36' title='bbox 1290 684 1373 755; x_wconf 92' lang='lat' dir='ltr'><strong>pre-</strong></span> 
     </span>
     <span class='ocr_line' id='line_1_6' title="bbox 232 760 1374 856; baseline -0.004 -19"><span class='ocrx_word' id='word_1_37' title='bbox 232 768 363 856; x_wconf 87' lang='lat' dir='ltr'><strong>positus</strong></span> <span class='ocrx_word' id='word_1_38' title='bbox 378 765 532 832; x_wconf 90' lang='lat' dir='ltr'><strong>eoelesie.</strong></span> <span class='ocrx_word' id='word_1_39' title='bbox 559 763 623 844; x_wconf 82' lang='lat' dir='ltr'><strong>Qui</strong></span> <span class='ocrx_word' id='word_1_40' title='bbox 641 780 749 850; x_wconf 89' lang='lat' dir='ltr'><strong>usque</strong></span> <span class='ocrx_word' id='word_1_41' title='bbox 766 760 865 830; x_wconf 86' lang='lat' dir='ltr'><strong>hodie</strong></span> <span class='ocrx_word' id='word_1_42' title='bbox 880 763 914 828; x_wconf 91' lang='lat' dir='ltr'><strong>in</strong></span> <span class='ocrx_word' id='word_1_43' title='bbox 925 763 1017 829; x_wconf 85' lang='lat' dir='ltr'><strong>eurio</strong></span> <span class='ocrx_word' id='word_1_44' title='bbox 1030 780 1180 853; x_wconf 84' lang='lat' dir='ltr'><strong>monens,</strong></span> <span class='ocrx_word' id='word_1_45' title='bbox 1193 765 1374 834; x_wconf 77' lang='lat' dir='ltr'><strong>confirma-</strong></span> 
     </span>
     <span class='ocr_line' id='line_1_7' title="bbox 233 861 1376 953; baseline -0.001 -19"><span class='ocrx_word' id='word_1_46' title='bbox 233 866 333 934; x_wconf 79' lang='lat' dir='ltr'><strong>tionis</strong></span> <span class='ocrx_word' id='word_1_47' title='bbox 357 869 390 931; x_wconf 93' lang='lat' dir='ltr'><strong>et</strong></span> <span class='ocrx_word' id='word_1_48' title='bbox 413 863 551 932; x_wconf 84' lang='lat' dir='ltr'><strong>oliorum</strong></span> <span class='ocrx_word' id='word_1_49' title='bbox 573 863 808 931; x_wconf 82' lang='lat' dir='ltr'><strong>beneficiorum</strong></span> <span class='ocrx_word' id='word_1_50' title='bbox 829 861 967 946; x_wconf 77' lang='lat' dir='ltr'><strong>gratiam</strong></span> <span class='ocrx_word' id='word_1_51' title='bbox 990 863 1135 929; x_wconf 89' lang='lat' dir='ltr'><strong>sustinet</strong></span> <span class='ocrx_word' id='word_1_52' title='bbox 1153 869 1186 929; x_wconf 94' lang='lat' dir='ltr'><strong>et</strong></span> <span class='ocrx_word' id='word_1_53' title='bbox 1210 869 1376 953; x_wconf 81' lang='lat' dir='ltr'><strong>expectet.</strong></span> 
     </span>
     <span class='ocr_line' id='line_1_8' title="bbox 156 959 1376 1051; baseline 0 -19"><span class='ocrx_word' id='word_1_54' title='bbox 156 988 214 1032; x_wconf 83' lang='lat' dir='ltr'><strong>ocr.</strong></span> <span class='ocrx_word' id='word_1_55' title='bbox 306 962 381 1032; x_wconf 87' lang='lat' dir='ltr'><strong>Hoo</strong></span> <span class='ocrx_word' id='word_1_56' title='bbox 407 979 496 1030; x_wconf 83' lang='lat' dir='ltr'><strong>anuo</strong></span> <span class='ocrx_word' id='word_1_57' title='bbox 523 979 638 1030; x_wconf 88' lang='lat' dir='ltr'><strong>meuse</strong></span> <span class='ocrx_word' id='word_1_58' title='bbox 674 960 819 1029; x_wconf 77' lang='lat' dir='ltr'><strong>octobris</strong></span> <span class='ocrx_word' id='word_1_59' title='bbox 845 959 1037 1050; x_wconf 80' lang='lat' dir='ltr'><strong>Eiizabeth‚</strong></span> <span class='ocrx_word' id='word_1_60' title='bbox 1064 961 1179 1028; x_wconf 80' lang='lat' dir='ltr'><strong>reiiotu</strong></span> <span class='ocrx_word' id='word_1_61' title='bbox 1206 963 1376 1051; x_wconf 84' lang='lat' dir='ltr'><strong>quondum</strong></span> 
     </span>
     <span class='ocr_line' id='line_1_9' title="bbox 233 1057 1378 1151; baseline 0 -20"><span class='ocrx_word' id='word_1_62' title='bbox 233 1062 379 1132; x_wconf 86' lang='lat' dir='ltr'><strong>Heinrioi</strong></span> <span class='ocrx_word' id='word_1_63' title='bbox 407 1060 502 1130; x_wconf 91' lang='lat' dir='ltr'><strong>duois</strong></span> <span class='ocrx_word' id='word_1_64' title='bbox 528 1059 674 1148; x_wconf 84' lang='lat' dir='ltr'><strong>Austrie,</strong></span> <span class='ocrx_word' id='word_1_65' title='bbox 701 1061 846 1146; x_wconf 83' lang='lat' dir='ltr'><strong>moritur,</strong></span> <span class='ocrx_word' id='word_1_66' title='bbox 875 1064 908 1126; x_wconf 90' lang='lat' dir='ltr'><strong>ot</strong></span> <span class='ocrx_word' id='word_1_67' title='bbox 934 1061 968 1126; x_wconf 91' lang='lat' dir='ltr'><strong>irr</strong></span> <span class='ocrx_word' id='word_1_68' title='bbox 987 1057 1243 1148; x_wconf 80' lang='lat' dir='ltr'><strong>Campo-Regis</strong></span> <span class='ocrx_word' id='word_1_69' title='bbox 1271 1081 1378 1151; x_wconf 78' lang='lat' dir='ltr'><strong>sepe-</strong></span> 
     </span>
     <span class='ocr_line' id='line_1_10' title="bbox 232 1153 1375 1249; baseline -0.003 -18"><span class='ocrx_word' id='word_1_70' title='bbox 232 1163 325 1249; x_wconf 77' lang='lat' dir='ltr'><strong>litur3</strong></span> <span class='ocrx_word' id='word_1_71' title='bbox 362 1161 503 1247; x_wconf 85' lang='lat' dir='ltr'><strong>exequie</strong></span> <span class='ocrx_word' id='word_1_72' title='bbox 539 1161 611 1228; x_wconf 88' lang='lat' dir='ltr'><strong>eius</strong></span> <span class='ocrx_word' id='word_1_73' title='bbox 639 1159 783 1226; x_wconf 86' lang='lat' dir='ltr'><strong>Wieune</strong></span> <span class='ocrx_word' id='word_1_74' title='bbox 814 1157 855 1225; x_wconf 84' lang='lat' dir='ltr'><strong>ab</strong></span> <span class='ocrx_word' id='word_1_75' title='bbox 880 1153 1018 1226; x_wconf 76' lang='lat' dir='ltr'><strong>otberto</strong></span> <span class='ocrx_word' id='word_1_76' title='bbox 1046 1157 1131 1226; x_wconf 89' lang='lat' dir='ltr'><strong>duee</strong></span> <span class='ocrx_word' id='word_1_77' title='bbox 1158 1161 1212 1247; x_wconf 88' lang='lat' dir='ltr'><strong>pio</strong></span> <span class='ocrx_word' id='word_1_78' title='bbox 1239 1169 1272 1229; x_wconf 89' lang='lat' dir='ltr'><strong>et</strong></span> <span class='ocrx_word' id='word_1_79' title='bbox 1298 1161 1375 1230; x_wconf 87' lang='lat' dir='ltr'><strong>soi-</strong></span> 
     </span>
     <span class='ocr_line' id='line_1_11' title="bbox 234 1259 689 1349; baseline -0.011 -20"><span class='ocrx_word' id='word_1_80' title='bbox 234 1261 408 1349; x_wconf 88' lang='lat' dir='ltr'><strong>iempuiter</strong></span> <span class='ocrx_word' id='word_1_81' title='bbox 433 1259 650 1327; x_wconf 79' lang='lat' dir='ltr'><strong>celebrantur.</strong></span> <span class='ocrx_word' id='word_1_82' title='bbox 686 1277 689 1283; x_wconf 90' lang='lat'>·</span> 
     </span>
     <span class='ocr_line' id='line_1_12' title="bbox 151 1356 1374 1444; baseline -0.011 -6"><span class='ocrx_word' id='word_1_83' title='bbox 151 1396 215 1438; x_wconf 87' lang='lat' dir='ltr'><strong>rrov.</strong></span> <span class='ocrx_word' id='word_1_84' title='bbox 309 1358 430 1426; x_wconf 86' lang='lat' dir='ltr'><strong>Mense</strong></span> <span class='ocrx_word' id='word_1_85' title='bbox 455 1357 644 1426; x_wconf 87' lang='lat' dir='ltr'><strong>novembris</strong></span> <span class='ocrx_word' id='word_1_86' title='bbox 671 1357 757 1425; x_wconf 82' lang='lat' dir='ltr'><strong>odeo</strong></span> <span class='ocrx_word' id='word_1_87' title='bbox 784 1356 895 1426; x_wconf 82' lang='lat' dir='ltr'><strong>valido</strong></span> <span class='ocrx_word' id='word_1_88' title='bbox 921 1357 1051 1444; x_wconf 79' lang='lat' dir='ltr'><strong>fulgura</strong></span> <span class='ocrx_word' id='word_1_89' title='bbox 1074 1364 1107 1426; x_wconf 91' lang='lat' dir='ltr'><strong>ot</strong></span> <span class='ocrx_word' id='word_1_90' title='bbox 1129 1360 1273 1428; x_wconf 85' lang='lat' dir='ltr'><strong>tonitruo</strong></span> <span class='ocrx_word' id='word_1_91' title='bbox 1300 1377 1374 1424; x_wconf 89' lang='lat' dir='ltr'><strong>ruu-</strong></span> 
     </span>
     <span class='ocr_line' id='line_1_13' title="bbox 235 1456 1378 1546; baseline -0.003 -20"><span class='ocrx_word' id='word_1_92' title='bbox 235 1460 368 1546; x_wconf 85' lang='lat' dir='ltr'><strong>gierunt</strong></span> <span class='ocrx_word' id='word_1_93' title='bbox 401 1474 461 1545; x_wconf 91' lang='lat' dir='ltr'><strong>per</strong></span> <span class='ocrx_word' id='word_1_94' title='bbox 490 1457 711 1545; x_wconf 81' lang='lat' dir='ltr'><strong>Kerinthioru,</strong></span> <span class='ocrx_word' id='word_1_95' title='bbox 740 1457 787 1524; x_wconf 82' lang='lat' dir='ltr'><strong>ito</strong></span> <span class='ocrx_word' id='word_1_96' title='bbox 812 1461 850 1522; x_wconf 92' lang='lat' dir='ltr'><strong>ut</strong></span> <span class='ocrx_word' id='word_1_97' title='bbox 874 1456 969 1545; x_wconf 85' lang='lat' dir='ltr'><strong>plura</strong></span> <span class='ocrx_word' id='word_1_98' title='bbox 995 1463 1167 1526; x_wconf 80' lang='lat' dir='ltr'><strong>oestroet</strong></span> <span class='ocrx_word' id='word_1_99' title='bbox 1194 1463 1378 1526; x_wconf 83' lang='lat' dir='ltr'><strong>uestrorum</strong></span> 
     </span>
     <span class='ocr_line' id='line_1_14' title="bbox 237 1554 1318 1643; baseline -0.003 -17"><span class='ocrx_word' id='word_1_100' title='bbox 237 1563 344 1626; x_wconf 90' lang='lat' dir='ltr'><strong>turres</strong></span> <span class='ocrx_word' id='word_1_101' title='bbox 371 1561 472 1643; x_wconf 81' lang='lat' dir='ltr'><strong>atque</strong></span> <span class='ocrx_word' id='word_1_102' title='bbox 498 1559 607 1623; x_wconf 83' lang='lat' dir='ltr'><strong>meniu</strong></span> <span class='ocrx_word' id='word_1_103' title='bbox 632 1554 851 1622; x_wconf 80' lang='lat' dir='ltr'><strong>incenderent</strong></span> <span class='ocrx_word' id='word_1_104' title='bbox 878 1555 1050 1624; x_wconf 87' lang='lat' dir='ltr'><strong>deicerent</strong></span> <span class='ocrx_word' id='word_1_105' title='bbox 1076 1565 1109 1624; x_wconf 87' lang='lat' dir='ltr'><strong>et</strong></span> <span class='ocrx_word' id='word_1_106' title='bbox 1135 1562 1318 1625; x_wconf 82' lang='lat' dir='ltr'><strong>restarent.</strong></span> 
     </span>
     <span class='ocr_line' id='line_1_15' title="bbox 308 1653 1376 1745; baseline 0 -22"><span class='ocrx_word' id='word_1_107' title='bbox 308 1655 414 1742; x_wconf 78' lang='lat' dir='ltr'><strong>Igitur</strong></span> <span class='ocrx_word' id='word_1_108' title='bbox 435 1654 636 1722; x_wconf 88' lang='lat' dir='ltr'><strong>Ludewious</strong></span> <span class='ocrx_word' id='word_1_109' title='bbox 665 1654 775 1722; x_wconf 86' lang='lat' dir='ltr'><strong>udhuo</strong></span> <span class='ocrx_word' id='word_1_110' title='bbox 797 1655 859 1722; x_wconf 91' lang='lat' dir='ltr'><strong>sub</strong></span> <span class='ocrx_word' id='word_1_111' title='bbox 881 1653 1036 1723; x_wconf 91' lang='lat' dir='ltr'><strong>ssuotibus</strong></span> <span class='ocrx_word' id='word_1_112' title='bbox 1056 1658 1220 1741; x_wconf 80' lang='lat' dir='ltr'><strong>navigans</strong></span> <span class='ocrx_word' id='word_1_113' title='bbox 1240 1657 1376 1745; x_wconf 88' lang='lat' dir='ltr'><strong>proeel-</strong></span> 
     </span>
     <span class='ocr_line' id='line_1_16' title="bbox 233 1753 1375 1856; baseline -0.002 -34"><span class='ocrx_word' id='word_1_114' title='bbox 233 1755 328 1838; x_wconf 81' lang='lat' dir='ltr'><strong>iosiS,</strong></span> <span class='ocrx_word' id='word_1_115' title='bbox 354 1755 442 1822; x_wconf 90' lang='lat' dir='ltr'><strong>boue</strong></span> <span class='ocrx_word' id='word_1_116' title='bbox 469 1761 579 1822; x_wconf 83' lang='lat' dir='ltr'><strong>tamen</strong></span> <span class='ocrx_word' id='word_1_117' title='bbox 606 1755 678 1841; x_wconf 91' lang='lat' dir='ltr'><strong>spei</strong></span> <span class='ocrx_word' id='word_1_118' title='bbox 705 1753 822 1856; x_wconf 44' lang='lat' dir='ltr'><strong>tootusz</strong></span> <span class='ocrx_word' id='word_1_119' title='bbox 850 1754 941 1840; x_wconf 87' lang='lat' dir='ltr'><strong>quod</strong></span> <span class='ocrx_word' id='word_1_120' title='bbox 967 1754 1010 1822; x_wconf 86' lang='lat' dir='ltr'><strong>od</strong></span> <span class='ocrx_word' id='word_1_121' title='bbox 1036 1763 1165 1842; x_wconf 87' lang='lat' dir='ltr'><strong>portum</strong></span> <span class='ocrx_word' id='word_1_122' title='bbox 1193 1772 1255 1822; x_wconf 90' lang='lat' dir='ltr'><strong>sue</strong></span> <span class='ocrx_word' id='word_1_123' title='bbox 1283 1761 1375 1821; x_wconf 84' lang='lat' dir='ltr'><strong>tron-</strong></span> 
     </span>
     <span class='ocr_line' id='line_1_17' title="bbox 235 1852 1375 1943; baseline -0.002 -21"><span class='ocrx_word' id='word_1_124' title='bbox 235 1855 335 1943; x_wconf 86' lang='lat' dir='ltr'><strong>quiile</strong></span> <span class='ocrx_word' id='word_1_125' title='bbox 363 1854 520 1934; x_wconf 82' lang='lat' dir='ltr'><strong>stationis</strong></span> <span class='ocrx_word' id='word_1_126' title='bbox 545 1871 606 1920; x_wconf 83' lang='lat' dir='ltr'><strong>sua</strong></span> <span class='ocrx_word' id='word_1_127' title='bbox 632 1852 753 1937; x_wconf 85' lang='lat' dir='ltr'><strong>figatur</strong></span> <span class='ocrx_word' id='word_1_128' title='bbox 771 1852 926 1942; x_wconf 73' lang='lat' dir='ltr'><strong>uuohoro,</strong></span> <span class='ocrx_word' id='word_1_129' title='bbox 953 1852 1092 1922; x_wconf 81' lang='lat' dir='ltr'><strong>eontulit</strong></span> <span class='ocrx_word' id='word_1_130' title='bbox 1113 1855 1223 1925; x_wconf 84' lang='lat' dir='ltr'><strong>ouiuto</strong></span> <span class='ocrx_word' id='word_1_131' title='bbox 1250 1856 1375 1920; x_wconf 88' lang='lat' dir='ltr'><strong>iuoou-</strong></span> 
     </span>
     <span class='ocr_line' id='line_1_18' title="bbox 236 1944 884 2043; baseline -0.002 -23"><span class='ocrx_word' id='word_1_132' title='bbox 236 1971 356 2043; x_wconf 87' lang='lat' dir='ltr'><strong>ousso‚</strong></span> <span class='ocrx_word' id='word_1_133' title='bbox 383 1955 475 2020; x_wconf 82' lang='lat' dir='ltr'><strong>iuxta</strong></span> <span class='ocrx_word' id='word_1_134' title='bbox 502 1944 675 2040; x_wconf 79' lang='lat' dir='ltr'><strong>Orotium¹‚</strong></span> <span class='ocrx_word' id='word_1_135' title='bbox 704 1952 760 2038; x_wconf 84' lang='lat' dir='ltr'><strong>qui</strong></span> <span class='ocrx_word' id='word_1_136' title='bbox 786 1949 884 2019; x_wconf 88' lang='lat' dir='ltr'><strong>dioit:</strong></span> 
     </span>
     <span class='ocr_line' id='line_1_19' title="bbox 334 2050 795 2142; baseline -0.007 -24"><span class='ocrx_word' id='word_1_137' title='bbox 334 2051 430 2142; x_wconf 81' lang='lat' dir='ltr'><strong>„Ego</strong></span> <span class='ocrx_word' id='word_1_138' title='bbox 457 2051 562 2118; x_wconf 87' lang='lat' dir='ltr'><strong>virum</strong></span> <span class='ocrx_word' id='word_1_139' title='bbox 588 2067 673 2120; x_wconf 82' lang='lat' dir='ltr'><strong>verre</strong></span> <span class='ocrx_word' id='word_1_140' title='bbox 701 2050 795 2138; x_wconf 82' lang='lat' dir='ltr'><strong>seror,</strong></span> 
     </span>
     <span class='ocr_line' id='line_1_20' title="bbox 359 2147 821 2238; baseline -0.004 -22"><span class='ocrx_word' id='word_1_141' title='bbox 359 2149 485 2235; x_wconf 82' lang='lat' dir='ltr'><strong>Magno</strong></span> <span class='ocrx_word' id='word_1_142' title='bbox 512 2154 569 2216; x_wconf 82' lang='lat' dir='ltr'><strong>eut</strong></span> <span class='ocrx_word' id='word_1_143' title='bbox 594 2167 697 2236; x_wconf 80' lang='lat' dir='ltr'><strong>parvo</strong></span> <span class='ocrx_word' id='word_1_144' title='bbox 724 2147 821 2238; x_wconf 83' lang='lat' dir='ltr'><strong>teror,</strong></span> 
     </span>
    </p>
   </div>
   <div class='ocr_carea' id='block_1_3' title="bbox 290 2245 1022 2437">
    <p class='ocr_par' dir='ltr' id='par_1_3' title="bbox 290 2245 1022 2437">
     <span class='ocr_line' id='line_1_21' title="bbox 358 2245 735 2338; baseline -0.005 -22"><span class='ocrx_word' id='word_1_145' title='bbox 358 2249 452 2317; x_wconf 90' lang='lat' dir='ltr'><strong>Unus</strong></span> <span class='ocrx_word' id='word_1_146' title='bbox 480 2253 513 2315; x_wconf 89' lang='lat' dir='ltr'><strong>et</strong></span> <span class='ocrx_word' id='word_1_147' title='bbox 538 2245 625 2314; x_wconf 88' lang='lat' dir='ltr'><strong>idern</strong></span> <span class='ocrx_word' id='word_1_148' title='bbox 652 2265 735 2338; x_wconf 82' lang='lat' dir='ltr'><strong>sum,</strong></span> 
     </span>
     <span class='ocr_line' id='line_1_22' title="bbox 290 2341 1022 2437; baseline -0.001 -23"><span class='ocrx_word' id='word_1_149' title='bbox 290 2367 297 2380; x_wconf 91' lang='lat'><strong>·</strong></span> <span class='ocrx_word' id='word_1_150' title='bbox 359 2347 397 2414; x_wconf 86' lang='lat' dir='ltr'><strong>Irr</strong></span> <span class='ocrx_word' id='word_1_151' title='bbox 421 2349 594 2437; x_wconf 83' lang='lat' dir='ltr'><strong>prosperis</strong></span> <span class='ocrx_word' id='word_1_152' title='bbox 621 2346 750 2416; x_wconf 89' lang='lat' dir='ltr'><strong>soiiioet</strong></span> <span class='ocrx_word' id='word_1_153' title='bbox 776 2350 809 2412; x_wconf 94' lang='lat' dir='ltr'><strong>et</strong></span> <span class='ocrx_word' id='word_1_154' title='bbox 835 2341 1022 2413; x_wconf 81' lang='lat' dir='ltr'><strong>adversis.“</strong></span> 
     </span>
    </p>
   </div>
   <div class='ocr_carea' id='block_1_4' title="bbox 235 2442 1382 3404">
    <p class='ocr_par' dir='ltr' id='par_1_4' title="bbox 235 2442 1380 2833">
     <span class='ocr_line' id='line_1_23' title="bbox 235 2442 1380 2536; baseline 0.003 -24"><span class='ocrx_word' id='word_1_155' title='bbox 235 2442 393 2514; x_wconf 85' lang='lat' dir='ltr'><strong>Aibertus</strong></span> <span class='ocrx_word' id='word_1_156' title='bbox 420 2447 534 2536; x_wconf 85' lang='lat' dir='ltr'><strong>etiam,</strong></span> <span class='ocrx_word' id='word_1_157' title='bbox 561 2451 747 2514; x_wconf 84' lang='lat' dir='ltr'><strong>nostrorum</strong></span> <span class='ocrx_word' id='word_1_158' title='bbox 774 2443 841 2514; x_wconf 87' lang='lat' dir='ltr'><strong>dux</strong></span> <span class='ocrx_word' id='word_1_159' title='bbox 867 2449 1046 2534; x_wconf 78' lang='lat' dir='ltr'><strong>terrorum,</strong></span> <span class='ocrx_word' id='word_1_160' title='bbox 1074 2443 1230 2512; x_wconf 80' lang='lat' dir='ltr'><strong>fratruele</strong></span> <span class='ocrx_word' id='word_1_161' title='bbox 1257 2445 1380 2515; x_wconf 84' lang='lat' dir='ltr'><strong>Fride-</strong></span> 
     </span>
     <span class='ocr_line' id='line_1_24' title="bbox 235 2541 1379 2634; baseline 0.002 -22"><span class='ocrx_word' id='word_1_162' title='bbox 235 2547 305 2614; x_wconf 86' lang='lat' dir='ltr'><strong>rioo</strong></span> <span class='ocrx_word' id='word_1_163' title='bbox 340 2544 383 2613; x_wconf 85' lang='lat' dir='ltr'><strong>od</strong></span> <span class='ocrx_word' id='word_1_164' title='bbox 410 2547 599 2634; x_wconf 81' lang='lat' dir='ltr'><strong>superiores</strong></span> <span class='ocrx_word' id='word_1_165' title='bbox 633 2550 747 2633; x_wconf 83' lang='lat' dir='ltr'><strong>partes</strong></span> <span class='ocrx_word' id='word_1_166' title='bbox 780 2541 958 2633; x_wconf 86' lang='lat' dir='ltr'><strong>expedito,</strong></span> <span class='ocrx_word' id='word_1_167' title='bbox 990 2542 1214 2610; x_wconf 80' lang='lat' dir='ltr'><strong>informatore</strong></span> <span class='ocrx_word' id='word_1_168' title='bbox 1232 2550 1267 2612; x_wconf 90' lang='lat' dir='ltr'><strong>ot</strong></span> <span class='ocrx_word' id='word_1_169' title='bbox 1293 2563 1379 2614; x_wconf 83' lang='lat' dir='ltr'><strong>oon-</strong></span> 
     </span>
     <span class='ocr_line' id='line_1_25' title="bbox 237 2641 1380 2732; baseline 0.002 -20"><span class='ocrx_word' id='word_1_170' title='bbox 237 2643 373 2712; x_wconf 81' lang='lat' dir='ltr'><strong>oettorio</strong></span> <span class='ocrx_word' id='word_1_171' title='bbox 392 2644 457 2712; x_wconf 83' lang='lat' dir='ltr'><strong>sihi</strong></span> <span class='ocrx_word' id='word_1_172' title='bbox 475 2645 585 2712; x_wconf 89' lang='lat' dir='ltr'><strong>Uirioo</strong></span> <span class='ocrx_word' id='word_1_173' title='bbox 604 2642 756 2711; x_wconf 85' lang='lat' dir='ltr'><strong>Curionsi</strong></span> <span class='ocrx_word' id='word_1_174' title='bbox 773 2642 905 2731; x_wconf 89' lang='lat' dir='ltr'><strong>presule</strong></span> <span class='ocrx_word' id='word_1_175' title='bbox 924 2641 1096 2732; x_wconf 77' lang='lat' dir='ltr'><strong>deputato,</strong></span> <span class='ocrx_word' id='word_1_176' title='bbox 1124 2643 1264 2729; x_wconf 87' lang='lat' dir='ltr'><strong>suisque</strong></span> <span class='ocrx_word' id='word_1_177' title='bbox 1282 2648 1380 2714; x_wconf 89' lang='lat' dir='ltr'><strong>terris</strong></span> 
     </span>
     <span class='ocr_line' id='line_1_26' title="bbox 237 2733 1272 2833; baseline 0.001 -23"><span class='ocrx_word' id='word_1_178' title='bbox 237 2743 409 2833; x_wconf 68' lang='lat' dir='ltr'><strong>reputatis²</strong></span> <span class='ocrx_word' id='word_1_179' title='bbox 437 2742 479 2810; x_wconf 85' lang='lat' dir='ltr'><strong>od</strong></span> <span class='ocrx_word' id='word_1_180' title='bbox 504 2743 598 2831; x_wconf 87' lang='lat' dir='ltr'><strong>puois</strong></span> <span class='ocrx_word' id='word_1_181' title='bbox 617 2740 791 2811; x_wconf 82' lang='lat' dir='ltr'><strong>eommodo</strong></span> <span class='ocrx_word' id='word_1_182' title='bbox 809 2743 1068 2828; x_wconf 84' lang='lat' dir='ltr'><strong>oirournquuque</strong></span> <span class='ocrx_word' id='word_1_183' title='bbox 1091 2733 1272 2827; x_wconf 81' lang='lat' dir='ltr'><strong>vigilavit².</strong></span> 
     </span>
    </p>

    <p class='ocr_par' dir='ltr' id='par_1_5' title="bbox 237 2839 1382 3404">
     <span class='ocr_line' id='line_1_27' title="bbox 310 2839 1382 2930; baseline 0.001 -20"><span class='ocrx_word' id='word_1_184' title='bbox 310 2842 396 2930; x_wconf 81' lang='lat' dir='ltr'><strong>Ego,</strong></span> <span class='ocrx_word' id='word_1_185' title='bbox 414 2839 522 2909; x_wconf 85' lang='lat' dir='ltr'><strong>sutura</strong></span> <span class='ocrx_word' id='word_1_186' title='bbox 537 2842 729 2928; x_wconf 87' lang='lat' dir='ltr'><strong>relinquens</strong></span> <span class='ocrx_word' id='word_1_187' title='bbox 748 2840 895 2929; x_wconf 89' lang='lat' dir='ltr'><strong>posteris</strong></span> <span class='ocrx_word' id='word_1_188' title='bbox 915 2841 1032 2909; x_wconf 88' lang='lat' dir='ltr'><strong>melius</strong></span> <span class='ocrx_word' id='word_1_189' title='bbox 1050 2839 1255 2922; x_wconf 81' lang='lat' dir='ltr'><strong>annotando,</strong></span> <span class='ocrx_word' id='word_1_190' title='bbox 1281 2842 1382 2910; x_wconf 82' lang='lat' dir='ltr'><strong>tineru</strong></span> 
     </span>
     <span class='ocr_line' id='line_1_28' title="bbox 238 2938 1376 3030; baseline 0.004 -24"><span class='ocrx_word' id='word_1_191' title='bbox 238 2938 356 3007; x_wconf 76' lang='lat' dir='ltr'><strong>faeiem</strong></span> <span class='ocrx_word' id='word_1_192' title='bbox 383 2940 559 3029; x_wconf 85' lang='lat' dir='ltr'><strong>sermonis,</strong></span> <span class='ocrx_word' id='word_1_193' title='bbox 586 2945 620 3009; x_wconf 92' lang='lat' dir='ltr'><strong>et</strong></span> <span class='ocrx_word' id='word_1_194' title='bbox 645 2939 808 3027; x_wconf 77' lang='lat' dir='ltr'><strong>siquidem</strong></span> <span class='ocrx_word' id='word_1_195' title='bbox 835 2939 922 3008; x_wconf 88' lang='lat' dir='ltr'><strong>berre</strong></span> <span class='ocrx_word' id='word_1_196' title='bbox 949 2946 983 3008; x_wconf 88' lang='lat' dir='ltr'><strong>et</strong></span> <span class='ocrx_word' id='word_1_197' title='bbox 1007 2945 1044 3007; x_wconf 91' lang='lat' dir='ltr'><strong>ut</strong></span> <span class='ocrx_word' id='word_1_198' title='bbox 1069 2939 1207 3007; x_wconf 89' lang='lat' dir='ltr'><strong>historie</strong></span> <span class='ocrx_word' id='word_1_199' title='bbox 1234 2957 1376 3030; x_wconf 89' lang='lat' dir='ltr'><strong>oompe-</strong></span> 
     </span>
     <span class='ocr_line' id='line_1_29' title="bbox 237 3037 1377 3128; baseline 0.002 -24"><span class='ocrx_word' id='word_1_200' title='bbox 237 3039 294 3127; x_wconf 80' lang='lat' dir='ltr'><strong>tit,</strong></span> <span class='ocrx_word' id='word_1_201' title='bbox 321 3039 454 3126; x_wconf 87' lang='lat' dir='ltr'><strong>etipse</strong></span> <span class='ocrx_word' id='word_1_202' title='bbox 481 3038 587 3107; x_wconf 88' lang='lat' dir='ltr'><strong>velim.</strong></span> <span class='ocrx_word' id='word_1_203' title='bbox 634 3037 669 3106; x_wconf 88' lang='lat' dir='ltr'><strong>Si</strong></span> <span class='ocrx_word' id='word_1_204' title='bbox 702 3044 811 3106; x_wconf 80' lang='lat' dir='ltr'><strong>autern</strong></span> <span class='ocrx_word' id='word_1_205' title='bbox 838 3040 947 3107; x_wconf 89' lang='lat' dir='ltr'><strong>ruiuus</strong></span> <span class='ocrx_word' id='word_1_206' title='bbox 974 3037 1094 3128; x_wconf 79' lang='lat' dir='ltr'><strong>digne,</strong></span> <span class='ocrx_word' id='word_1_207' title='bbox 1122 3037 1377 3109; x_wconf 81' lang='lat' dir='ltr'><strong>eoncedendum</strong></span> 
     </span>
     <span class='ocr_line' id='line_1_30' title="bbox 237 3135 1378 3227; baseline 0.003 -24"><span class='ocrx_word' id='word_1_208' title='bbox 237 3141 291 3204; x_wconf 89' lang='lat' dir='ltr'><strong>est</strong></span> <span class='ocrx_word' id='word_1_209' title='bbox 316 3135 413 3205; x_wconf 86' lang='lat' dir='ltr'><strong>miehi</strong></span> <span class='ocrx_word' id='word_1_210' title='bbox 439 3136 482 3205; x_wconf 85' lang='lat' dir='ltr'><strong>od</strong></span> <span class='ocrx_word' id='word_1_211' title='bbox 507 3136 640 3206; x_wconf 82' lang='lat' dir='ltr'><strong>laudem</strong></span> <span class='ocrx_word' id='word_1_212' title='bbox 666 3143 783 3206; x_wconf 88' lang='lat' dir='ltr'><strong>souote</strong></span> <span class='ocrx_word' id='word_1_213' title='bbox 812 3142 845 3204; x_wconf 91' lang='lat' dir='ltr'><strong>et</strong></span> <span class='ocrx_word' id='word_1_214' title='bbox 861 3137 1031 3206; x_wconf 87' lang='lat' dir='ltr'><strong>individue</strong></span> <span class='ocrx_word' id='word_1_215' title='bbox 1059 3137 1226 3227; x_wconf 65' lang='lat' dir='ltr'><strong>trinitatis</strong></span> <span class='ocrx_word' id='word_1_216' title='bbox 1254 3141 1307 3207; x_wconf 87' lang='lat' dir='ltr'><strong>oui</strong></span> <span class='ocrx_word' id='word_1_217' title='bbox 1334 3141 1378 3226; x_wconf 85' lang='lat' dir='ltr'><strong>sit¹</strong></span> 
     </span>
     <span class='ocr_line' id='line_1_31' title="bbox 237 3234 1375 3326; baseline 0.003 -23"><span class='ocrx_word' id='word_1_218' title='bbox 237 3234 346 3304; x_wconf 89' lang='lat' dir='ltr'><strong>horror</strong></span> <span class='ocrx_word' id='word_1_219' title='bbox 369 3235 443 3305; x_wconf 82' lang='lat' dir='ltr'><strong>laus</strong></span> <span class='ocrx_word' id='word_1_220' title='bbox 470 3242 503 3304; x_wconf 89' lang='lat' dir='ltr'><strong>et</strong></span> <span class='ocrx_word' id='word_1_221' title='bbox 536 3237 644 3323; x_wconf 82' lang='lat' dir='ltr'><strong>gloria</strong></span> <span class='ocrx_word' id='word_1_222' title='bbox 669 3242 702 3306; x_wconf 92' lang='lat' dir='ltr'><strong>et</strong></span> <span class='ocrx_word' id='word_1_223' title='bbox 728 3237 889 3305; x_wconf 84' lang='lat' dir='ltr'><strong>maiestas</strong></span> <span class='ocrx_word' id='word_1_224' title='bbox 919 3255 980 3326; x_wconf 91' lang='lat' dir='ltr'><strong>per</strong></span> <span class='ocrx_word' id='word_1_225' title='bbox 1013 3235 1139 3305; x_wconf 86' lang='lat' dir='ltr'><strong>irriiuitu</strong></span> <span class='ocrx_word' id='word_1_226' title='bbox 1172 3236 1290 3306; x_wconf 83' lang='lat' dir='ltr'><strong>seoulu</strong></span> <span class='ocrx_word' id='word_1_227' title='bbox 1315 3256 1375 3306; x_wconf 91' lang='lat' dir='ltr'><strong>se-</strong></span> 
     </span>
     <span class='ocr_line' id='line_1_32' title="bbox 238 3331 549 3404; baseline 0.006 -2"><span class='ocrx_word' id='word_1_228' title='bbox 238 3333 398 3403; x_wconf 87' lang='lat' dir='ltr'><strong>ouloruru.</strong></span> <span class='ocrx_word' id='word_1_229' title='bbox 431 3331 549 3404; x_wconf 86' lang='lat' dir='ltr'><strong>Amen.</strong></span> 
     </span>
    </p>
   </div>
   <div class='ocr_carea' id='block_1_5' title="bbox 234 3507 1374 3716">
    <p class='ocr_par' dir='ltr' id='par_1_6' title="bbox 234 3507 1374 3716">
     <span class='ocr_line' id='line_1_33' title="bbox 272 3507 1374 3578; baseline -0.002 -16"><span class='ocrx_word' id='word_1_230' title='bbox 272 3509 302 3574; x_wconf 82' lang='lat'><strong>1)</strong></span> <span class='ocrx_word' id='word_1_231' title='bbox 322 3508 365 3563; x_wconf 86' lang='lat' dir='ltr'><strong>die</strong></span> <span class='ocrx_word' id='word_1_232' title='bbox 380 3507 586 3575; x_wconf 79' lang='lat' dir='ltr'><strong>uaehioigendeu</strong></span> <span class='ocrx_word' id='word_1_233' title='bbox 600 3521 686 3578; x_wconf 82' lang='lat' dir='ltr'><strong>verse,</strong></span> <span class='ocrx_word' id='word_1_234' title='bbox 704 3509 732 3564; x_wconf 90' lang='lat' dir='ltr'><strong>irr</strong></span> <span class='ocrx_word' id='word_1_235' title='bbox 746 3509 868 3564; x_wconf 87' lang='lat' dir='ltr'><strong>weloireu</strong></span> <span class='ocrx_word' id='word_1_236' title='bbox 885 3509 956 3564; x_wconf 87' lang='lat' dir='ltr'><strong>wohl</strong></span> <span class='ocrx_word' id='word_1_237' title='bbox 974 3521 1072 3565; x_wconf 47' lang='lat' dir='ltr'><strong>uerear*</strong></span> <span class='ocrx_word' id='word_1_238' title='bbox 1085 3514 1146 3564; x_wconf 84' lang='lat' dir='ltr'><strong>stutt</strong></span> <span class='ocrx_word' id='word_1_239' title='bbox 1164 3509 1234 3564; x_wconf 77' lang='lat' dir='ltr'><strong>ferar</strong></span> <span class='ocrx_word' id='word_1_240' title='bbox 1250 3525 1283 3562; x_wconf 90' lang='lat' dir='ltr'><strong>zu</strong></span> <span class='ocrx_word' id='word_1_241' title='bbox 1301 3509 1374 3564; x_wconf 81' lang='lat' dir='ltr'><strong>lesen</strong></span> 
     </span>
     <span class='ocr_line' id='line_1_34' title="bbox 234 3575 1368 3660; baseline -0.004 -30"><span class='ocrx_word' id='word_1_242' title='bbox 234 3577 276 3643; x_wconf 86' lang='lat' dir='ltr'><strong>ist,</strong></span> <span class='ocrx_word' id='word_1_243' title='bbox 294 3575 383 3632; x_wconf 85' lang='lat' dir='ltr'><strong>irnderr</strong></span> <span class='ocrx_word' id='word_1_244' title='bbox 410 3576 464 3630; x_wconf 85' lang='lat' dir='ltr'><strong>sich</strong></span> <span class='ocrx_word' id='word_1_245' title='bbox 482 3575 554 3630; x_wconf 86' lang='lat' dir='ltr'><strong>nieht</strong></span> <span class='ocrx_word' id='word_1_246' title='bbox 570 3575 619 3658; x_wconf 67' lang='lat' dir='ltr'><strong>bei</strong></span> <span class='ocrx_word' id='word_1_247' title='bbox 632 3578 725 3660; x_wconf 75' lang='lat' dir='ltr'><strong>Horuz.</strong></span> <span class='ocrx_word' id='word_1_248' title='bbox 769 3579 801 3644; x_wconf 82' lang='lat'><strong>2)</strong></span> <span class='ocrx_word' id='word_1_249' title='bbox 820 3579 908 3632; x_wconf 86' lang='lat' dir='ltr'><strong>dieses</strong></span> <span class='ocrx_word' id='word_1_250' title='bbox 924 3580 952 3632; x_wconf 85' lang='lat' dir='ltr'><strong>iu</strong></span> <span class='ocrx_word' id='word_1_251' title='bbox 969 3577 1070 3634; x_wconf 88' lang='lat' dir='ltr'><strong>Pezerrs</strong></span> <span class='ocrx_word' id='word_1_252' title='bbox 1088 3577 1201 3660; x_wconf 76' lang='lat' dir='ltr'><strong>ahdruoir</strong></span> <span class='ocrx_word' id='word_1_253' title='bbox 1219 3579 1268 3659; x_wconf 69' lang='lat' dir='ltr'><strong>ops</strong></span> <span class='ocrx_word' id='word_1_254' title='bbox 1285 3576 1368 3658; x_wconf 79' lang='lat' dir='ltr'><strong>Auorr.</strong></span> 
     </span>
     <span class='ocr_line' id='line_1_35' title="bbox 235 3643 1373 3716; baseline -0.002 -17"><span class='ocrx_word' id='word_1_255' title='bbox 235 3643 316 3700; x_wconf 68' lang='lat' dir='ltr'><strong>ireoir.</strong></span> <span class='ocrx_word' id='word_1_256' title='bbox 336 3644 456 3701; x_wconf 84' lang='lat' dir='ltr'><strong>iohleude</strong></span> <span class='ocrx_word' id='word_1_257' title='bbox 474 3649 541 3700; x_wconf 84' lang='lat' dir='ltr'><strong>wort</strong></span> <span class='ocrx_word' id='word_1_258' title='bbox 558 3651 680 3714; x_wconf 81' lang='lat' dir='ltr'><strong>erguuzte</strong></span> <span class='ocrx_word' id='word_1_259' title='bbox 698 3645 865 3702; x_wconf 82' lang='lat' dir='ltr'><strong>rohausdeur</strong></span> <span class='ocrx_word' id='word_1_260' title='bbox 882 3661 980 3716; x_wconf 83' lang='lat' dir='ltr'><strong>auszug</strong></span> <span class='ocrx_word' id='word_1_261' title='bbox 998 3647 1138 3704; x_wconf 78' lang='lat' dir='ltr'><strong>desselben</strong></span> <span class='ocrx_word' id='word_1_262' title='bbox 1148 3646 1190 3701; x_wconf 86' lang='lat' dir='ltr'><strong>her</strong></span> <span class='ocrx_word' id='word_1_263' title='bbox 1201 3645 1373 3701; x_wconf 80' lang='lat' dir='ltr'><strong>Wurdtueru.</strong></span> 
     </span>
    </p>
   </div>
   <div class='ocr_carea' id='block_1_6' title="bbox 0 0 1528 4878">
    <p class='ocr_par' dir='ltr' id='par_1_7' title="bbox 0 0 1528 4878">
     <span class='ocr_line' id='line_1_36' title="bbox 0 0 1528 4878; baseline 0 0"><span class='ocrx_word' id='word_1_264' title='bbox 0 0 1528 4878; x_wconf 95' lang='lat' dir='ltr'><strong> </strong></span> 
     </span>
    </p>
   </div>
  </div>
 </body>
</html>
