3096 4882
485 230 550 276 nnn.
573 229 696 276 nussam
716 228 880 276 nuoovrcos
900 228 965 274 arv.
1223 197 1292 267 183

159 375 283 456 tusque
317 372 388 457 est,
415 366 484 435 olio
519 369 591 436 eius
625 367 803 436 Francisoo
839 372 937 456 capto
963 372 997 435 et
1023 366 1112 435 cesis
1138 365 1293 434 membris
1309 379 1376 433 reae

161 467 315 538 omnibus
343 465 536 555 decalvato,
563 468 597 533 in
625 465 818 534 Castellaris
847 464 983 534 fundum
1007 466 1107 555 iacto,
1134 467 1168 532 in
1196 453 1293 552 que'm

161 567 239 635 olim
264 564 536 634 Francischinum
561 564 706 633 nobilem
723 564 766 633 de
785 564 973 633 lllirandula
998 564 1187 650 multosque
1207 564 1293 632 Pas-

161 665 293 734 sarinus
320 665 490 733 coniectos
517 663 560 732 ad
583 663 678 732 samis
703 668 839 732 mortem
858 669 1028 750 coegerat.
1073 662 1201 750 Hioque
1218 664 1293 730 finis

159 764 329 832 Passarini
362 762 438 853 suit,
477 765 610 850 tyranni
647 764 846 848 longissimo
882 768 1029 851 tempore
1064 760 1294 829 crudelissimi.

160 863 350 951 Episcopus
376 862 604 952 Furliviensis,
633 864 689 949 qui
717 867 750 930 ct
777 868 889 950 spreta
914 880 1001 950 pape
1020 861 1154 929 loannis
1177 867 1211 928 et
1237 879 1294 928 eo-

160 961 263 1029 clesie
293 962 490 1029 anctoritate
517 979 640 1046 magno
667 967 827 1049 apparatu
854 963 888 1028 in
903 958 1134 1029 Lombardiam
1161 959 1203 1028 ad
1221 959 1295 1028 Lu-

160 1059 316 1129 dovicum
342 1065 533 1128 accesserat
555 1059 739 1147 lavorequo
765 1061 866 1128 multo
895 1061 1096 1150 excoluerat,
1122 1061 1297 1148 repentina

157 1164 264 1228 morte
283 1175 323 1226 ac
340 1159 467 1227 crudeli
484 1164 656 1248 correptus
675 1164 738 1248 est,
766 1176 964 1245 quamquam
985 1163 1019 1226 et
1040 1158 1095 1225 bio
1114 1159 1212 1245 signa
1231 1176 1296 1226 ex·-

157 1265 261 1326 treme
298 1257 502 1346 penitudinis
538 1276 669 1348 eorum,
697 1276 762 1345 quc
795 1260 829 1325 in
855 1258 920 1326 hoc
946 1275 1048 1346 opere
1076 1259 1295 1348 commiserat,

158 1363 193 1425 et
216 1356 330 1424 verbis
359 1362 392 1424 ct
416 1357 551 1425 nutibus
584 1362 736 1446 patenter
768 1355 962 1426 ostenderit.
1010 1355 1221 1446 Castronius,
1247 1358 1297 1424 vir

159 1455 299 1525 robuste
326 1454 527 1524 fortitudinis
540 1509 550 1547 ,
577 1474 656 1525 mox
681 1455 757 1524 dum
782 1454 886 1524 Roma
912 1455 1089 1540 digrossus
1115 1457 1149 1522 in
1173 1455 1297 1523 Lucam

159 1553 278 1644 rediit,
307 1558 341 1621 et
365 1556 439 1643 ipse
466 1561 571 1624 morte
596 1560 778 1644 preventus
806 1559 868 1622 est.
910 1552 1103 1642 Raynaldus
1131 1559 1165 1620 et
1190 1551 1296 1641 Opino

159 1652 372 1722 marchiones
393 1655 567 1744 EstenseS,
596 1656 703 1741 quiet
728 1653 928 1741 reliquorum
946 1651 1110 1720 lautorum
1134 1651 1297 1720 Ludovicl

161 1751 342 1839 complices
368 1751 511 1844 inerant,
536 1772 624 1841 pape
649 1752 787 1822 loannis
812 1751 1018 1838 indulgentie
1046 1767 1124 1818 sese
1142 1752 1296 1818 commit-

158 1855 288 1940 tentes,
324 1849 367 1918 ad
399 1853 506 1940 ipsius
539 1870 628 1941 pape
662 1852 876 1938 ecclesieque
911 1852 1072 1936 gremium
1106 1849 1298 1936 coningere.

158 1947 253 2030 Quos
284 1968 372 2037 papa
404 1950 641 2019 catholicorum
675 1949 820 2018 fidelium
855 1950 1029 2018 multorum
1064 1950 1236 2034 rogatibus
1263 1949 1298 2016 in

159 2051 299 2134 gratiam
327 2051 485 2140 suscepit,
512 2050 760 2136 Ferrariamque
789 2049 851 2116 sibi
878 2055 910 2116 et
927 2048 1072 2116 ecclesie
1095 2051 1298 2135 resignatam

157 2153 192 2216 et
206 2146 361 2215 traditam
379 2150 517 2238 accepit,
546 2168 644 2236 quam
666 2154 700 2216 et
723 2150 797 2237 ipse
817 2149 919 2215 multa
945 2147 1143 2216 liberalitate
1169 2148 1299 2216 illorum

160 2245 376 2315 fidelitatibus
403 2247 585 2333 regendam
611 2245 931 2334 gubernandamque
955 2247 1128 2337 commisit,
1154 2243 1298 2333 illosque

160 2363 235 2413 cum
262 2345 478 2432 complicibus
506 2351 539 2414 et
566 2346 754 2434 quibusque
782 2346 1076 2414 excommunicatis
1104 2363 1166 2413 seu
1190 2348 1299 2412 inter-

160 2444 258 2513 dictis
285 2443 327 2512 ab
355 2446 443 2513 omni
469 2444 678 2514 anathemate
706 2451 740 2512 et
764 2461 929 2532 processu
955 2443 1100 2512 absolvit
1124 2450 1157 2512 et
1184 2444 1299 2512 cccle-

161 2545 211 2612 sie
240 2549 455 2612 sacrosancte
482 2544 568 2614 illios
595 2545 776 2612 nunciavit.

234 2640 402 2710 Paridem
420 2648 550 2732 tempus
578 2645 792 2712 constitutum
816 2661 917 2709 unum
945 2641 987 2710 de
1014 2646 1117 2728 gente
1136 2641 1300 2708 Germana

160 2740 385 2809 marchionem
417 2743 450 2810 in
486 2743 630 2810 marchia
668 2739 881 2810 Anconitana
914 2741 1031 2809 Petrus
1067 2739 1109 2808 de
1145 2738 1301 2807 Corvaria

160 2842 351 2928 antipapam
375 2841 411 2908 in
431 2840 612 2909 Marohiam
638 2841 830 2930 transmisit,
859 2842 916 2927 qui
940 2841 1150 2928 plurimarum
1177 2840 1300 2906 civita-

161 2946 230 3007 tum
256 2937 371 3007 iavore
397 2939 579 3008 identidem
605 2940 714 3028 amplo
742 2939 890 3008 dominio
915 2957 999 3007 usus
1027 2945 1090 3008 est.
1139 2937 1203 3005 llic
1229 2937 1300 3005 Ta-

162 3056 241 3106 num
269 3036 310 3105 de
337 3039 417 3107 Esio
445 3038 501 3107 diu
526 3039 748 3130 magnificum,
777 3039 834 3125 qui
859 3043 892 3106 et
915 3040 988 3127 ipsc
1008 3039 1110 3106 multa
1128 3039 1301 3125 tyrannica

160 3139 194 3203 in
209 3136 360 3204 Marobia
378 3143 580 3228 exercuerat,
608 3140 718 3206 securi
734 3139 912 3227 percussit,
930 3155 1152 3225 magnamque
1174 3143 1300 3224 partem

160 3235 311 3303 lllarcbio
345 3237 415 3304 eius
452 3236 596 3323 subegit.
645 3238 694 3305 Eo
728 3254 815 3305 anno
850 3235 1006 3327 Carolus,
1041 3235 1177 3304 Roberli
1210 3236 1302 3320 regis

160 3331 284 3422 Apulie
298 3334 398 3426 lilius,
425 3337 566 3404 naturali
581 3342 686 3404 morte
708 3338 775 3403 vita
797 3336 986 3403 subtractus
1008 3341 1070 3425 est,
1091 3336 1185 3404 culus
1202 3332 1303 3401 sunus

158 3431 262 3522 Apuli
289 3452 413 3520 magno
439 3435 530 3503 luctu
555 3437 726 3523 prosecuti
753 3439 841 3503 sunt.
1144 3429 1146 3433 ’

235 3529 336 3601 Anno
359 3533 424 3601 hoc
448 3535 606 3602 innovata
623 3533 710 3602 sama
732 3540 784 3600 est
807 3550 867 3621 per
891 3550 1007 3601 omnes
1033 3537 1136 3602 terras
1158 3532 1303 3619 Italicas,

159 3632 357 3700 verisimilia
374 3632 480 3700 videri
505 3633 686 3701 litterarum
713 3634 821 3720 signa,
846 3649 915 3719 que
940 3633 1005 3699 iam
1031 3630 1133 3699 lerme
1160 3635 1303 3717 septen-

160 3733 219 3799 nio
247 3749 268 3798 a
294 3731 502 3819 pbilosophis
537 3733 771 3800 astronomicis
798 3731 971 3799 Toletanis
997 3731 1135 3816 vulgata
1162 3727 1301 3817 fuerant,

159 3831 322 3920 incipere,
349 3848 409 3917 per
433 3849 516 3918 quas
532 3830 739 3900 indicabatur
768 3830 832 3898 hoo
858 3830 977 3898 eodem
1003 3847 1104 3918 anno,
1130 3828 1303 3915 presertim

159 3945 282 3996 mense
316 3929 512 4020 septembri,
544 3929 642 3998 linem
669 3930 832 3998 habitura.
876 3929 1033 3996 Futurum
1059 3927 1184 3996 scilicet
1212 3942 1302 4016 esse,

159 4033 199 4096 ut
230 4028 320 4096 aeris
356 4033 389 4095 et
421 4030 579 4117 temporis
605 4031 820 4117 intemperies
854 4026 1012 4116 pestilera
1038 4032 1072 4094 et
1105 4025 1205 4114 plena
1231 4031 1303 4092 ter-

163 4144 278 4194 rorum
311 4133 406 4194 esset
439 4128 589 4197 infinitos
623 4128 779 4196 mortales
811 4125 853 4194 ad
885 4130 1022 4195 mortem
1058 4130 1233 4215 coactura,
1261 4122 1302 4192 de

162 4226 240 4295 colo
268 4224 457 4295 audiendos
484 4244 593 4298 novos
621 4244 726 4296 sonos
755 4233 788 4294 et
814 4226 967 4314 genitae,
996 4225 1145 4314 eclipsim
1165 4224 1303 4294 univer-
