3044 4882
447 201 589 248 rormuucs
609 201 815 250 vrcvommsrs.
850 201 875 265 2,
892 203 915 253 5.
1185 167 1264 241 315

124 339 237 408 bourie
263 340 352 407 circa
379 339 549 408 Coloniam
587 348 620 408 et
652 341 827 433 Nuzziam,
864 344 920 430 qui
955 357 993 410 se
1026 341 1258 428 imperatorem

123 437 248 507 diceret
273 438 492 529 Fridericum‚
527 440 583 526 uui
618 443 786 509 veteranis
820 441 975 510 militibus
1011 438 1104 508 dedit
1135 437 1258 506 indicia

122 534 309 626 manifesta,
335 535 511 606 ludeorum
539 539 678 608 maxime
705 539 867 627 suffragio
900 539 1114 628 imperialiter
1147 538 1258 605 curias

125 635 314 726 celebravit,
341 639 374 704 in
402 636 541 706 Colonia
574 642 747 706 maximam
782 640 1015 708 contumeliam
1049 635 1193 726 pertulit,
1226 640 1260 704 et

122 735 298 803 abrasione
326 738 462 804 crinium
488 738 521 804 in
551 738 696 806 cloacam
719 739 854 806 mittitur
871 736 1096 806 stercoralem.
1127 732 1258 803 Deinde

121 833 261 920 aullugit
292 853 357 903 neo
390 843 500 904 tamen
535 839 699 927 cessavit,
739 839 949 925 veniensque
982 838 1016 905 in
1050 834 1259 904 Wctllariam

120 933 245 1001 llazme
274 935 449 1025 civitatem,
475 952 534 1004 rex
560 954 634 1004 cunr
662 938 813 1027 expetiit,
849 944 883 1006 et
915 954 975 1026 per
1002 936 1178 1021 comigiam
1204 931 1259 1000 ie-

121 1032 515 1102 moralisamarscbalco
532 1037 624 1122 ragis
641 1036 745 1103 nobili
771 1037 843 1104 viro
870 1035 912 1105 de
938 1034 1140 1124 Papenbaim
1166 1038 1259 1100 trac·

122 1137 186 1222 tus,
222 1149 301 1199 mox
333 1140 520 1201 caracteres
556 1142 589 1202 et
621 1134 812 1202 illusionum
847 1135 1006 1221 figmenta
1037 1133 1147 1201 omnia
1182 1134 1261 1198 sunt

120 1230 238 1320 eflusa,
267 1232 387 1318 quibus
412 1232 572 1321 populum
598 1232 818 1322 dementavit;
847 1240 882 1302 et
906 1235 956 1302 sic
980 1232 1094 1300 lassus
1110 1231 1260 1299 iascina-

119 1331 244 1398 tionem
271 1347 308 1397 se
336 1331 559 1419 calopidarum
587 1339 640 1400 est
665 1333 851 1423 protessus.
888 1332 959 1400 Rex
985 1338 1095 1400 autem
1114 1330 1156 1399 ad
1175 1347 1259 1398 sen-

119 1431 256 1496 tentiam
283 1431 428 1498 omnium
454 1431 669 1499 diiudicatum
702 1435 781 1518 igne
816 1433 997 1521 interemit,
1034 1437 1068 1498 et
1101 1449 1121 1497 a
1152 1443 1259 1514 regno
1277 1441 1342 1493 lass

116 1527 341 1616 pestilentiam
368 1528 455 1598 hanc
480 1530 654 1599 submovit.
1281 1525 1334 1564 Μ·

195 1624 269 1695 Hoc
294 1633 444 1716 tempora
470 1647 529 1698 rex
556 1629 729 1698 discidium
757 1629 1012 1716 Thuringiorum
1044 1631 1078 1695 et
1102 1625 1260 1694 Misnen-

117 1726 204 1793 sium
232 1728 428 1797 terminavit.
461 1728 545 1797 Nam
571 1730 664 1818 ipsas
691 1734 795 1797 terras
822 1731 965 1819 pacavit,
993 1733 1026 1796 et
1052 1726 1131 1794 data
1151 1741 1260 1813 pecu-

116 1824 191 1913 nia,
227 1830 264 1891 ut
296 1825 336 1892 ab
370 1826 508 1914 imperio
543 1827 794 1896 inleodarentur
826 1830 860 1896 in
900 1827 1081 1918 reliquum,
1118 1824 1261 1892 maxima

116 1921 293 2008 diligentia
319 1930 354 1991 et
377 1927 588 2014 providentia
613 1929 811 2015 procuravit.

194 2021 269 2091 Hoc
294 2025 392 2091 etiarn
419 2043 507 2096 anno
534 2027 756 2095 Panormitam
791 2025 893 2094 Siculi
930 2041 1046 2094 omnes
1072 2022 1260 2112 Francige-
1276 2027 1344 2083 rasa

114 2137 181 2189 nas
208 2127 243 2188 et
269 2121 415 2191 Gallicos
441 2143 515 2194 cum
541 2125 732 2196 mulieribus
757 2123 999 2213 pregnantibus
1030 2112 1351 2220 peremerunt5¹¹ggl

114 2226 147 2287 et
176 2236 294 2288 omnes
322 2220 426 2290 Siculi
450 2225 580 2294 Petrum
607 2241 721 2310 regem
747 2221 937 2310 Arroganie
973 2222 1036 2292 sibi
1072 2223 1107 2289 in
1132 2219 1260 2310 prinoi-

112 2336 192 2407 pem
219 2325 415 2391 statuerunt.

192 2414 292 2488 Anno
320 2419 443 2489 domini
469 2421 712 2490 m.co.lxxx.iiii.
735 2424 770 2490 in
798 2419 964 2508 quandam
996 2419 1137 2487 insulam
1169 2417 1261 2504 regis
1277 2427 1345 2484 taso

117 2513 246 2604 Anglie
273 2517 389 2588 Petrus
416 2526 450 2588 ct
474 2519 617 2590 llarolus
644 2523 730 2588 circa
747 2518 971 2606 burdegalem
987 2516 1262 2605 monomachiam,

120 2634 197 2684 curn
225 2623 357 2685 centum
384 2619 539 2688 militibus
566 2619 717 2707 quolibet
743 2635 856 2686 eorum
882 2617 984 2708 fulto,
1014 2615 1077 2684 sub
1104 2631 1265 2704 compac-

121 2718 252 2784 tatione
280 2718 471 2786 amissionis
498 2737 605 2788 rerum
640 2725 673 2786 et
708 2719 846 2787 honoris
879 2722 914 2785 et
946 2715 1137 2804 specialiter
1168 2713 1265 2800 regni

122 2814 239 2882 Sicilia
267 2815 501 2905 condixerunt3
530 2835 594 2905 qua
621 2824 732 2885 tamena
757 2834 817 2906 per
850 2817 1109 2884 interiectionem
1136 2811 1204 2882 dclv
1230 2816 1266 2880 et

118 2915 247 2982 malitie
274 2921 327 2983 est
353 2916 472 2985 soluta.
514 2916 653 2984 Duravit
679 2923 787 2984 autem
814 2917 877 2984 bec
903 2915 1131 2985 controversia
1153 2913 1265 2980 diuet

113 3015 199 3082 satis
217 3011 299 3081 dura
317 3013 389 3100 luit,
417 3033 593 3103 quousque
621 3016 736 3084 Petms
763 3033 836 3083 oum
862 3016 981 3102 viginti
1005 3012 1136 3081 duabus
1155 3009 1263 3098 galeis

115 3118 319 3181 armatorum
347 3121 380 3182 et
405 3117 549 3184 virorum
575 3118 803 3203 nauticorum,
840 3115 896 3201 qui
931 3114 1026 3199 gnari
1059 3113 1158 3180 maris
1186 3110 1261 3178 iue-

111 3218 203 3302 runt‚
232 3210 387 3281 llarolum
414 3214 525 3282 llarcli
553 3214 652 3282 srlium
680 3231 722 3282 cx
747 3213 888 3301 Neapoli
916 3211 958 3280 ad
983 3211 1103 3279 navale
1121 3210 1262 3298 prelium

110 3316 319 3399 provocaret
353 3317 387 3381 et
420 3319 571 3404 caperet,
599 3320 632 3381 et
657 3319 693 3380 ut
720 3312 854 3400 quidam
881 3309 994 3378 dicunt
1014 3309 1257 3395 submergeret.

108 3407 227 3498 Aliqui
259 3411 296 3477 in
330 3411 535 3503 Messanam,
568 3410 622 3479 alii
648 3411 781 3480 ductum
807 3412 841 3478 in
867 3406 1090 3495 Arragoniam
1110 3425 1257 3475 asseve-

109 3517 196 3601 rant,
225 3514 260 3577 et
285 3511 375 3579 nullo
401 3513 508 3600 pretio
536 3511 652 3579 redimi
677 3511 841 3599 potuisse,
869 3506 931 3576 sed
951 3507 1084 3596 publice
1104 3505 1258 3574 decolla-

111 3615 193 3677 tum.
233 3607 396 3678 Messana
420 3629 480 3700 per
505 3610 661 3679 Karolum
687 3608 907 3677 inefficaciter
933 3612 986 3676 est
1011 3605 1167 3694 obsessa,
1187 3605 1259 3672 Ar-

109 3709 259 3795 rogonia
284 3725 345 3795 per
369 3729 490 3798 papam
516 3711 818 3798 excommunicata,
850 3712 883 3775 ct
917 3724 977 3795 par
1002 3706 1148 3773 militiam
1175 3703 1258 3771 Pbi-

107 3807 195 3896 lippi
214 3809 305 3892 regis
331 3809 469 3878 Francia
495 3810 620 3899 invasu,
645 3810 680 3876 in
706 3814 800 3896 parto
827 3807 938 3893 aliqua
964 3804 1169 3873 devastatur.
1198 3801 1256 3869 Sic

107 3905 295 3974 Meinlredi
321 3906 388 3976 lilia
414 3914 467 3976 est
493 3914 607 3998 erepta
634 3909 685 3975 oui
712 3906 796 3975 deus
823 3906 885 3973 oali
912 3903 1003 3973 dedit
1021 3901 1178 3990 gaudium
1196 3918 1257 3990 pro

107 4005 206 4074 tedio
234 4005 324 4094 quod
349 4025 513 4097 perpessa
540 3999 622 4075 eset
661 4007 759 4074 Petro
787 4009 934 4095 mortuo,
970 4002 1026 4070 filii
1062 4003 1115 4070 sui
1141 4000 1258 4068 Petrus

143 4161 178 4226 l)
199 4159 247 4215 Die
265 4165 349 4214 warte
367 4163 405 4214 sic
423 4160 463 4214 bis
482 4165 521 4215 est
539 4161 598 4215 siud
617 4161 706 4230 spiter
721 4159 917 4212 durobstricben
937 4156 990 4211 uod
1010 4160 1072 4211 statt
1091 4156 1174 4210 deren
1193 4157 1255 4210 eina

115 4231 224 4298 ingere
241 4243 274 4282 ao
293 4229 345 4284 den
363 4231 428 4284 rand
447 4228 636 4298 gesobriebene
655 4228 732 4284 stelle
750 4242 795 4281 zur
813 4225 954 4296 eioidgung
971 4225 1108 4280 bestimmt.
