3052 4878
415 199 532 246 1166111
553 201 596 246 nr.
619 199 758 248 6666666
782 172 1232 248 6111616127

93 338 256 428 prineipio
284 339 370 406 siout
396 338 477 406 fatui
503 356 562 428 per
595 340 706 426 ignem
734 357 874 425 granum
898 347 932 408 et
958 339 1315 440 ρ61666,61666166

95 437 295 505 616616666
313 439 427 506 vinum
445 444 478 506 et
500 437 932 529 616661661611166661,16
954 440 1068 526 vigilia
1086 441 1231 508 omnium
1259 457 1317 565 030u

94 542 287 605 sanatorum
321 536 363 605 de
389 536 446 605 illo
473 554 590 624 eampo
624 539 768 606 reoessit
798 539 995 627 imperator,
1023 546 1056 606 61
1081 511 1296 608 6666161111

94 653 214 722 uquam
244 635 296 702 his
323 635 442 704 diebus
475 637 555 704 satis
581 654 736 750 magnam
762 635 805 704 de
831 637 919 706 olera
945 636 1019 724 die;
1046 639 1081 704 in
1106 644 1231 725 quanto

92 734 262 824 perieulo,
296 734 343 802 illi
376 736 502 824 serunt,
537 736 593 822 qui
618 735 782 804 viderunt.
827 735 862 804 Si
896 735 985 803 alii
976 755 1010 803 16
1036 735 1147 822 aliquo
1174 755 1232 806 oor

95 833 304 924 habuissent,
331 852 404 902 666
422 839 566 922 possent
586 832 629 902 ad
648 852 879 922 quameunque
898 840 1025 924 partem
1043 835 1232 904 voluissent

92 949 167 1004 euru
195 950 308 1001 eorum
333 931 474 1002 exfortio
496 938 681 1023 pereutere,
709 951 772 1001 neo
789 933 855 1000 alia
871 952 950 1022 pars
978 934 1075 1002 aliam
1100 940 1231 1022 poterat

91 1031 219 1120 iuvare,
248 1049 321 1098 oum
338 1049 405 1099 una
418 1035 512 1099 esset
529 1033 611 1099 eitra
629 1050 759 1123 aquam,
787 1031 854 1100 alia
875 1042 977 1125 extra,
998 1038 1031 1099 61
1051 1032 1116 1100 6116
1134 1033 1228 1123 16166,

92 1147 183 1216 aqua
209 1129 271 1198 iuit
296 1129 471 1219 profunda,
499 1134 533 1197 et
552 1133 710 1199 transitus
728 1131 957 1219 longissimus,
986 1138 1019 1199 61
1037 1131 1153 1200 alveus
1175 1132 1230 1200 al-

91 1230 254 1318 tissimus,
281 1232 328 1296 ita
346 1228 436 1317 quod
461 1228 584 1298 iudioio
608 1232 849 1299 transeuntium
865 1229 982 1298 16666
998 1230 1086 1298 bone
1110 1230 1229 1300 baliste

91 1345 196 1416 super
220 1327 352 1395 alveum
379 1329 563 1396 existentes
590 1345 653 1397 nos
679 1346 796 1397 omnes
823 1329 1088 1419 impedivissent,
1115 1333 1230 1417 quiaa

89 1425 190 1495 nobis
216 1445 285 1495 non
310 1431 465 1515 poterant
490 1426 615 1495 oliendi
637 1427 752 1513 gladio
776 1428 832 1495 vel
856 1428 975 1496 lanoea
989 1434 1127 1517 propter
1145 1446 1231 1517 pro-

90 1525 287 1594 funditatem
313 1543 400 1613 aque
425 1541 529 1614 prope
557 1526 688 1618 alveum
715 1533 748 1594 61
773 1528 879 1615 ipsius
900 1527 987 1596 alvei
1012 1527 1230 1596 altitudinem.

89 1623 185 1692 Deus
212 1624 318 1693 voluit
344 1622 433 1711 quod
460 1625 508 1692 sio
534 1624 638 1714 fieret,
664 1630 763 1713 prout
790 1624 902 1716 eredo,
930 1626 1008 1712 quia
1024 1625 1071 1694 illi
1089 1628 1227 1714 sapien-

89 1728 144 1792 tes
170 1723 304 1814 milites,
330 1724 388 1812 qui
412 1722 564 1812 prediola
590 1722 906 1815 oonsideraverunt,
933 1722 1000 1792 hoo
1025 1741 1159 1814 semper
1182 1726 1229 1792 ti-

89 1822 237 1892 mebant.

167 1920 249 1988 Cum
272 1919 380 1990 611166
408 1920 534 1989 nullum
559 1921 741 1990 remedium
763 1927 882 2010 posset
902 1919 1035 2012 videro,
1061 1919 1228 1989 vastando

90 2019 318 2089 comburendo
351 2020 447 2088 aliam
482 2024 627 2132 partem,
661 2021 747 2089 ultra
780 2039 900 2107 aquarn
934 2019 1073 2089 1661666
1108 2017 1228 2088 166166
1242 2039 1303 2080 nov

89 2121 236 2187 666166
262 2124 455 2188 666616666
482 2123 517 2185 61
540 2120 720 2188 animarum
745 2121 780 2187 in
805 2126 1005 2188 6166666166
1028 2119 1158 2187 1116666
1185 2094 1304 2186 161·2

90 2217 227 2306 Β66116,
255 2217 357 2306 pleno
384 2217 576 2286 mulieribus
606 2217 776 2287 nobilibus
805 2224 838 2286 et
868 2218 1005 2287 infinitis
1035 2217 1158 2285 divitiis
1185 2217 1228 2286 de

88 2318 145 2386 illa
173 2322 333 2385 contrata.
370 2316 530 2384 Mulieres
557 2316 689 2386 nobiles
716 2317 803 2384 illius
831 2319 1004 2386 sooietatis
1030 2333 1090 2405 pro
1115 2317 1228 2385 maiori

90 2421 187 2504 parte
215 2433 264 2503 66,
291 2432 427 2503 666666,
456 2422 489 2483 61
509 2415 599 2484 bona
618 2433 733 2484 eorum
750 2416 996 2503 reoollegerant
1012 2420 1148 2503 propter
1162 2414 1228 2483 looi

88 2512 331 2601 iortitudinenr3
366 2514 423 2581 ubi
456 2518 550 2582 61661
583 2516 666 2583 6661
692 2516 845 2584 altissimi
879 2522 913 2583 61
937 2514 1101 2583 16666166
1127 2513 1229 2581 16116-

89 2615 208 2681 simum
235 2620 269 2682 et
292 2566 600 2702 profundissimum,
627 2615 739 2703 plures
766 2615 945 2683 servitores
971 2613 1081 2682 loourn
1107 2617 1228 2680 eusto-

88 2712 223 2781 dientes
250 2731 325 2780 oum
350 2713 462 2780 multis
488 2712 629 2782 balistis.
666 2708 721 2781 Ad
746 2714 882 2801 primam
902 2713 1110 2781 invasionem
1135 2710 1230 2779 salva

86 2814 158 2880 vita
183 2830 300 2880 eorum
328 2816 473 2879 6661666
500 2810 725 2883 reddiderunt.
768 2811 932 2880 Dominus
958 2813 1136 2898 imperator
1161 2826 1228 2878 vo-

86 2909 149 2979 luit
177 2910 269 2998 quod
291 2909 367 2978 illas
394 2910 547 2979 dominas
577 2911 709 2978 nobiles
735 2910 869 2978 honesti
894 2912 957 2980 viri
983 2927 1041 2978 eas
1068 2908 1230 2977 16666661

89 3009 250 3077 decenter
275 3007 319 3076 ad
347 3025 546 3095 quoeunque
572 3008 646 3076 1666
664 3011 711 3077 166
729 3009 855 3078 vellent
875 3027 948 3077 eum
971 3026 1085 3077 eorum
1102 3008 1227 3097 pueris,

12 3109 15 3118 '
87 3111 145 3194 qui
173 3107 214 3176 16
240 3108 423 3176 maioribus
443 3113 477 3175 et
497 3106 671 3176 ditioribus
693 3109 860 3177 Florentie
877 3113 972 3176 erant
988 3109 1057 3176 nati
1069 3113 1103 3174 et
1120 3108 1239 3192 magis.

86 3207 153 3276 sibi
187 3209 220 3292 in
252 3208 384 3274 61611616
411 3207 597 3275 6661616116.
646 3207 767 3275 Tussis
795 3207 994 3298 Guibelinis,
1022 3207 1078 3292 qui
1104 3221 1227 3293 pueros

88 3285 289 3395 noscebant,
317 3305 490 3393 displiouit
515 3304 557 3373 16
585 3322 700 3374 66666
725 3306 934 3395 liberatione,
962 3304 1113 3373 dieentes
1137 3302 1228 3392 quod

86 3403 287 3494 eredebant,
324 3404 414 3492 quod
448 3405 476 3472 si
503 3404 657 3473 dominus
693 3410 824 3473 teneret
855 3421 981 3494 pueros
1014 3419 1229 3471 66666666

85 3503 259 3592 matribus,
287 3505 394 3571 661111
419 3521 533 3570 earum
560 3508 594 3570 et
618 3510 730 3592 patres
758 3521 871 3572 eorum
897 3505 964 3572 oito
991 3501 1033 3572 61
1060 3501 1228 3570 obedien

85 3603 167 3670 1166
199 3604 361 3670 venirent.
405 3601 567 3670 Dominus
602 3603 693 3671 nullo
725 3603 827 3672 modo
854 3621 915 3672 eos
942 3603 1047 3671 voluit
1073 3602 1226 3687 16111616,

86 3700 151 3770 661
179 3701 304 3769 liberos
331 3702 420 3768 161611
446 3718 518 3769 666.

163 3799 202 3867 16
222 3801 368 3868 66661166
392 3801 571 3868 66166666
596 3799 739 3868 recessit
762 3798 939 3886 imperator
964 3794 1007 3862 de
1024 3797 1081 3864 illo
1105 3798 1226 3863 oestro
1245 3829 1310 3871 nov.

84 3897 127 3966 Et
154 3905 232 3986 post
260 3916 357 3966 suum
382 3916 552 3967 reoessum
580 3901 688 3966 statim
715 3897 761 3966 ibi
782 3899 914 3986 positus
936 3893 1030 3962 init
1021 3895 1121 3984 rgniS,
1148 3898 1227 3961 1666
1270 3885 1286 3939 3

84 3996 316 4066 oomburendo
350 3997 437 4064 illarn
469 3998 606 4085 patriam
642 4015 750 4084 usque
783 3995 826 4064 61
851 3998 1003 4063 sanetum
1030 3992 1227 4061 Cassianum
1277 3991 1279 3996 '

83 4113 197 4185 propo
223 4097 419 4164 Florentiam
451 4096 494 4163 61
521 4113 583 4164 sex
608 4096 755 4164 miliaria.
803 4094 852 4161 lbi
878 4092 992 4180 posuit
1018 4097 1129 4160 666116
1156 4109 1227 4160 sua.

83 4194 179 4262 Villa
205 4192 264 4263 luit
279 4193 377 4264 valde
402 4195 491 4264 bona
509 4200 544 4262 et
561 4195 661 4284 plena
680 4193 833 4263 omnibus
854 4191 962 4260 bonis.
1001 4189 1050 4258 lbi
1070 4192 1228 4260 remansit
