3052 4878
483 174 599 222 mecum
620 177 665 222 rr.
687 174 826 223 aornonr.
849 176 981 223 ruarmo.
1255 151 1299 220 73

161 315 225 397 ius
252 317 287 382 et
312 311 404 400 quod
429 314 674 382 marchionatus
700 314 883 383 devenerat
908 315 951 383 ad
977 333 1108 384 manum
1134 315 1214 386 dicti
1240 335 1299 386 re·
1316 330 1384 388 teto

161 415 228 499 gis.
254 412 296 480 Et
322 412 388 480 hoc
412 409 473 480 suit
497 429 558 500 per
583 431 700 483 omnes
723 414 941 504 approbatum
966 415 1058 485 nuito
1077 423 1191 504 aperte
1212 434 1300 485 con-

162 509 360 580 tradicente.

238 611 333 679 Tunc
355 608 508 679 dominus
534 626 593 677 rex
617 609 736 678 volens
760 610 894 698 placere
921 612 1030 680 comiti
1045 611 1242 701 Philippono
1265 620 1300 682 et

161 703 320 778 omnibus
347 708 523 798 Guclphis‚
550 708 668 777 volens
701 708 801 776 etiam
834 709 967 796 placere
994 709 1128 780 domino
1156 709 1296 801 Opizino

162 806 206 875 de
233 807 377 898 Lucrdo,
404 810 497 876 cuius
525 807 622 874 iliam
653 807 755 876 hahet
780 809 813 875 in
845 826 981 878 uxorem
1016 828 1105 877 nunc
1139 810 1297 902 marchio,

161 907 422 975 marchionatum
449 905 700 996 Montisterrati‚
729 907 784 994 qui
810 908 897 975 iuste
923 908 966 976 ad
992 926 1111 976 manus
1134 927 1213 978 suas
1232 910 1298 979 de-

160 1011 311 1095 venerat,
339 1004 381 1086 de
403 1023 494 1074 novo
519 1002 654 1072 tradidit
672 1007 707 1072 in
726 1004 860 1073 feodum
882 1007 1063 1075 marchioni
1085 1008 1149 1076 illis
1169 1008 1301 1078 diebus.

162 1104 225 1172 lila
255 1103 392 1172 donatio
425 1105 577 1173 omnibus
612 1103 805 1172 Guebelinis
832 1106 867 1172 in
891 1104 1093 1174 Lumhardia
1118 1106 1297 1198 displicuit,

163 1204 244 1290 quia
277 1203 421 1271 marchio
455 1210 535 1272 tunc
569 1202 705 1270 tenebat
737 1221 811 1271 cum
843 1203 976 1273 domino
1012 1205 1164 1274 Guidoue
1197 1205 1239 1274 de
1264 1207 1299 1275 la

163 1303 268 1370 Turre
295 1307 329 1369 et
354 1303 473 1371 comite
499 1301 696 1389 Philippono
729 1307 763 1369 et
788 1302 861 1370 aliis
888 1303 1065 1394 Guclphis‚
1093 1309 1128 1373 et
1152 1305 1298 1374 marchio

163 1401 370 1470 Saluciarum
404 1401 540 1469 tenebat
565 1405 663 1490 tunc,
699 1400 785 1468 siout
812 1407 846 1468 et
871 1421 979 1494 nunc,
1005 1421 1079 1471 cum
1106 1404 1298 1472 Guebelinis

164 1499 316 1587 expulsis
339 1499 380 1568 de
397 1499 607 1568 Lomhardia.
633 1496 685 1566 Ab
706 1499 763 1568 illo
783 1499 837 1568 die
864 1519 995 1589 semper
1020 1503 1167 1571 marchio
1193 1502 1298 1572 Mon-

162 1598 321 1667 tisserrati
337 1616 397 1687 pro
414 1601 551 1686 imperio
567 1603 601 1666 et
618 1597 771 1666 fidelihus
787 1601 915 1686 imperii
933 1600 1040 1668 tidelis
1063 1606 1116 1668 est
1132 1603 1299 1671 inventus.

236 1697 277 1766 ln
294 1697 413 1766 eodem
432 1697 508 1766 loco
528 1702 690 1766 venemnt
708 1697 751 1765 ad
770 1715 844 1765 eum
867 1698 1139 1787 archiepiscopus
1160 1699 1299 1768 Medio-

161 1797 313 1865 lanensis
340 1803 375 1864 et
399 1795 553 1864 dominus
579 1796 749 1864 Mattheus
775 1796 973 1866 Vicecomes
992 1806 1026 1867 et
1041 1797 1236 1868 Maniredus
1255 1797 1299 1867 de

160 1896 305 1964 Becaria
331 1894 373 1963 de
399 1896 510 1985 Papia,
538 1897 595 1983 qui
621 1903 699 1964 tunc
727 1901 823 1964 erant
847 1897 989 1985 expulsi.
1025 1897 1091 1987 ihi,
1117 1904 1215 1985 prout
1240 1915 1299 1965 re-
1433 1919 1436 1924 ¹

163 1994 299 2085 cordor,
325 1996 516 2063 iuraverunt
543 2013 639 2062 suurn
664 1995 838 2063 consilium
864 1997 919 2063 isti
945 2002 1025 2086 tres,
1053 1997 1109 2084 qui
1137 2002 1214 2065 tunc
1232 1995 1300 2064 do-

162 2095 253 2162 mino
282 2093 425 2162 Guidoni
457 2093 498 2162 de
533 2096 634 2162 Turre
662 2099 696 2162 et
726 2097 810 2181 parti
839 2092 988 2183 Guclphe
1015 2100 1109 2164 erant
1135 2098 1300 2184 contrarii,

162 2198 201 2261 et
225 2192 444 2282 adhaesum,
473 2200 615 2281 excepto
634 2193 896 2281 archiepiscopo.
923 2196 1016 2263 Tunc
1029 2196 1131 2263 etiam
1147 2196 1301 2283 superius

159 2293 326 2360 nominati
353 2310 465 2360 comes
487 2292 704 2380 Philipponus
728 2297 762 2360 et
780 2292 906 2380 Symon
923 2293 1150 2362 Vercellensis
1170 2302 1204 2361 ct
1223 2291 1301 2361 An-

161 2391 277 2460 tonius
305 2390 348 2459 de
373 2390 488 2460 Laude
509 2391 633 2460 domini
646 2393 738 2477 regis
756 2393 930 2459 consilium
948 2395 1140 2461 iuraverunt
1156 2398 1189 2461 et
1211 2391 1300 2460 hde-
1409 2479 1412 2484 Ι

161 2490 291 2558 litatem
317 2489 477 2580 iecerunt,
505 2496 539 2558 et
562 2490 676 2579 plures
698 2490 753 2558 atii
777 2491 896 2578 prelati
914 2493 1052 2582 ethici,
1081 2507 1167 2578 quos
1185 2493 1301 2560 nescio

161 2591 349 2680 nominare,
374 2593 460 2658 inter
480 2607 565 2678 quos
587 2588 648 2657 suit
673 2591 852 2678 episcopus
877 2586 1043 2681 astensis,
1069 2590 1302 2680 NovaricnsiS,

162 2692 201 2756 et
226 2689 452 2758 Taurinensis.
1018 2713 1022 2718 ·

240 2786 368 2856 Ibidem
386 2787 538 2858 dominus
557 2787 829 2876 archiepiscopus
846 2787 1111 2857 Mediolanensis
1130 2787 1303 2874 requisivit

163 2883 336 2955 dominum
361 2905 492 2977 regem,
521 2886 612 2976 quod
638 2887 757 2955 tratres
784 2905 867 2956 suos
896 2894 982 2979 tres,
1011 2904 1097 2976 quos
1124 2885 1231 2955 Guido
1259 2884 1302 2953 de

164 2984 271 3053 Turre
304 2986 380 3074 plus
415 3005 513 3074 quam
547 3002 607 3073 per
640 3005 762 3054 annum
788 2988 822 3054 in
848 3004 982 3055 carcere
1009 2992 1176 3076 tenuerat,
1203 3003 1303 3053 man-

162 3081 263 3152 daret
286 3084 428 3154 liberari.
466 3085 629 3153 Dominus
655 3103 715 3153 rex
740 3085 909 3154 mandavit
933 3086 990 3177 ilii,
1018 3084 1109 3173 quod
1134 3086 1228 3173 ipsos
1255 3085 1302 3152 li-

162 3182 308 3252 beraret
334 3181 431 3264 Quod
458 3189 536 3252 tunc
562 3183 672 3252 tacere
698 3187 874 3252 recusavit.

241 3281 366 3350 Ibidem
388 3300 500 3352 comes
525 3282 740 3372 Philipponus
766 3284 893 3352 invenit
911 3302 1012 3351 unum
1040 3283 1082 3352 de
1105 3282 1216 3372 Papia,
1245 3284 1302 3368 qui

161 3386 306 3449 venerat
330 3380 374 3449 ad
400 3382 568 3450 dominum
593 3401 699 3450 suum.
740 3382 782 3449 Et
807 3384 901 3471 quia,
928 3388 965 3450 ut
989 3382 1140 3471 predixi,
1167 3383 1242 3469 ipse
1269 3387 1303 3448 et

163 3479 234 3569 alii,
262 3483 318 3568 qui
343 3486 498 3568 potenter
523 3499 602 3550 suas
629 3483 780 3549 civitates
812 3481 981 3571 tenebant,
1009 3487 1086 3550 ante
1112 3483 1302 3566 ingressum

161 3580 258 3664 regis
283 3582 317 3647 in
343 3579 575 3649 Lumbardiam
603 3581 837 3650 ordinaverant
869 3580 930 3648 sub
955 3599 1044 3669 pena
1070 3580 1183 3667 gravi,
1212 3576 1303 3664 quod

161 3677 277 3746 nullus
294 3698 391 3746 suum
407 3681 635 3769 episcopatum
653 3681 767 3769 exiret,
784 3677 966 3767 predictum
987 3677 1181 3768 increpabat
1199 3693 1304 3763 quare

164 3783 286 3845 contra
304 3777 546 3847 ordinationem
569 3797 662 3848 suam
683 3781 834 3846 venisset
854 3783 887 3845 et
909 3780 1097 3846 comitatum
1116 3794 1209 3843 suum
1226 3776 1303 3842 exi-

161 3877 285 3946 visset
309 3877 504 3967 Rcspondit
532 3877 624 3965 quod
649 3877 692 3946 ad
718 3876 887 3946 dominum
911 3894 1006 3944 suum
1022 3877 1182 3944 venisset.
1208 3875 1305 3942 Tunc

163 3974 279 4044 dictus
312 3993 442 4068 comes,
478 3983 656 4066 postquam
689 3978 798 4066 ipsum
831 3978 1099 4063 vituperaverat,
1135 3972 1305 4041 mandavit

164 4073 262 4142 fratri
288 4093 360 4164 suo,
388 4083 467 4158 tunc
492 4077 655 4165 episcopo
681 4076 845 4164 Papiensi‚
874 4072 964 4162 quod
996 4072 1114 4141 domos
1142 4090 1221 4141 suas
1247 4072 1303 4138 i-

163 4177 264 4242 ceret
289 4173 350 4241 sibi
378 4174 470 4264 dirui,
498 4179 532 4242 et
556 4176 673 4243 vineas
700 4192 779 4243 suas
807 4172 1013 4242 abscindere.
1040 4170 1137 4252 Quod
1163 4178 1197 4240 et
1217 4171 1304 4240 iecit.
