3096 4882
277 183 350 253 iob
604 212 667 256 nuc.
689 211 812 256 nussum
833 209 996 257 uuuovrcus
1017 211 1083 257 anv.

195 362 261 418 1328
278 349 382 419 salem
396 350 504 436 qualis
522 355 681 418 antenon
699 348 815 439 fuerat,
843 355 928 416 terre
953 354 1061 418 motus
1081 349 1115 417 in
1132 349 1277 437 plurimis
1293 347 1393 416 mundi

276 439 380 540 lobia,
406 450 545 536 insuper
577 446 682 516 fames
717 454 750 515 et
784 448 938 537 inediae,
975 466 1134 536 aquarum
1160 447 1393 537 inundationes,

276 549 431 638 tonitrua,
458 546 600 637 fulgura,
632 546 746 636 eadee,
773 565 887 633 regem
912 565 1010 615 unum
1037 565 1193 633 magnum
1219 549 1394 636 peritumm,

233 713 237 724 ,
276 663 405 735 paucos
431 647 577 715 virorum
602 648 698 714 vivos
730 645 888 735 residere,
915 647 979 714 nisi
1007 645 1049 713 ad
1076 653 1166 714 certa
1190 647 1265 714 loca
1290 647 1322 712 in
1346 646 1396 712 lit-

276 747 357 812 teris
385 744 540 834 discreta,
568 751 601 812 et
628 745 690 812 sub
719 762 879 812 cavernas
903 745 1133 830 confugerent.
1173 744 1285 813 Fidem
1307 744 1397 810 rebus

275 844 329 911 his
357 846 457 912 multa
482 845 547 911 iam
574 843 787 912 advenientia
813 843 1017 931 prestabant.
1057 844 1156 911 Terre
1175 849 1283 912 motus
1300 843 1399 929 siqui-

276 943 352 1010 dem
367 943 402 1010 in
419 943 564 1010 marchia
582 943 765 1032 Spoletana
785 945 950 1010 civitatem
975 942 1128 1010 Nursiam
1153 948 1256 1011 totam
1283 942 1398 1029 evertit,

275 1044 309 1108 in
337 1060 402 1128 qua
429 1042 614 1110 occubuere
642 1043 750 1130 capita
775 1042 943 1110 bominum
967 1043 1129 1129 cuiusque
1153 1044 1288 1127 generis
1307 1042 1400 1128 quin-

277 1157 342 1227 que
379 1141 479 1208 millia
513 1142 713 1208 cosmatibus
746 1141 872 1209 obruta.
921 1139 1075 1228 Undique
1108 1159 1168 1228 per
1198 1138 1349 1230 Apuliam
1372 1143 1402 1206 et

275 1238 403 1306 ltaliam
437 1256 506 1306 non
540 1239 640 1308 modo
669 1243 765 1325 grani
803 1241 943 1331 caritas,
976 1239 1037 1308 sed
1069 1238 1174 1310 fames
1198 1240 1344 1328 inolevit,
1369 1242 1402 1305 ut

274 1335 377 1405 Rome
405 1342 439 1404 et
462 1355 523 1426 per
548 1342 654 1406 terras
682 1340 802 1406 Tuscia
827 1338 975 1406 Marobie
999 1337 1217 1407 Romandiole
1235 1341 1332 1426 panis
1348 1355 1401 1404 re-

275 1435 431 1504 fectionis
466 1437 563 1504 unius
601 1439 699 1507 solito
734 1438 923 1527 sextuplum
956 1438 1084 1506 valeret
1117 1456 1181 1505 nec
1206 1443 1316 1506 tamen
1342 1435 1401 1503 ab·

276 1533 365 1603 unde
382 1553 423 1603 co
440 1538 548 1624 pretio
570 1539 779 1627 reperiretur,
806 1536 978 1604 mensibus
1004 1537 1109 1604 martii
1136 1537 1248 1625 aprilis
1277 1543 1310 1604 et
1333 1535 1403 1603 maii

276 1632 493 1720 frigidissime
519 1635 631 1722 hyemi
659 1635 904 1726 consimilibus,
933 1635 994 1703 sub
1022 1634 1250 1723 frequentibus
1279 1634 1402 1703 nivibus

275 1733 468 1823 plerumque
497 1736 595 1802 etiarn
621 1735 812 1820 grandibus,

349 1831 542 1900 Ludovious
558 1831 716 1901 Romanis
736 1851 912 1924 onerosuS,
928 1839 1070 1919 urgente
1090 1833 1283 1902 victualium
1299 1831 1405 1918 inopia

277 1935 310 1998 et
326 1929 450 1998 effrena
465 1931 699 2000 Germanomm
720 1937 821 2018 gente
847 1933 972 2021 populo
999 1932 1140 2001 molesta
1166 1950 1205 2000 ac
1229 1933 1264 1998 in
1286 1930 1402 1998 tedium

276 2046 391 2118 versa,
419 2028 496 2097 dvrm
524 2047 561 2097 se
589 2049 738 2118 suosque
764 2033 914 2116 ingratos
941 2032 1159 2121 presentiret,
1188 2049 1261 2098 cum
1289 2034 1403 2098 contu-

278 2128 470 2196 bernalibus
497 2131 566 2196 suis
585 2131 742 2218 antipapa
769 2134 802 2196 et
828 2129 1120 2198 anticardinalibus
1146 2131 1217 2196 suis
1244 2130 1280 2196 iu
1298 2129 1405 2196 Viter-

196 2254 256 2295 rue.
279 2225 368 2294 bium
395 2230 558 2317 sesessit,
592 2227 682 2295 uude
710 2233 742 2295 et
769 2228 900 2296 demum
924 2228 1050 2297 Lucam
1078 2227 1229 2318 advenit,
1256 2227 1406 2296 domina·
1517 2285 1518 2288 ,

205 2322 262 2361 om.
279 2332 415 2412 tumque
433 2328 586 2416 civitatis,
613 2345 681 2394 non
699 2326 846 2396 admisso
866 2326 1027 2396 Casirucii
1050 2327 1128 2416 iilic,
1156 2329 1298 2414 accepit,
1313 2326 1406 2394 iden·
1517 2335 1518 2388 1

279 2423 447 2512 fidemque
474 2425 607 2493 resedit.
658 2424 805 2513 Cumque
832 2426 1062 2495 deficientibus
1091 2443 1205 2494 eorum
1232 2426 1406 2512 suffragiis,
1517 2429 1518 2436 ’

280 2525 336 2611 qui
366 2525 399 2590 in
431 2524 558 2593 Italiam
590 2525 681 2593 illum
713 2531 963 2615 contraxerant,
998 2527 1103 2614 copiis
1139 2526 1210 2594 suis
1245 2522 1408 2613 stipendia

279 2622 471 2715 deficerent,
499 2626 652 2693 civitates
678 2624 847 2693 Lucanam
875 2630 907 2692 et
934 2625 1170 2692 Pistoriensem
1197 2625 1292 2692 brevi
1320 2626 1408 2691 into-

278 2722 470 2790 lerabilibus
487 2722 716 2792 exactionibus
737 2723 891 2813 confecit,
917 2728 954 2790 ut
975 2741 1038 2790 nec
1062 2723 1126 2791 soli
1149 2725 1200 2792 sui
1223 2728 1256 2790 et
1278 2737 1408 2792 suorum

278 2823 380 2888 victui
405 2823 555 2909 impense
583 2828 806 2911 suppeterent.
853 2822 975 2909 Sicque
999 2820 1204 2890 familiarium
1222 2839 1330 2889 rerum
1355 2822 1408 2887 in·-

151 2917 153 2922 '
197 2951 264 3006 1329
280 2921 365 3007 opiis
399 2937 506 3005 egens
545 2925 644 3008 atqie
680 2921 861 2989 exhaustus
895 2922 929 2988 in
962 2920 1193 2990 Lombardiam
1228 2918 1409 2988 descendit.

199 3036 258 3076 aaa·
280 3016 543 3106 Cremonamque
559 3020 673 3087 urbem
689 3021 865 3106 ingressus
886 3037 959 3087 cum
974 3022 1109 3087 militum
1126 3021 1293 3089 sociorum
1312 3020 1408 3106 quin-

279 3133 344 3203 que
372 3121 503 3184 centum
530 3118 585 3186 vel
611 3120 739 3186 circiter
759 3121 922 3208 comitiva,
951 3118 1074 3186 Canem
1093 3118 1256 3187 Grandem
1275 3117 1318 3186 ad
1339 3117 1409 3186 col-

276 3215 425 3301 loquium
451 3218 485 3283 in
511 3217 730 3286 Marchariam
757 3219 919 3306 accersiit,
947 3223 980 3285 et
1005 3219 1040 3285 in
1067 3235 1107 3286 eo
1134 3218 1200 3286 loci
1227 3215 1328 3286 Canis
1354 3218 1408 3282 in-

278 3314 434 3398 gentibus
471 3315 701 3384 Paduanomm
737 3316 981 3385 Veronensium
1017 3322 1051 3385 et
1085 3335 1218 3384 suarum
1252 3323 1410 3384 terrarum
1517 3355 1518 3360 =

277 3413 382 3499 copiis
416 3409 564 3500 peditum
596 3433 635 3483 ac
661 3416 796 3484 militum
822 3418 856 3483 in
881 3415 959 3484 loco
987 3417 1164 3505 campestri
1191 3433 1265 3483 cum
1290 3413 1409 3486 Ludo·
1517 3471 1518 3482 ,

277 3513 353 3580 vico
370 3515 536 3581 convenit.
572 3515 763 3582 -Terminata
780 3517 1027 3600 constitutaque
1045 3533 1105 3604 per
1127 3532 1188 3582 eos
1206 3513 1280 3581 dics
1296 3529 1410 3602 parum
1517 3551 1518 3566 1

277 3710 633 3798 rendaquoLudovlco
650 3711 750 3780 allata
770 3718 856 3802 sunt,
876 3710 1036 3803 Azonem,
1062 3715 1138 3781 olim
1157 3712 1279 3779 Galaaz
1298 3711 1410 3796 filium,

277 3809 512 3881 vicecomitem
530 3828 602 3878 oum
624 3811 750 3878 civibus
773 3813 955 3898 amicisque
974 3830 1034 3880 sue
1061 3811 1214 3880 factionis
1242 3811 1409 3878 civitatem

277 3908 461 3978 Mediolani
486 3912 520 3977 in
547 3928 584 3978 se
612 3927 775 3996 suumque
802 3910 981 3978 dominium
1005 3927 1203 4000 occupasse,
1232 3909 1410 3977 rebellem-

279 4025 344 4094 que
369 4007 540 4078 Ludovico
568 4027 605 4078 se
631 4007 764 4078 fecisse.
805 4009 1053 4096 Faunorumque
1071 4009 1141 4078 fere
1158 4009 1283 4077 dierum
1302 4010 1410 4075 inter-

278 4107 421 4174 iectione
457 4114 490 4175 et
516 4109 557 4176 de
582 4108 674 4177 Luca
711 4115 884 4196 acceptum
919 4114 992 4199 est,
1019 4109 1166 4177 Marcum
1200 4107 1411 4174 Balatronem

279 4204 515 4277 vicecomitem
543 4226 615 4276 cum
643 4207 803 4276 Castrucii
831 4207 910 4300 flio,
938 4226 1024 4298 quos
1050 4209 1198 4297 presidio
1222 4206 1313 4274 Luce
1340 4205 1412 4272 Lu-

1517 3295 1518 3350 1

1517 3361 1518 3392 1

1517 3393 1518 3450 1

1517 3483 1518 3550 1

276 3615 461 3680 innotuere.
487 3611 610 3680 Verum
629 3612 740 3681 subito
758 3612 846 3702 apud
859 3614 1055 3682 Cremonam
1077 3633 1166 3682 nova
1182 3615 1314 3698 ingrata
1330 3612 1410 3680 bor·
