3096 4882
311 161 382 233 256
675 191 742 236 vara
764 189 871 236 aaroni
893 189 1000 246 ourani
1022 189 1082 234 rur.

226 345 292 400 rear
312 346 429 400 omnes
462 328 646 396 intrassent
677 330 790 416 aperui
819 329 981 397 banneria
1014 330 1110 415 regni
1141 325 1277 397 Boemie
1310 333 1341 394 et
1372 344 1426 394 oo·

238 431 293 535 ¹2¹¹·
311 431 443 498 mitatus
474 427 620 516 Tyrolis.
664 427 732 515 Ipsi
765 445 847 496 vero
878 427 1032 496 videntes
1065 429 1237 517 inimioos,
1269 424 1427 514 stupefacti
1512 415 1513 420 ’

312 528 509 596 nesoiebant
535 525 615 614 quid
642 530 759 594 essent
783 526 899 595 iactari
925 545 989 594 neo
1015 532 1170 614 poterant
1195 527 1347 594 resistere
1370 541 1428 612 po-

311 629 422 695 tencie
449 631 575 695 nostre.
614 625 656 693 Et
683 627 732 693 sio
755 643 816 713 per
832 626 896 694 Dei
922 627 1069 711 grae-iam
1096 625 1296 694 obtinuimus
1321 625 1427 692 eivita-

312 733 387 794 tem.
436 724 585 792 Castrum
620 742 701 793 vero
730 724 857 812 aliquot
883 724 1000 792 diebus
1028 725 1202 793 tenebatur
1227 729 1342 792 eontra
1364 738 1428 790 nos.

310 824 410 894 Minis
443 829 553 892 tamen
586 823 771 912 impositis,
799 824 855 910 qui
889 825 923 890 in
950 831 1060 893 castro
1086 822 1217 892 inerant
1241 828 1378 890 nastrum
1400 821 1428 886 in

310 940 428 991 manus
454 928 586 991 nostras
613 923 876 1008 resignaverunt.
923 922 1053 991 Deinde
1078 924 1252 1011 posuimus
1279 911 1429 990 oastmm¹

311 1029 388 1090 ante
423 1022 590 1088 eivitatem
619 1021 834 1091 Feltrensem.
884 1021 926 1090 Et
951 1024 1029 1108 quia
1055 1021 1261 1090 Veronensis
1287 1025 1354 1088 tum
1377 1035 1429 1088 oo·

310 1120 492 1209 oupabatur
518 1138 592 1188 oum
618 1119 758 1188 Venetis
785 1126 818 1188 et
843 1121 908 1209 ipsi
934 1137 1060 1211 senum,
1089 1120 1168 1189 inde
1194 1137 1317 1188 nocere
1342 1117 1429 1186 nobis

312 1225 345 1288 et
371 1220 531 1288 exercitui
564 1224 680 1286 nostro
717 1221 850 1286 minime
876 1225 1048 1310 poterant,
1077 1219 1139 1287 sed
1165 1226 1304 1306 uterque
1331 1234 1432 1286 eorum

311 1319 484 1387 nobiseum
510 1318 704 1406 traotabant,
731 1336 795 1386 nos
822 1318 886 1386 sibi
913 1320 947 1385 in
974 1318 1173 1387 adiutorium
1197 1317 1361 1386 attrahere
1377 1334 1432 1384 eu·
1514 1329 1515 1372 t

310 1419 454 1505 pientes.
502 1417 544 1485 ut
569 1435 642 1485 oum
670 1418 882 1485 stetissemus
909 1435 969 1506 per
994 1435 1057 1487 sex
1083 1419 1287 1507 septimanas
1314 1417 1349 1484 iu
1373 1414 1431 1482 ob·
1514 1429 1515 1448 ³

310 1515 441 1585 sidiono
467 1517 609 1584 civitatis
635 1516 834 1606 Feltrensis,
861 1517 1056 1585 oonoordati
1082 1534 1196 1585 sumus
1222 1533 1297 1584 eum
1324 1513 1431 1582 Vene-

310 1617 362 1684 tis.
404 1616 446 1684 Et
476 1614 665 1701 ligaverunt
697 1633 735 1683 so
761 1615 950 1704 nobiseum,
984 1617 1031 1684 ita
1056 1621 1093 1683 ut
1118 1615 1217 1684 nobis
1244 1614 1433 1683 assisterent

310 1732 384 1782 oum
421 1720 491 1783 tota
522 1716 680 1802 potencia
710 1716 745 1782 in
781 1733 903 1800 guerra
929 1715 985 1783 iiia
1010 1714 1175 1783 adversus
1201 1714 1291 1782 iilum
1318 1711 1432 1780 Masti—
1515 1707 1516 1714 ’

187 1844 191 1849 ·
309 1831 386 1881 num
411 1813 454 1882 de
480 1814 513 1880 la
539 1813 646 1881 Seala.
692 1813 734 1880 Et
751 1815 912 1881 miserunt
929 1813 1028 1882 nobis
1053 1816 1087 1881 in
1114 1815 1272 1902 expensis
1298 1810 1433 1900 propriis
1515 1809 1516 1814 ’

310 1914 543 2000 septingentos
577 1913 728 1998 galeatos
764 1918 798 1980 et
833 1912 953 1981 multos
984 1912 1129 2001 pedites.
1180 1911 1252 1979 Nos
1277 1929 1359 1980 vero
1384 1908 1433 1976 di-

231 2036 293 2078 ruo.
308 2012 476 2079 mittentes
502 2009 635 2078 fratrem
660 2015 810 2079 nostrum
841 2030 913 2079 aum
946 2014 1092 2080 exercitu
1117 2013 1237 2079 ivimus
1263 2009 1433 2096 Veneeias,

245 2091 277 2144 ¹⁵
308 2109 366 2178 ubi
393 2127 466 2177 eum
492 2127 615 2195 magno
641 2109 769 2178 honore
796 2111 944 2198 suseepti
971 2129 1160 2197 magnaque
1184 2110 1316 2178 traetati
1340 2125 1435 2175 reve·

310 2209 423 2276 reneia
453 2207 555 2293 ligem
585 2214 730 2276 mutuam
756 2208 953 2278 firmavimus
966 2201 989 2280 ².
1036 2211 1080 2279 Et
1103 2208 1181 2277 inde
1207 2209 1336 2276 reversi
1359 2206 1434 2275 Fel-

246 2321 280 2377 ao
311 2313 454 2376 trensem
480 2307 645 2375 civitatem
671 2305 757 2374 fame
784 2310 1032 2394 adquisivimus,
1073 2307 1123 2377 Illi
1139 2324 1274 2395 quoque
1294 2307 1338 2376 de
1358 2305 1435 2373 Car-

310 2407 396 2474 raria
420 2406 568 2474 Paduani
601 2412 825 2474 tractaverunt
854 2407 1046 2497 nobiseum,
1073 2412 1107 2476 et
1132 2410 1293 2494 oeperunt
1320 2407 1435 2474 eivita-

309 2512 376 2574 tem
410 2505 573 2594 Paduam,
608 2511 641 2574 et
672 2507 878 2592 captivarunt
911 2503 1080 2574 Albertum
1114 2507 1281 2574 seniorem
1308 2504 1436 2574 fratrem

309 2603 462 2695 Masi-ini,
489 2623 587 2693 quem
614 2603 752 2672 Venetis
781 2606 817 2672 in
843 2607 1067 2694 captivitatem
1092 2603 1268 2672 dederant.
1317 2605 1360 2674 Et
1384 2619 1438 2670 re-

309 2710 483 2773 manentes
509 2705 689 2773 servitores
707 2705 810 2772 nostri
835 2706 1041 2773 retinuerunt
1057 2703 1202 2772 Paduam
1228 2705 1262 2770 in
1288 2720 1353 2772 sua
1374 2719 1437 2790 po·

311 2808 441 2872 testate.
492 2801 563 2872 Nos
594 2820 675 2871 vero
710 2802 913 2872 dimittentes
941 2806 1123 2872 servitores
1149 2808 1284 2871 nostros
1312 2800 1440 2871 eonsti-

310 2904 433 2970 tnimus
466 2901 501 2969 in
531 2901 719 2970 civitatibus
753 2901 917 2970 Feltrensi
951 2910 984 2971 et
1019 2902 1224 2970 Betiunierrsi
1258 2906 1291 2969 et
1326 2901 1439 2970 eastris

311 3003 517 3088 capitaneos,
543 3000 752 3070 Volomarum
786 3000 828 3068 de
860 2992 1056 3070 Burohstal³
1095 3006 1284 3087 magnatem
1312 3000 1356 3069 de
1382 3016 1441 3066 oo-

310 3101 424 3167 mitatu
449 3098 580 3187 Tyrolis
612 3101 646 3167 in
672 3100 852 3190 Feltrensi,
879 3099 1082 3187 Andigetum
1117 3099 1159 3168 de
1192 3101 1375 3186 Bongagio
1407 3097 1438 3162 in

310 3198 675 3289 eivitateBelluniensi,
703 3201 912 3287 oapitaneum
927 3218 1007 3269 vero
1035 3217 1156 3287 guerre
1187 3205 1304 3268 eontra
1330 3197 1439 3266 Vero-

308 3314 435 3366 nenses
459 3297 639 3367 iohannem
667 3297 708 3366 de
733 3298 827 3387 Lipa.
875 3297 939 3380 Qui
965 3301 1107 3387 septimo
1133 3298 1188 3366 die
1210 3297 1439 3386 capitaneatus

309 3402 458 3464 mortuus
485 3403 556 3486 est,
582 3398 658 3467 loeo
686 3399 778 3466 onius
803 3398 968 3487 Leporem
995 3399 1161 3467 substitui.

384 3493 441 3564 Sie
467 3498 593 3563 reversi
610 3498 645 3565 in
665 3498 853 3566 comitatum
874 3498 1005 3586 tyrolis
1026 3499 1144 3566 ivimus
1167 3497 1342 3566 invallem
1365 3493 1436 3582 Eni,

310 3593 431 3663 abinde
449 3595 483 3662 in
498 3611 638 3680 regnum
653 3595 800 3665 Boemie.
849 3597 892 3666 Et
912 3594 1117 3666 ooniederati
1143 3613 1258 3664 sumus
1279 3614 1354 3664 oum
1377 3593 1442 3661 du-

310 3693 405 3762 oibus
436 3690 587 3783 Austrie,
620 3711 696 3762 nam
728 3701 805 3763 ante
839 3713 907 3764 non
941 3713 1070 3764 eramus
1097 3695 1202 3764 amioi.
1249 3694 1309 3762 ilia
1337 3693 1442 3760 hieme

226 3819 295 3875 1333
310 3793 344 3860 in
362 3794 580 3881 carnisprivio
596 3791 789 3863 tradidimus
803 3794 901 3862 filiam
918 3801 1066 3863 nostram
1080 3795 1336 3883 primogenitam
1349 3791 1445 3860 Mar*

219 3898 460 4010 ¹¹,ss-garetam
478 3891 651 3962 Ludovioo
667 3894 891 3981 primogenito
913 3893 1026 3963 Karoli
1052 3894 1143 3980 regis
1160 3893 1318 3982 Ungarie,
1348 3897 1383 3959 et
1400 3889 1444 3956 li-

345 4010 375 4078 1)
412 4012 525 4066 osuimus
544 4013 685 4068 exereitum
702 4011 775 4065 Rein.
826 4011 857 4078 2)
875 4011 928 4066 Der
951 4010 1020 4065 hund
1043 4011 1088 4064 mit
1110 4009 1230 4076 Venedig
1255 4010 1349 4066 warde
1367 4009 1445 4064 seiron

310 4091 352 4130 am
419 4079 464 4134 iuli
482 4081 661 4149 gasahtossan.
698 4079 747 4133 Die
770 4093 812 4133 am
828 4078 894 4134 rand
917 4079 1095 4146 baigesetaten
1113 4078 1190 4133 datan
1208 4077 1266 4132 sind
1284 4093 1332 4133 aus
1351 4078 1445 4132 Cortu-

310 4158 363 4266 313
380 4147 504 4270 {panitur
524 4151 566 4275 12,
582 4150 635 4204 880
651 4147 704 4202 und
720 4147 779 4202 885.
815 4147 847 4215 3)
866 4147 1003 4204 valvarum
1020 4147 1054 4202 de
1070 4146 1204 4202 Burahstat
1225 4146 1309 4202 haben
1328 4147 1392 4217 irn‘g
1408 4145 1444 4199 irs.
