3052 4878
436 221 598 269 crraovroon
619 223 657 268 ou
678 222 803 272 onerans
824 224 978 271 navarrae.
1206 196 1276 268 1113

141 359 252 447 capita
278 359 464 450 seminavit,
493 379 667 448 quousque
694 380 775 448 rege
802 362 844 430 de
860 362 973 453 Roma,
1000 363 1057 432 ubi
1074 365 1278 432 nomenim-

138 459 308 547 paratorio
329 458 517 528 obtinuerat
540 460 722 552 dignitatis,
750 479 897 553 reverso,
924 462 1078 531 malitiam
1104 482 1199 532 suam
1216 463 1279 532 Dei

139 559 252 643 gratia
278 556 453 626 ordinante
478 560 511 626 in
538 561 653 628 mortis
680 561 816 629 articulo
843 563 1033 650 imperatori
1058 562 1280 651 personaliter

141 662 196 724 est
217 654 410 747 confessae,
438 663 471 726 et
492 658 583 744 quod
599 659 665 726 boo
691 660 807 728 iecerit
829 666 863 728 et
886 661 1114 750 procuraverit
1139 662 1173 729 in
1199 663 1279 729 vin-

142 755 266 823 dictam
301 755 343 823 de
372 774 433 847 eo,
461 756 551 844 quod
580 759 806 828 criminatores
832 777 934 850 sum,
961 759 1003 828 de
1030 760 1152 846 quibus
1178 778 1280 849 supra

139 855 299 943 scriptum
326 861 389 945 est,
416 873 484 924 nou
511 859 621 925 statim
648 857 780 948 occidit,
807 858 869 927 sed
889 877 949 928 eos
969 858 1012 927 ad
1032 858 1187 927 iudicium
1213 877 1278 927 ve-

140 955 212 1020 nire
243 955 394 1042 permisit
427 956 461 1022 in
497 973 558 1024 sue
598 955 807 1026 ooniusionis
842 965 1067 1046 augmentum.
1114 955 1279 1039 Quantum

140 1059 253 1120 autem
288 1054 466 1141 imperator
500 1056 663 1140 gemuerit
695 1055 825 1124 ileverit
851 1063 885 1126 et
910 1056 1053 1126 doluerit
1086 1074 1187 1145 super
1213 1056 1277 1145 his,

139 1151 290 1219 scribere
307 1169 406 1220 nemo
421 1158 543 1240 potest.
578 1153 814 1223 Verumtamen
831 1158 966 1242 cognito
983 1176 1003 1224 a
1020 1156 1168 1245 medicis,
1188 1154 1279 1242 quod

138 1251 173 1318 in
201 1250 305 1318 tribus
331 1251 386 1318 vel
412 1253 559 1339 quinque
594 1253 714 1321 diebus
741 1259 834 1323 esset
859 1257 931 1323 sine
959 1255 1059 1324 dubio
1087 1256 1277 1344 moriturus,

140 1349 240 1418 dixit:
270 1349 426 1436 Quamvis
450 1352 521 1438 ipae
545 1369 686 1436 aequom
701 1358 790 1421 esset
807 1355 894 1420 omni
910 1358 1141 1422 tormentorum
1158 1371 1279 1440 penae

139 1449 402 1531 tormentandus,
436 1451 505 1518 aas
531 1455 656 1536 tameo,
693 1453 748 1539 qao·
774 1469 847 1520 eum
866 1456 1049 1538 percussit,
1079 1454 1200 1521 indiam
1226 1448 1281 1520 cel

143 1548 368 1616 misericordie
394 1565 466 1616 eum
490 1550 637 1618 colomna
662 1553 861 1620 committere
885 1553 1104 1620 iudicandum.

219 1643 319 1715 Anno
337 1645 470 1716 Domini
493 1653 717 1720 mcccxxvii.
735 1651 889 1719 dominus
910 1650 1092 1718 Ludwious
1122 1667 1182 1718 rex
1204 1649 1277 1718 Ro·
1296 1652 1362 1708 1311

139 1761 260 1813 manus
287 1747 419 1815 intravit
445 1764 519 1816 cum
544 1748 622 1817 lorti
648 1768 688 1817 ae
714 1751 843 1839 potenti
869 1767 909 1817 ao
935 1749 1038 1818 nobili
1063 1749 1179 1818 militia
1203 1749 1276 1817 lta-

139 1845 229 1934 liam,
257 1850 291 1911 ct
310 1846 451 1914 veniens
470 1844 606 1915 Romam
627 1866 751 1917 nomen
768 1850 976 1937 imperatorie
995 1849 1135 1917 obtinuit
1162 1847 1279 1934 digni-

139 1945 217 2012 tatis
279 1942 360 2011 Cum
386 1952 496 2014 autem
523 1946 645 2016 ibidem
671 1948 740 2016 iere
766 1966 826 2036 per
852 1966 974 2016 annum
1001 1966 1074 2016 oum
1101 1949 1190 2017 omni
1216 1965 1279 2016 suo

141 2043 291 2110 exercitu
326 2060 417 2112 more
442 2047 589 2134 potentis
616 2048 742 2115 cesaris
769 2049 1028 2138 permansisset,
1055 2048 1189 2115 nemine
1215 2047 1280 2116 sibi

141 2142 208 2209 uisi
226 2141 303 2211 solo
320 2141 456 2212 domino
474 2147 661 2232 apostolico
687 2148 876 2236 resistente,
902 2145 1037 2215 tandem
1057 2145 1280 2216 Romanorum

138 2239 297 2308 inductus
324 2241 379 2310 vel
404 2244 515 2330 potius
542 2243 702 2313 seductus
729 2247 879 2336 oonsilio,
907 2246 1047 2332 gloriam
1074 2263 1174 2332 quam
1200 2246 1280 2332 glo-

139 2341 231 2409 riose
259 2342 495 2432 acquisiverat,
521 2345 708 2413 maculavit.
757 2342 941 2424 Quemdam
968 2345 1055 2414 enim
1079 2362 1200 2433 papam
1225 2343 1281 2412 vel

141 2441 255 2528 potius
283 2442 473 2529 antipapam
498 2442 532 2509 in
557 2440 738 2512 Romanam
765 2444 941 2512 eeclesiam
967 2443 1165 2512 sublimavit
1216 2440 1280 2524 Qui

141 2545 253 2607 tamen
279 2557 349 2606 non
375 2539 433 2609 diu
460 2542 560 2628 revit3
588 2544 787 2631 imperatore
809 2544 896 2610 anim
913 2541 955 2609 ad
972 2539 1202 2610 alemanniam
1221 2559 1280 2609 re-

140 2655 253 2726 verso,
281 2640 354 2726 ipse
381 2657 402 2706 a
426 2638 583 2709 Romanis
610 2641 799 2731 derelictus,
827 2641 869 2709 ad
888 2637 1099 2731 Avinionem,
1126 2640 1183 2707 ubi
1203 2646 1280 2708 tunc

140 2736 273 2824 papalis
301 2736 403 2805 sedes
429 2745 510 2829 erat,
537 2738 715 2831 festinavit,
744 2739 916 2808 etdomini
935 2739 1069 2809 loannis
1090 2757 1176 2828 pape
1196 2757 1280 2826 gra-

140 2835 186 2902 tie
214 2853 253 2904 se
281 2835 417 2904 tradidit
434 2838 687 2930 emendandum,
715 2844 749 2907 et
768 2841 816 2908 sio
834 2841 956 2908 scisma
973 2838 1055 2908 illud
1075 2838 1187 2908 divina
1205 2838 1280 2908 ole-

139 2937 266 3002 meutia
292 2935 468 3004 ordinante
494 2940 628 3026 penitus
655 2944 707 3007 est
731 2940 885 3027 sopitum.

215 3031 318 3103 Anno
344 3030 586 3106 m.coo.xrrx.v.¹
612 3036 766 3106 dominus
788 3037 969 3106 Ludwious
990 3036 1169 3124 imperator
1192 3034 1364 3102 con-13³3

141 3134 249 3201 stituit
262 3133 440 3202 Henricum
453 3134 571 3204 ducem
587 3135 751 3204 inferioris
766 3138 906 3206 Bavarie
919 3142 1167 3224 procuratorem
1184 3134 1280 3219 regni

140 3249 203 3319 per
228 3229 457 3300 allemanniam
466 3287 476 3324 ,
504 3240 537 3303 et
564 3253 665 3323 super
693 3236 759 3304 boc
784 3241 937 3324 patentes
963 3235 1092 3302 litteras
1121 3235 1151 3300 ci
1177 3231 1280 3300 dedit.

139 3331 224 3398 ltlox
250 3332 353 3417 igitur
386 3331 473 3400 idem
500 3333 665 3403 Henricus
695 3337 744 3402 vir
769 3342 890 3423 potens
918 3340 952 3402 et
977 3333 1073 3402 dives
1100 3331 1142 3399 ad
1167 3338 1282 3420 partes

139 3428 249 3498 Rheni
276 3449 314 3498 se
342 3432 526 3522 transtulit,
553 3429 611 3502 ubi
642 3452 704 3522 pro
730 3435 926 3503 ostensione
957 3432 1064 3519 glorie
1092 3447 1153 3500 sue
1179 3431 1283 3499 multa

139 3532 285 3617 pecunia
302 3548 451 3618 expensa
469 3532 636 3600 civitatem
653 3530 848 3619 Aquensem
872 3539 905 3601 et
927 3532 1088 3619 quasdam
1111 3531 1193 3598 alias
1220 3547 1282 3597 ce-

138 3630 191 3717 pit
205 3635 412 3718 attemptare,
440 3648 507 3700 non
527 3649 586 3718 per
610 3649 659 3724 se,
687 3631 750 3700 sed
766 3651 826 3720 per
844 3633 1074 3721 interpositam
1092 3645 1282 3717 personam,

140 3745 260 3813 regem
286 3727 443 3796 videlicet
467 3729 637 3821 Bolremie,
664 3737 701 3798 ut
726 3750 801 3799 eum
828 3732 953 3799 litteras
981 3728 1188 3817 imperatoris
1215 3727 1281 3794 ba-

138 3827 279 3896 benlem
312 3831 540 3919 susciperent,
567 3835 601 3898 et
627 3831 657 3898 ei
685 3837 840 3917 tanquam
868 3830 1004 3899 domino
1030 3826 1199 3896 iidclitatis
1226 3824 1281 3894 ia-

139 3933 261 3994 cerent
286 3927 515 3997 iuramentum.
555 3928 637 3998 Mox
663 3931 762 4015 igitur
784 3930 936 3997 civitates
953 3929 988 3995 in
1006 3927 1155 4016 termino,
1183 3942 1282 4011 quem

177 4113 210 4178 1)·
226 4112 312 4167 Sollte
332 4112 399 4166 1333
418 4113 533 4182 baiesen,
551 4114 639 4168 indam
657 4114 699 4167 dio
710 4116 939 4181 verziohtleistung
956 4112 1003 4167 ani
1016 4113 1062 4170 das
1079 4110 1150 4167 reia-b
1169 4115 1285 4179 gemeint

137 4180 301 4304 {fgflqgird'
326 4181 428 4236 welche
450 4181 535 4236 lraiser
552 4181 659 4249 Ludvvig
677 4185 711 4236 im
729 4198 790 4237 nov.
809 4184 896 4238 dieses
913 4181 983 4236 iabrs
1001 4195 1035 4238 zu
1053 4178 1203 4249 Rotenburg
1221 4195 1283 4236 aus-
