3002 4880
277 243 325 312 20
589 272 733 320 canonica
755 273 791 318 nr
813 275 911 320 crsrrs
931 274 1098 321 rnrncrrnu.

281 411 338 503 dit,
357 418 390 480 et
417 429 550 500 maeque
567 414 687 481 nociva
700 413 840 502 molitur,
860 417 897 481 ut
915 413 1025 501 ipsum
1040 413 1227 500 strangulet
1246 419 1279 483 et
1295 431 1397 500 quan-

283 510 396 599 doque
423 511 600 580 interficiat
625 513 849 581 innocentem.
883 511 925 581 Et
955 514 1113 598 mitigatis
1147 513 1346 602 principibus
1370 517 1399 578 et

285 612 471 701 corruptis,
511 613 567 699 qui
599 616 677 678 ante
712 610 843 678 inerant
877 610 919 679 de
956 618 1049 699 parte
1076 614 1185 703 regis,
1213 619 1249 680 ut
1270 616 1336 696 jam
1361 610 1398 678 de

284 710 464 778 maioribus
481 727 580 778 nemo
600 712 653 800 sit,
682 712 738 796 qui
765 729 840 777 eum
868 716 985 778 contra
1010 728 1123 796 regem
1144 711 1318 801 probibeat
1332 729 1399 776 ma-

281 809 411 898 lignari,
429 810 612 897 assumptis
631 807 841 877 Australibus
858 814 891 876 et
906 809 1051 894 Ungaris
1069 809 1223 878 ascendit
1240 809 1282 878 ad
1298 816 1400 898 partes

283 908 428 998 Sn‘evie,
456 910 621 996 recipiens
648 927 687 976 se
708 907 752 975 ibi
771 910 805 976 in
830 908 907 976 loco
929 910 1052 998 tutiori,
1078 909 1135 977 ubi
1158 909 1296 995 collegit
1311 926 1401 992 mag-

280 1025 360 1075 num
387 1008 568 1074 exereitum
595 1013 629 1075 et
662 1013 859 1075 armatorum
887 1006 1128 1075 multitudinem
1155 1011 1334 1096 copiosam.
1358 1007 1403 1074 llx

282 1125 348 1192 que
377 1105 584 1174 confortatus
612 1108 755 1173 animum
782 1105 889 1172 induit
916 1105 1082 1197 ferocem,
1116 1112 1150 1174 et
1176 1106 1347 1176 confidens
1372 1108 1402 1172 in

281 1204 489 1272 multitudine
517 1203 701 1273 divitiarum
737 1223 871 1273 suarum
907 1211 940 1272 et
973 1205 1165 1274 fortitudine
1199 1223 1317 1274 manus
1348 1220 1402 1271 sue
1484 1263 1485 1278 ,

281 1303 443 1390 intrepide
470 1320 584 1389 regem
609 1304 740 1372 laborat
765 1301 922 1371 invadere
948 1321 1017 1372 non
1044 1306 1117 1372 sine
1138 1304 1252 1373 fraude
1270 1311 1303 1373 et
1319 1303 1402 1387 dolo,

279 1402 355 1471 loco
382 1408 416 1469 et
443 1408 590 1490 tempore
619 1403 681 1470 sibi
708 1409 796 1492 apto.

354 1498 428 1581 Quo
457 1502 569 1570 andito
595 1498 738 1570 Adollus
765 1519 833 1592 rex,
863 1519 1005 1570 cernens
1033 1519 1071 1570 se
1097 1502 1210 1570 haberi
1238 1507 1404 1588 contemp·
1484 1513 1485 1590 j

280 1601 340 1690 tui,
367 1605 401 1667 et
427 1618 559 1670 servum
581 1603 767 1691 preceptori
794 1619 857 1669 suo
884 1601 970 1669 velle
997 1602 1110 1669 illicite
1137 1601 1307 1692 dominari,
1333 1607 1404 1668 tac-

281 1705 335 1767 tus
371 1699 485 1769 dolore
521 1699 633 1768 cordis
679 1703 881 1768 intrinsecus
920 1702 1045 1785 juravit
1077 1719 1137 1787 per
1175 1703 1343 1769 viventem
1373 1699 1405 1764 in
1484 1691 1485 1698 ’

283 1799 409 1887 secula,
438 1817 475 1866 se
502 1817 570 1867 non
597 1802 790 1888 quiescere,
820 1817 885 1886 quo
913 1817 1022 1886 usque
1050 1798 1119 1867 dux
1139 1797 1277 1868 Austrie
1307 1799 1405 1886 ceptis

226 1905 228 1908 ’
281 1896 438 1986 desistat,
475 1897 529 1964 vel
557 1904 696 1966 coactus
725 1904 841 1966 contra
868 1915 942 1965 eum
970 1897 1103 1966 desinat
1129 1899 1323 1988 malignari,
1356 1895 1405 1963 vel

279 1998 353 2084 ipse
381 2014 455 2063 cum
481 1997 555 2083 ipso
581 1997 678 2065 ambo
706 1998 802 2064 simul
829 2002 979 2086 pereant,
1006 1997 1059 2064 vel
1084 2015 1152 2065 uno
1180 1998 1311 2067 salvato
1330 1996 1407 2064 alter

279 2097 388 2162 victus
415 2101 579 2183 perpetuo
612 2114 680 2165 non
713 2095 835 2164 adiciat
860 2102 896 2162 ut
923 2101 1087 2182 resurgat
1137 2097 1179 2164 Et
1205 2097 1262 2164 tali
1298 2113 1406 2164 secum

280 2193 393 2262 babitu
419 2192 661 2264 deliberatione
688 2213 765 2263 mox
792 2196 927 2262 nuntios
955 2197 1051 2262 mittit
1070 2193 1112 2262 ad
1130 2212 1247 2263 omnes
1269 2195 1407 2283 nobiles,

280 2298 313 2360 et
339 2293 526 2361 civitatibus
563 2299 594 2360 et
621 2295 689 2361 suis
720 2293 915 2362 officialibus
947 2295 1085 2382 imporat
1113 2296 1288 2386 universis,
1315 2301 1350 2362 ut
1375 2309 1408 2360 se

278 2398 458 2480 preparent
483 2397 516 2460 et
532 2394 721 2460 invasorem
740 2395 834 2478 regni
858 2411 958 2460 manu
975 2400 1099 2462 armata
1121 2410 1236 2462 secrrm
1254 2393 1408 2462 invadere

276 2508 345 2559 non
372 2491 546 2560 obmittant
572 2496 605 2558 et
631 2493 813 2578 erigentem
841 2509 878 2558 se
902 2499 1018 2560 contra
1044 2493 1169 2579 regiam
1195 2495 1406 2580 maiestatem,

279 2607 381 2679 super
398 2609 483 2658 ausu
501 2593 674 2660 temerario
694 2592 735 2659 ab
755 2591 908 2659 omnibus
932 2597 1123 2659 conteratur
1129 2613 1138 2677 3
1167 2596 1200 2658 et
1219 2592 1318 2660 talem
1335 2593 1408 2659 vin·
1485 2595 1486 2674 l

279 2689 400 2758 dictam
418 2692 572 2779 excipiat,
600 2709 665 2776 que
689 2693 809 2758 ceteris
833 2690 887 2757 vel
903 2689 981 2758 huic
1005 2690 1111 2758 simile
1133 2695 1329 2778 attemptare
1347 2707 1409 2758 vo·

278 2788 424 2860 lentibus
438 2795 603 2877 perpetuo
627 2795 777 2857 transeat
792 2791 825 2857 in
848 2782 1038 2858 terrorem¹.
1071 2787 1287 2875 congregato
1315 2791 1411 2876 igitur

280 2887 321 2955 de
348 2904 454 2972 regno
482 2904 544 2955 sue
570 2905 694 2973 magno
730 2890 895 2978 exercitu,
923 2893 989 2956 tam
1016 2890 1163 2975 equitum
1189 2906 1289 2975 quam
1316 2890 1410 2956 etiam

278 2985 437 3076 peditum,
464 2985 595 3054 hostem
621 3003 718 3053 suurn
740 2989 869 3055 eminus
895 2987 1058 3076 intrepide
1080 2991 1149 3072 jorn
1176 2994 1372 3076 expectans.

353 3083 430 3152 Dux
456 3102 536 3152 vero
563 3081 704 3153 Austrie
732 3085 851 3154 callide
878 3103 998 3176 egeus,
1024 3091 1061 3155 ut
1085 3085 1185 3155 lromo
1213 3089 1353 3174 sapiens
1380 3089 1411 3152 et

280 3186 408 3252 maturo
442 3183 575 3271 pollens
610 3185 766 3276 ingenio,
806 3185 849 3253 ad
883 3185 1024 3274 prelium
1059 3187 1181 3273 optime
1215 3191 1409 3274 preparatus

279 3284 460 3350 versutiam
487 3300 582 3350 suam
606 3301 709 3368 agere
736 3301 805 3352 non
831 3284 1021 3373 negligens,
1044 3286 1114 3368 jam
1141 3282 1254 3368 lugam
1282 3283 1412 3352 simulat

276 3382 345 3465 jam
372 3383 443 3466 regi
470 3398 508 3448 se
536 3382 669 3450 simulat
695 3382 849 3473 obviare,
888 3388 925 3450 ut
949 3384 1058 3470 ipsum
1085 3380 1128 3450 ad
1154 3400 1302 3470 pugnam
1329 3399 1410 3472 pro-

279 3485 380 3549 vocet
406 3486 439 3548 et
472 3479 645 3549 abstrahat
679 3481 912 3571 apeditibuS,
948 3482 1021 3549 sine
1049 3481 1169 3567 quibus
1208 3482 1319 3568 ipsum
1344 3496 1411 3548 non
1479 3475 1481 3482 ’

280 3579 408 3648 dubitat
434 3597 639 3667 expugnare.
691 3578 789 3660 Quod
814 3585 937 3668 postea
962 3581 1008 3646 rei
1036 3581 1145 3648 exitus
1173 3579 1410 3668 comprobavit

352 3678 423 3746 Rex
448 3695 529 3746 vero
557 3695 660 3765 super
695 3696 812 3747 omnes
839 3677 1085 3746 audacissimus
1114 3685 1148 3746 et
1177 3679 1274 3746 nimis
1301 3679 1410 3746 vehe-

278 3795 373 3847 mens
390 3776 433 3845 ad
451 3777 679 3867 pugnandum,
707 3779 828 3844 timens
855 3778 986 3845 bostem
1014 3795 1110 3846 suum
1129 3777 1215 3846 elabi
1242 3777 1284 3846 de
1300 3777 1411 3844 mani-

279 3877 342 3946 bus
379 3878 470 3967 suis,
519 3876 688 3944 dimittens
721 3875 855 3964 pedites
893 3882 926 3944 ei
956 3875 1134 3944 licentiatis
1161 3877 1229 3967 eis,
1278 3878 1312 3944 in
1346 3877 1411 3944 boo

277 3977 506 4061 negligentius
534 3993 661 4066 agens,
695 3977 834 4064 prelium
863 3976 1006 4045 celerius
1034 3977 1219 4044 maturavit.
1268 3975 1412 4044 Etcum

196 4081 263 4136 1298
278 4073 472 4145 adversario
509 4092 573 4144 suo
610 4093 685 4144 cum
720 4092 783 4142 suo
821 4077 970 4143 exercitu
1004 4076 1233 4163 appropiaret,
1272 4079 1411 4161 repente

203 4167 439 4273 J{linetaurat
474 4176 630 4267 militem,
666 4176 799 4244 instruit
834 4176 959 4264 aciem,
994 4175 1141 4242 conserit
1173 4189 1342 4262 pugnam,
1379 4175 1412 4238 et

312 4285 341 4351 1)
359 4289 486 4339 torrorem
504 4284 544 4338 bs.
