3044 4882
447 200 591 249 rounnars
610 199 818 248 ricronrnasrs.
855 201 880 268 2,
898 203 922 254 s,
1193 171 1263 246 309

200 337 363 410 Rudottus
388 341 510 412 dimisit
530 338 708 408 exereitum
729 340 806 410 dum
824 343 1002 412 Wienuam
1030 342 1129 413 rediit
1149 360 1260 429 nego-

126 439 179 508 tiis
205 440 300 526 regni
327 458 463 510 vaoans.
495 436 675 508 Ottnkarus
702 447 811 509 autem
837 442 970 512 rediens
995 443 1188 512 Bohemiam
1205 461 1264 510 re-

125 540 205 624 gine
223 540 369 608 oonsorti
386 557 447 609 sue
471 538 583 607 retulit
598 539 878 610 reconciliationis
895 549 929 610 et
944 545 1130 631 nuptiarum
1148 540 1263 609 federa

125 643 159 705 et
184 636 249 706 alia
282 639 449 726 placitata.
492 635 564 718 Que
598 639 735 724 yronioe
762 640 927 709 insultans
957 644 988 710 ei
1013 645 1076 710 ait:
1110 640 1264 725 Oqoam

124 737 263 822 mandis
297 738 504 806 auctoritatis
529 755 565 804 ea
590 753 668 819 ree,
702 739 757 822 qut
789 738 964 826 liudolfum
998 740 1094 828 lambe
1120 741 1263 825 positum

124 836 221 902 breio
247 853 364 903 eunom
390 835 653 904 consuetudieem
676 833 838 904 hostiliter
862 839 1049 922 allatrastr',
1074 839 1137 907 sed
1157 855 1262 923 prope

121 935 264 1019 positum
288 933 452 1003 oblatione
477 937 619 1019 quatem
640 940 802 1004 terrarum
821 936 975 1005 nobilium
994 957 1060 1024 pro
1081 940 1263 1024 pincerna-

125 1036 175 1099 tas
202 1031 313 1116 officio
338 1034 502 1116 salutasti,
528 1034 583 1118 qui
608 1037 716 1102 tumeo
741 1035 819 1102 olim
843 1037 877 1104 lo
897 1040 987 1104 bom
1012 1037 1133 1104 ascribi
1159 1035 1263 1104 elleo-

124 1131 227 1199 btlam
253 1133 436 1216 affectuali,
462 1135 495 1200 et
519 1134 629 1198 toalea
661 1134 761 1218 arisel
794 1137 1101 1204 acommovebat
1134 1129 1264 1202 estimet

124 1247 238 1317 aequm
253 1231 396 1317 aleriam
415 1229 613 1298 annullare!
642 1229 740 1311 Quod
761 1231 925 1302 Rudoltus
951 1233 1093 1304 audiens
1120 1235 1262 1303 tunicam

124 1327 297 1418 deponere
331 1330 438 1398 noluit
463 1347 641 1417 quousque
676 1333 847 1418 negotium
874 1333 908 1401 in
935 1332 1052 1402 eadem
1079 1332 1261 1422 expediret.
1365 1367 1367 1371 ·

126 1425 214 1508 Quid
246 1429 366 1518 plural
404 1429 542 1497 Erubuit
567 1427 610 1496 ad
636 1432 824 1515 grunnitum
851 1431 958 1500 bestie
994 1429 1195 1522 OttalraruS,
1228 1437 1263 1498 et

125 1528 236 1595 statim
269 1525 413 1597 Rudollo
446 1529 538 1596 iuxta
571 1527 708 1596 formam
741 1529 1013 1598 contradiotionis
1039 1529 1261 1619 inimicabilia,

123 1627 248 1694 iniuste
274 1644 389 1695 seeum
416 1644 494 1695 esse
521 1633 628 1694 aetum
655 1630 808 1718 nunoiut,
835 1629 1023 1717 bellumque
1049 1628 1175 1720 iudioit,
1202 1645 1261 1697 re-

123 1730 243 1814 petens
270 1731 375 1794 terras
401 1725 552 1795 manibus
578 1727 668 1812 regis
695 1729 895 1814 resignatas,

196 1822 360 1894 liudolfus
395 1833 502 1893 autem
539 1823 740 1894 Ladezlaum
775 1827 1348 1916 regemUngarie7Swevos71nro

121 1921 309 2014 lustrales,
332 1924 526 2014 Styrenses‚
542 1923 777 1994 Kariuthianos
796 1924 948 2017 advocat,
966 1927 1146 1996 exereitum
1162 1943 1262 2011 mag-

123 2041 201 2091 num
228 2021 390 2092 oonllaus.
422 2019 491 2092 Sed
517 2029 551 2092 et
577 2020 755 2092 Ottalrarus
775 2024 924 2094 Leonem
950 2024 1175 2094 Ruthenomm
1204 2041 1262 2092 re-

123 2140 218 2212 gem,
247 2122 434 2212 Romamne,
461 2123 628 2212 Polonos‚
657 2123 829 2213 Saxones,
857 2123 1062 2216 misnenses,
1089 2124 1263 2212 lloravoS,

124 2221 316 2307 Thuringos
349 2223 446 2308 largo
481 2223 653 2309 oongiario
680 2223 794 2311 allicit,
821 2229 855 2291 et
880 2225 913 2290 in
944 2241 1080 2312 campos
1113 2223 1263 2290 Marehie

123 2319 268 2388 fluminis
303 2337 342 2388 so
377 2322 554 2409 oomponit.
591 2321 771 2390 Estimatus
799 2327 850 2390 est
876 2327 987 2390 autem
1013 2322 1172 2389 habuisse
1199 2322 1261 2388 tri-

122 2421 218 2505 ginta
252 2418 341 2486 milia
374 2426 607 2510 pugnatorum,
633 2419 795 2488 Rudollus
821 2437 902 2488 vero
929 2423 985 2488 vix
1010 2422 1109 2489 huius
1135 2421 1263 2488 numeri

124 2523 274 2606 quartam
299 2521 438 2605 purtem.
475 2517 538 2600 Qui
565 2537 638 2588 oum
666 2520 735 2586 suis
763 2520 934 2593 inenstro
960 2519 1160 2587 Haimburoh
1187 2518 1260 2585 lla-
1280 2553 1338 2590 rau

123 2617 261 2686 nubium
280 2619 446 2685 transiens
456 2609 479 2704 ¹,
507 2616 669 2686 adversus
688 2615 883 2685 Ottakarum
904 2625 1013 2686 eastra
1038 2617 1120 2704 tigit.
1148 2616 1261 2685 Nares

124 2733 243 2786 omnes
269 2715 411 2803 preoidit
437 2722 471 2784 et
496 2715 631 2808 dimisit,
659 2734 701 2784 ne
727 2715 838 2802 lugam
866 2717 917 2783 sui
943 2735 1003 2804 per
1027 2715 1164 2784 easdem
1189 2733 1263 2784 me-

124 2814 316 2884 ditarentur.
351 2813 456 2904 Capto
483 2833 600 2904 eampo
622 2818 655 2884 in
683 2823 825 2902 quatuor
851 2815 988 2884 ordines
1016 2832 1097 2884 suos
1125 2813 1264 2883 seindit:

124 2916 264 3003 primum
291 2917 325 2980 et
351 2913 534 2982 seeundum
560 2915 703 3000 Ungaris
731 2916 816 3003 aptis
843 2913 886 2982 ad
912 2915 1021 2982 iaeula
1044 2911 1263 2984 oommenda-

124 3015 187 3103 vit,
216 3010 260 3080 ad
287 3013 417 3080 tertium
444 3012 585 3083 Suevos
618 3014 798 3102 Styrenses
825 3013 1061 3082 llarinthianos
1088 3011 1263 3082 Caruiola-

125 3131 187 3182 nos
223 3111 493 3199 Saltzpurgensis
526 3114 669 3201 presulis
704 3111 858 3180 lamilium
890 3113 1083 3202 oollooavit,
1110 3117 1262 3199 quartum

38 3243 44 3251 ·
125 3229 182 3282 rex
201 3228 276 3280 oum
294 3207 504 3280 Australibus
522 3211 732 3298 gubernavit.
766 3212 990 3299 sequestrans
1017 3214 1121 3278 virum
1147 3218 1263 3279 stren-

125 3315 225 3379 nuum
264 3306 482 3398 Capellarium
517 3329 589 3380 oum
622 3313 755 3399 electis,
783 3316 818 3378 ut
848 3309 951 3378 lassis
985 3316 1085 3397 prout
1111 3314 1263 3378 eerneret

127 3410 329 3479 subveniret.
371 3406 549 3478 Ottalmrus
576 3411 668 3479 aoies
703 3407 764 3477 sex
789 3409 951 3476 distinxit.
993 3408 1030 3475 ln
1058 3409 1162 3496 pruna
1187 3426 1262 3476 oum

126 3527 205 3596 rege
242 3505 334 3574 luere
369 3507 524 3577 Saxones
551 3515 585 3577 et
609 3509 765 3597 Bohemi,
798 3510 833 3575 in
864 3506 1015 3576 seounda
1040 3506 1190 3595 Moravi,
1228 3509 1261 3573 in

128 3610 220 3676 tertia
240 3604 443 3698 PilsnenseS‚
459 3609 493 3674 in
511 3613 629 3695 quarta
645 3608 805 3692 Thuringi
822 3612 856 3673 et
874 3606 1077 3696 MisnenseS‚
1094 3607 1129 3673 in
1147 3605 1262 3692 quinta

128 3712 280 3774 etsexta
308 3707 718 3777 eumBawarisPolonioe
741 3708 853 3792 gentis
881 3705 1062 3774 fortissima
1088 3710 1262 3773 armatura.

127 3804 304 3896 lleputavit
329 3807 455 3893 etipse
481 3805 632 3874 Miletum
660 3806 880 3894 Styriensium
908 3806 1129 3893 oapitnneum
1156 3808 1192 3870 ut
1210 3802 1262 3869 ln-

128 3903 319 3974 borautibus
346 3911 553 3992 suoeurretur
579 3912 613 3973 et
636 3905 785 3974 lassatis.

198 4004 270 4071 Neo
287 4006 402 4072 terruit
418 4003 596 4073 lludollum
623 4005 800 4074 exoessiva
826 4002 1011 4092 multitudo,
1040 4002 1115 4089 qnia
1143 4018 1210 4068 non
1228 4002 1262 4068 in

127 4102 331 4172 multitudine
367 4101 429 4172 sed
462 4101 504 4171 de
538 4104 612 4172 oelo
639 4103 795 4174 tortitudo
822 4107 889 4191 est,
918 4108 952 4170 et
976 4101 1140 4188 Vegetius
1167 4099 1261 4167 dioit:

163 4219 193 4285 t]
211 4225 300 4290 sotter
318 4222 446 4288 geiadert
464 4224 504 4278 in:
527 4225 672 4278 transisset
