3052 4878
426 162 541 207 1111111
563 162 606 206 11.
628 159 769 206 11111111.
791 161 923 207 omnmo.
1201 137 1244 202 75

121 297 204 384 qnod
229 299 294 387 ipsi
320 300 531 391 ignorabant,
557 317 622 366 nec
644 301 718 386 quis
740 299 936 369 advertebat
959 301 1025 370 nisi
1051 299 1099 368 illi
1126 301 1246 388 quibus
1263 313 1329 368 raro

121 406 182 468 crat
208 400 388 466 commissa
415 399 502 468 dicta
527 397 690 466 custodia.

185 494 238 564 Do
258 496 368 565 Casali
384 499 503 567 rolens
529 497 688 566 recedere
710 515 780 587 1111,
808 496 918 565 dictus
945 498 1071 586 symon
1097 498 1138 566 de
1157 499 1246 568 Ver-

119 597 224 685 111111,
251 595 373 664 ibidem
399 604 520 686 potens
546 602 579 664 et
601 596 770 686 dominus,
796 596 938 682 rogabat
963 597 1053 685 quod
1078 598 1247 686 procede·

118 691 191 765 rct1.
219 693 380 764 Dominus
395 715 454 764 rex
469 695 585 785 noluit,
601 713 669 764 non
684 695 770 763 bene
787 713 927 783 sperans
948 694 990 763 de
1008 714 1059 764 eo.
1083 696 1151 764 Sed
1163 697 1247 766 ultra

117 813 185 862 cum
200 812 242 862 eo
261 795 450 882 procedens
472 811 591 864 versus
608 794 790 885 Vercellae,
809 793 933 862 Padum
951 812 1024 862 cum
1042 798 1195 862 somariis
1213 800 1247 864 et

115 893 261 962 cunibus
282 895 354 962 sine
370 896 504 981 nauigio
523 895 685 982 transivit,
701 892 791 980 quod
809 893 960 961 omnibus
975 895 1125 981 patriciis
1142 896 1245 962 mira-

114 993 220 1074 culum
244 992 427 1083 videbatur,
450 995 616 1062 civitatem
640 993 774 1061 intravit
797 991 1055 1081 vercellensem,
1075 999 1108 1060 11
1124 993 1245 1080 expul-

114 1110 169 1160 sos
186 1108 302 1160 secum
321 1092 466 1160 adduxit.
493 1091 618 1160 lbidem
637 1110 738 1158 unum
752 1093 909 1159 vicarium
928 1091 969 1158 de
986 1091 1089 1159 launa
1106 1091 1148 1159 de
1166 1091 1245 1159 Ma-

111 1191 252 1281 losellis,
280 1193 336 1277 qui
363 1191 503 1279 Gnelpbi
535 1197 622 1281 sunt,
651 1189 782 1281 dimisit,
810 1192 1098 1276 consanguineum
1121 1191 1245 1259 domini

112 1291 242 1358 comitis
259 1289 437 1359 Sabaudie.
462 1290 578 1377 ibique
592 1307 675 1378 pace
694 1291 779 1356 iuter
796 1306 855 1356 cos
879 1289 967 1357 11111
993 1295 1026 1356 11
1046 1289 1136 1358 bona
1158 1308 1245 1358 con-

113 1387 237 1479 cordia,
265 1392 476 1477 receptisque
504 1388 717 1457 fidelitatibus
739 1387 864 1457 domini
885 1389 1046 1478 episcopi,
1074 1389 1243 1479 nobilium,

113 1495 143 1556 et
170 1489 372 1578 communis,
398 1505 516 1558 versus
542 1487 719 1557 Novariam
746 1486 867 1555 direxit
891 1504 1031 1572 grossus
1059 1505 1152 1556 suos

183 1586 223 1654 ln
237 1586 383 1656 Novaria
395 1589 547 1677 11111111,
567 1592 693 1674 partem
713 1586 883 1674 expulsam
901 1603 1013 1653 secum
1035 1585 1182 1654 adduxit.
1208 1586 1246 1653 ln

112 1684 259 1754 Novaria
291 1693 370 1754 tunc
396 1685 627 1754 dominabatur
657 1703 744 1753 unns
772 1684 940 1772 Guclphus
967 1684 1120 1753 dominns
1149 1684 1245 1751 Gnil-

112 1783 234 1852 lermus
261 1787 394 1853 nomine
421 1785 462 1854 de
480 1786 631 1853 Brusatis
658 1786 824 1870 antiquus.
851 1784 965 1851 Utrum
992 1783 1054 1851 sibi
1081 1783 1245 1853 obviave-

114 1885 151 1950 rit
173 1886 291 1952 nescio
318 1884 416 1974 bene,
443 1885 508 1951 nisi
529 1901 636 1970 usque
654 1885 687 1950 in
703 1882 885 1972 Vercellas,
914 1882 991 1969 quia
1006 1880 1067 1950 init
1090 1885 1245 1969 antiquus

114 1989 142 2048 11
169 1982 301 2051 debilis.
333 1984 417 2051 Pace
443 1984 529 2050 intcr
555 1999 614 2051 eos
642 1987 675 2050 et
701 1981 881 2051 concordia
907 1980 1004 2070 11111,
1031 1983 1108 2069 quia
1134 1981 1245 2050 domi-

114 2097 171 2150 nus
207 2082 479 2171 archiepiscopus
514 2081 779 2150 Mediolanensis
811 2086 882 2148 erat
915 2080 1152 2167 aliquantulum
1179 2079 1245 2148 do-

113 2182 200 2248 mino
226 2183 388 2270 episcopo
413 2181 621 2250 Vercellensi
647 2180 748 2248 durus
770 2197 870 2267 super
891 2181 1146 2248 consecratione
1173 2197 1245 2269 sua,

116 2277 264 2348 dominus
291 2298 350 2348 rex
378 2286 411 2348 11
435 2282 553 2366 regina
584 2281 692 2366 ipsum
718 2278 1004 2366 archiepiscopum
1030 2284 1244 2366 rogaverunt,

115 2383 147 2444 ut
161 2377 287 2446 dictum
305 2381 499 2468 episcopum
516 2378 766 2447 Vercellenscm
789 2379 823 2444 in
838 2379 1008 2465 presentia
1024 2395 1137 2445 eorum
1157 2395 1245 2446 oon-

118 2483 270 2546 secraret.
313 2477 411 2559 Quod
438 2484 471 2546 et
496 2477 575 2546 iecit
599 2480 632 2545 in
666 2477 810 2545 ecclesia
843 2475 976 2543 iratrum
1003 2475 1246 2544 Prodicatorum

115 2575 145 2641 in
168 2575 326 2647 Novaria.
368 2576 507 2658 Qualem
538 2577 756 2646 reverentiam
784 2573 846 2642 sibi
872 2574 1037 2664 iecerunt,
1066 2591 1129 2660 que
1157 2573 1246 2641 dona

117 2671 198 2744 dicto
227 2678 388 2764 episcopo
416 2675 580 2744 dederunt
605 2693 665 2743 1111
691 2680 725 2743 11
751 2675 877 2762 regina,
905 2678 939 2739 et
965 2689 1049 2759 quas
1077 2689 1245 2760 expensas

116 2771 263 2843 iecerunt
288 2777 322 2842 in
349 2774 437 2844 dicto
464 2775 561 2865 festo,
590 2781 746 2862 quantum
774 2771 816 2840 ad
842 2773 995 2841 convivia
1014 2775 1047 2838 et
1070 2772 1143 2862 alia,
1170 2772 1245 2858 ipsc

119 2874 177 2939 scit
191 2875 244 2941 111
257 2873 380 2942 iactum
396 2879 457 2966 cst,
485 2881 519 2942 ct
535 2876 598 2962 ipsi
614 2875 669 2960 qui
688 2870 915 2940 interfuerunt.
942 2867 1118 2950 Quomodo
1136 2875 1246 2939 autem

117 2969 236 3041 dictus·
254 2974 433 3061 episcopus
467 2972 555 3042 dicto
582 2975 654 3058 regi
678 2977 756 3060 post
782 2989 874 3038 suam
901 2971 1187 3038 consecrationem
1213 2975 1248 3036 et

116 3067 271 3140 bonorem
298 3077 468 3160 receptum
494 3072 535 3142 ab
563 3088 603 3139 eo
628 3071 690 3140 sibi
717 3070 890 3139 serviverit
907 3074 940 3136 et
957 3067 1146 3137 fidelitatem
1169 3086 1246 3136 ser-

114 3173 256 3262 uaverit,
292 3172 439 3257 insignia
469 3173 559 3256 regis
592 3168 728 3238 lioberti
760 3170 794 3236 in
828 3167 989 3235 Vercellis
1015 3169 1126 3254 posita
1153 3171 1186 3235 et
1211 3168 1246 3234 in

116 3285 174 3336 suo
201 3269 346 3359 hospitio
373 3271 562 3358 specialiter
588 3276 622 3337 et
645 3287 706 3358 per
732 3286 805 3335 eum
833 3273 866 3334 et
892 3283 984 3354 snos,
1013 3272 1050 3334 ut
1071 3264 1156 3334 lama
1183 3271 1246 3355 est,

115 3365 177 3434 boo
203 3367 394 3438 ostendunt.
428 3367 596 3438 Recordor
622 3366 879 3455 incidentaliter,
908 3363 998 3453 qnod
1025 3370 1101 3433 ante
1128 3381 1247 3432 reces-

115 3482 186 3532 sum
209 3487 317 3536 mcum
337 3467 378 3536 de
400 3468 485 3536 Pisis
508 3467 619 3536 audivi
637 3467 679 3534 ab
704 3469 902 3554 imperatore
927 3481 1138 3553 perpaucos
1163 3463 1246 3552 dies,

115 3562 205 3650 qnod
231 3568 263 3634 in
288 3570 353 3635 isto
381 3567 504 3634 mundo
530 3585 598 3635 non
625 3572 720 3633 erant
745 3564 811 3632 duo
839 3564 956 3651 prelati
982 3564 1089 3649 magis
1116 3563 1246 3651 ingrati,

116 3680 215 3749 quam
235 3667 503 3754 archiepiscopus
520 3664 784 3733 blediolancnsis
804 3669 837 3731 et
855 3664 1034 3750 opiscopus
1052 3660 1247 3729 Vercellen-

39 3761 43 3770 '
113 3764 178 3852 sis,
208 3764 349 3852 etquod
367 3767 451 3832 inter
470 3767 600 3854 omnia,
632 3781 698 3850 qne
721 3764 797 3851 plus
822 3761 968 3830 babebat
986 3758 1078 3829 cordi
1103 3776 1247 3845 unquam

114 3863 283 3930 sanctitati
300 3870 412 3933 vestre
430 3864 619 3952 supplicare
640 3865 726 3930 circa
747 3861 834 3930 iacta
848 3862 1060 3948 prelatorum,
1079 3858 1143 3926 boc
1168 3861 1247 3946 erat,

114 3959 205 4044 quod
234 3965 391 4030 sanctitas
417 3970 530 4030 111111
556 3963 674 4051 sciret,
710 3961 789 4049 qnid
824 3959 900 4028 iecit
930 3974 991 4044 pro
1018 3958 1090 4024 istis
1117 3955 1248 4026 duobus

112 4064 144 4126 et
170 4058 258 4146 quid
282 4059 429 4130 iecerunt
455 4067 570 4130 contra
597 4079 680 4128 oum.

148 4183 178 4248 l)
197 4183 351 4252 precederet
367 4185 469 4242 1111111
487 4199 519 4239 zu
536 4185 611 4240 lesen
630 4187 696 4238 sein.
