3028 4878
447 267 595 314 rossanus
616 268 827 314 rrcronrrmsrs
864 271 888 334 5,
907 266 936 321 6.·
1185 243 1256 312 403

118 403 352 474 Cisteroiensis
379 404 507 474 ordinis
534 404 576 472 do
602 411 719 474 saneta
745 405 848 476 Cruoe
876 415 909 478 et
940 410 1024 479 alios
1051 409 1257 498 perquirens,
1274 426 1339 479 132⁷

118 505 153 571 in
179 503 256 573 loeo
282 509 362 592 apto
389 521 489 593 super
513 503 680 572 blurezam
714 505 848 575 lluvium
882 510 916 575 in
944 509 1063 599 Stiria,
1091 509 1259 578 montibus

118 602 262 670 vallibus
289 605 368 672 rivis
394 603 498 691 pratis
524 606 662 692 pascuis
686 610 720 670 et
745 607 937 674 nemoribus
965 606 1135 696 deoorato,
1163 625 1259 676 suum

117 703 325 789 propositum
354 708 408 769 est
433 719 587 790 exorsus,
615 705 724 790 ipsum
748 703 856 772 looum
882 707 1043 774 initiatum
1069 707 1103 773 in
1128 705 1260 774 laudem

117 800 217 868 beate
244 802 383 886 virginis
400 799 703 870 Novum-Montom
723 805 853 871 censuit
875 805 1119 892 appellandum.
1155 803 1261 885 Quem

121 899 265 968 diversis
291 898 416 988 prediis
443 919 503 987 pro
531 900 762 968 sustentaeulo
789 904 978 971 victualium
1004 906 1038 971 in
1066 904 1260 991 temporali-

118 998 195 1087 bus,
223 1006 257 1066 et
283 1001 413 1083 magnis
439 998 656 1087 libertatibus,
685 1004 718 1067 et
742 998 784 1067 ad
800 1001 921 1070 oullum
948 1003 1002 1070 dei
1028 1003 1129 1071 variis
1157 1020 1260 1070 oma-

116 1097 207 1165 tibus
245 1098 468 1166 communivit.
510 1095 582 1178 Que
618 1097 747 1166 fuerant
781 1117 842 1168 sua
869 1101 1003 1191 obtulit,
1032 1119 1097 1190 que
1123 1101 1261 1169 aliorum

116 1213 339 1284 recompensa
359 1195 453 1281 digni
468 1198 563 1285 pretii
582 1198 795 1265 eommutavit
802 1221 810 1285 3
831 1200 1081 1268 mussitantibus
1099 1197 1260 1290 pluribus,

117 1294 212 1382 quod
238 1294 440 1362 distraheret
467 1294 609 1382 quedam
637 1295 679 1364 ad
701 1314 874 1365 commune
902 1299 1024 1366 bonum
1050 1301 1260 1389 pertinentia,

114 1399 150 1461 et
168 1410 229 1462 sue
246 1393 433 1461 lundationi
450 1400 654 1482 prepararet.
689 1394 885 1482 Speoialiter
903 1404 1011 1464 autem
1038 1403 1147 1465 tamen
1170 1415 1260 1484 quo-

115 1491 194 1560 dam
222 1491 442 1582 Wembardo,
471 1495 565 1561 ouius
593 1511 671 1560 area
697 1495 771 1581 ipsa
797 1493 866 1581 luit,
894 1496 1185 1563 commutationem
1205 1502 1260 1564 ta·

111 1592 180 1659 lem
207 1591 302 1680 feeit,
335 1593 421 1660 siout
446 1591 556 1662 David
590 1590 674 1658 dixit
707 1591 749 1660 ad
776 1590 897 1661 Ornam
923 1587 1150 1662 Zebuseum¹:
1185 1595 1261 1685 „lla

113 1690 194 1758 mibi
221 1690 330 1758 looum
357 1707 435 1757 aree
463 1697 529 1780 tue,
557 1696 593 1757 ut
611 1689 760 1759 edifioem
784 1693 817 1758 in
844 1709 884 1760 ea
911 1693 1014 1760 altare
1041 1692 1188 1782 domino,
1215 1694 1261 1761 ita

113 1797 152 1858 ut
178 1794 335 1876 quantum
370 1788 461 1856 valet
495 1791 625 1875 argenti
652 1787 833 1878 aoeipias.“
872 1792 914 1859 Et
942 1792 990 1858 sio
1016 1792 1171 1879 prinoeps
1198 1809 1259 1878 pro

112 1887 353 1976 temporalibus
382 1893 495 1955 eterna
523 1890 738 1977 comparavit,
766 1897 799 1957 et
821 1907 878 1958 oor
902 1907 997 1958 suum
1023 1892 1056 1957 in
1081 1890 1258 1958 thesauros

115 1987 245 2056 eelioos
282 1987 469 2054 eollooavit.
504 1984 590 2066 Quia
624 1989 749 2075 optima
784 1994 837 2056 est
870 1991 1081 2057 commutatio
1115 2005 1175 2076 pro
1201 1989 1259 2056 illo

115 2087 217 2154 etiam
251 2086 364 2152 omnia
399 2085 605 2176 relinquere,
640 2103 707 2174 quo
740 2086 853 2156 habito
889 2089 999 2156 omnia
1031 2087 1258 2176 possidentur,

114 2187 207 2254 siout
231 2184 376 2272 Prosper
403 2182 498 2252 dieit:

215 2281 315 2373 „Non
341 2282 485 2350 mirabor
511 2300 605 2371 opeS,
632 2283 743 2351 nullos
770 2284 946 2352 scrutabor
976 2283 1135 2373 bonores,

278 2381 473 2470 Pauperiem
501 2380 630 2450 Christo
657 2380 757 2450 divite
784 2401 852 2450 non
880 2379 1015 2450 timeo.“

112 2562 167 2630 De
192 2561 327 2628 introito
351 2559 514 2628 Lodemlet
539 2562 573 2627 tn
592 2547 743 2643 'ltaliam
769 2565 801 2626 et
824 2559 867 2626 ibt
891 2563 1002 2646 pestis,
1028 2564 1061 2627 et
1078 2561 1118 2627 de
1139 2578 1259 2628 reeen-

218 2659 384 2726 ciliatione
410 2660 527 2726 ducam
552 2658 683 2726 dustria
709 2676 781 2726 uam
805 2676 884 2744 repe
909 2659 1071 2728 Bobemia.
1108 2661 1189 2744 Cap.
1206 2660 1258 2726 oli.

191 2772 291 2843 Auno
318 2775 443 2843 domini
471 2776 708 2845 m.eoo.xx.viii.
732 2775 933 2843 Ludewious
959 2793 1019 2863 per
1042 2774 1162 2843 vallem
1182 2774 1257 2842 Tri«-

116 2872 288 2942 dentibam
303 2874 430 2942 ltaliam
454 2874 611 2942 introivit.
644 2874 686 2942 Et
710 2873 787 2942 dum
805 2874 950 2942 Heinrioi
977 2873 1071 2942 duois
1090 2872 1258 2940 Karintbie

116 2975 298 3062 terminoS,
327 2972 457 3042 soilieet
482 2975 670 3041 comitatum
698 2973 828 3061 Tyrolis
860 2974 1100 3061 subintrasset,
1128 2971 1192 3040 sibi
1220 2989 1258 3039 ao

113 3073 186 3139 suis
222 3070 401 3140 heredibus
435 3073 606 3158 utriusque
642 3090 743 3140 sexus
777 3072 977 3140 llarintlriam
1007 3077 1039 3140 et
1068 3073 1257 3139 comitatum

113 3171 250 3258 'lyrolis
276 3171 396 3238 litteris
424 3171 603 3260 regalibus,
629 3176 749 3258 postea
766 3171 1001 3258 imperialibus,
1029 3169 1148 3237 dieitur
1169 3187 1256 3238 oon·

113 3268 276 3338 firmasse
310 3269 411 3336 Venit
437 3276 536 3337 antea
562 3269 743 3358 Veronam,
772 3268 894 3336 deinde
920 3268 1157 3336 Mediolanum
1194 3268 1256 3336 Ubi

110 3369 146 3435 in
164 3368 219 3436 die
237 3362 356 3436 saneto
376 3373 591 3456 penterostes
613 3385 739 3435 oorona
763 3366 870 3434 terrea
895 3372 1082 3436 eoronatur.
1115 3367 1157 3434 Et
1173 3384 1254 3453 per·
1282 3390 1333 3428 nn

112 3470 282 3536 transiens
307 3466 476 3553 Liguriam
504 3472 539 3535 et
563 3471 708 3535 montem
734 3465 910 3556 Pardonis,
946 3467 1017 3533 sine
1051 3443 1319 3533 ollandioulo31

113 3567 210 3634 venit
235 3566 353 3654 Pysas
388 3567 511 3654 Pysani
541 3571 652 3635 autem
677 3567 873 3633 resistentes
900 3565 1005 3651 primo
1032 3564 1063 3631 ei
1087 3563 1255 3631 introitum

113 3663 343 3750 denegabant.
377 3664 506 3733 Deinde
531 3684 604 3733 eum
623 3666 801 3732 exereitum
822 3667 939 3731 eontra
963 3677 1024 3730 eos
1052 3660 1253 3748 ordinasset,

111 3781 234 3832 mense
261 3763 405 3832 ootobris
434 3781 470 3831 se
498 3764 730 3833 submiserunt.
764 3761 856 3843 Quos
877 3763 912 3829 in
935 3760 1138 3830 deditionem
1160 3778 1254 3828 suam
1278 3783 1336 3826 oca.

114 3867 290 3951 aoeeptoS,
317 3868 438 3950 postea
464 3861 613 3932 oonlovit
639 3865 745 3948 gratia
772 3860 920 3950 speeiali.

188 3959 289 4030 Anno
308 3961 432 4029 domini
447 3963 680 4030 m.eoo.xx.viii.
698 3965 732 4030 in
750 3961 805 4029 die
823 3964 940 4028 saneto
960 3957 1136 4046 epiphanie
1153 3955 1338 4025 allo-1³28

113 4061 224 4129 manis
260 4061 387 4149 aoeepit
419 4078 575 4129 eoronam
608 4061 826 4150 imperialem,
862 4057 1050 4126 dieentibus
1078 4057 1141 4124 boo
1167 4055 1252 4124 bene
1277 4053 1331 4158 ¹⁴3¹·

111 4158 217 4228 linere
245 4160 322 4246 quia
348 4177 435 4247 papa
462 4176 529 4226 non
556 4158 703 4228 adesset.
740 4159 919 4227 Coronavit
944 4163 1053 4225 autom
1073 4173 1145 4224 emn
1171 4173 1254 4243 pre-

151 4278 181 4344 1)
200 4278 306 4335 Araura
323 4279 459 4335 lebuseum
476 4279 510 4333 ist
528 4293 559 4332 zu
577 4280 660 4333 lesen.
998 4354 1057 4412 26*
