3044 4882
261 179 334 250 280
585 208 726 256 renarras
746 207 953 256 neronianam.
989 203 1013 273 t,
1034 205 1058 258 t.

261 349 395 420 severit.
423 347 519 418 Unde
546 348 680 437 quidam
706 347 851 417 breviter
877 348 942 417 hoc
968 347 1146 418 metricans
1166 344 1320 416 aliliinivit
1340 344 1391 414 di-

261 464 362 518 oens:

361 544 454 637 „Sub
480 545 563 616 Bela
588 550 707 634 quarto
733 563 820 632 gene
846 547 984 633 Ungara
1009 547 1102 616 stetit
1126 547 1162 614 in
1187 541 1294 614 arle.“

261 643 336 715 lloc
353 661 441 714 anno
456 645 492 712 in
503 645 622 714 loleto
636 645 798 734 Hispanle
816 644 939 714 ludens
955 644 1088 733 quidam
1106 645 1139 713 in
1158 643 1301 732 madum
1316 659 1391 732 mpe

260 746 346 813 intra
358 745 491 814 vineam
508 745 737 814 saaminvenit
748 744 914 831 quendam
932 741 1391 832 libraminmodumpsalteril
1509 799 1510 838 ,

262 845 457 932 scripturam
490 847 524 910 et
555 841 635 912 lolia
666 844 779 930 lignea
818 844 1014 934 habentem,
1048 845 1205 932 scriptum
1244 841 1394 910 hebraice
1509 851 1510 858 ’

261 960 363 1029 grece
396 947 430 1010 et
453 943 575 1031 latine,
611 948 806 1012 tractantem
840 943 883 1011 de
914 943 1034 1030 triplici
1066 942 1190 1012 mundo
1223 941 1264 1009 ab
1291 938 1394 1009 Adam

260 1059 369 1130 usqae
402 1039 445 1108 ad
479 1041 720 1131 antichristum,
747 1043 968 1131 proprietates
994 1042 1161 1113 hominum
1187 1043 1220 1108 in
1248 1041 1395 1127 quolibet

261 1140 385 1209 mando
404 1142 651 1228 exprimentem.
684 1141 882 1230 Principium
907 1141 999 1210 tercii
1017 1141 1131 1210 maadi
1152 1143 1201 1210 sic
1221 1146 1309 1208 erat:
1336 1139 1394 1230 „ln

262 1241 366 1308 tercie
392 1238 515 1307 mundo
549 1239 634 1308 filias
661 1238 715 1308 dei
741 1249 897 1310 nascetur
922 1258 963 1308 ex
988 1240 1093 1308 Maria
1118 1240 1249 1326 virgine
1278 1244 1311 1308 et
1337 1254 1395 1328 pro

262 1339 370 1406 salute
402 1336 515 1406 mandi
544 1335 726 1426 pacietur.“
768 1337 865 1420 Quod
891 1339 1011 1425 legens
1043 1339 1166 1409 ludens
1202 1356 1275 1406 cum
1310 1338 1397 1408 omni

263 1436 362 1506 domo
389 1453 452 1506 sua
479 1437 640 1506 celeriter·
655 1438 840 1526 baptizatur
884 1439 973 1527 Papa
999 1443 1110 1506 autern
1126 1438 1309 1523 Gregorius
1337 1451 1397 1504 ca·
1510 1495 1511 1502 ,

261 1537 428 1604 nonizatis
464 1538 589 1604 sanctis
624 1536 798 1606 Dominieo
833 1539 1010 1606 Francisco
1047 1542 1081 1605 et
1106 1537 1204 1604 beata
1229 1535 1400 1604 Elnabetn

185 1641 455 1705 auarsanctorum
481 1635 658 1722 cathalago
685 1639 851 1706 annotatis
878 1639 1029 1705 eximitur
1055 1636 1097 1704 ab
1123 1636 1187 1704 lrac
1212 1635 1292 1704 vita.
1332 1634 1399 1702 Ce-

260 1735 402 1804 lestinus
436 1740 570 1823 quartas
605 1735 792 1805 succedens
826 1736 945 1805 diebus
979 1737 1048 1804 xvii
1082 1741 1177 1803 stans
1214 1733 1257 1802 tle
1288 1733 1398 1802 medio

259 1834 395 1924 tollitur,
423 1839 457 1902 et
482 1834 697 1903 Innocentius
725 1841 861 1924 quartus
887 1835 929 1904 ab
956 1834 1110 1903 omnibus
1138 1834 1298 1903 elevatur.
1338 1833 1399 1903 llio

262 1949 390 2001 summo
425 1931 535 2000 stadio
569 1932 611 2002 de
647 1934 826 2004 concordia
859 1937 892 2002 et
926 1936 1075 2002 amicicia
1101 1933 1244 2002 ecclesie
1272 1938 1306 2000 et
1332 1935 1398 2000 im·
1511 1927 1512 1944 .

260 2034 344 2121 perii
370 2033 531 2118 cogitavit
557 2038 591 2100 et
623 2050 696 2101 cum
723 2033 902 2120 diligencia
927 2033 1109 2124 laboravit,
1136 2034 1290 2118 cogitans
1317 2027 1399 2100 illud
1511 2101 1512 2122 ,

263 2131 352 2220 quod
378 2129 459 2198 dicit
473 2130 709 2219 Helyaandus:
735 2134 854 2222 „leges
869 2133 1011 2201 humane
1029 2138 1171 2200 eatenus
1190 2131 1304 2199 valent
1321 2131 1400 2199 dam
1511 2125 1512 2150 ¹

263 2247 333 2298 non
360 2228 595 2318 discrepante
620 2228 775 2299 dir·inis.“
811 2232 852 2299 llt
877 2232 1004 2300 Tullius
1030 2231 1126 2300 uicit:
1153 2231 1330 2320 „amicicia
1352 2233 1403 2298 est

263 2345 369 2399 rerum
402 2329 617 2397 humanarum
645 2335 678 2398 et
713 2330 896 2398 divinarum
922 2349 995 2398 cum
1020 2329 1255 2399 benivolencia
1281 2335 1315 2397 et
1343 2345 1402 2397 ca-

261 2430 357 2497 ritate
384 2431 577 2518 consensio,
606 2427 648 2496 ad
674 2431 848 2517 utriusque
875 2429 1020 2498 debitum
1047 2429 1272 2498 dulcissimam
1294 2478 1303 2497 .
1326 2417 1404 2497 ...¹

262 2528 394 2617 publica
421 2527 523 2596 efficit
548 2529 745 2619 armoniam,
774 2531 852 2617 quia
877 2527 1057 2597 concordia
1078 2530 1178 2596 nutrit
1203 2519 1404 2595 amorem².“

262 2628 304 2696 Et
330 2627 496 2696 Salustius
522 2629 584 2694 ait:
617 2626 831 2718 „Concordia
863 2645 918 2696 res
944 2643 1047 2716 parve
1074 2631 1239 2718 crescunt,
1267 2625 1404 2696 aliseur-
1512 2647 1513 2670 ἒ

264 2725 318 2794 alia
344 2728 484 2794 maxime
511 2724 735 2795 dilabuntur.“

265 2915 318 2982 Dc
342 2917 515 2982 uacatione
544 2869 786 3001 patacipctaam
819 2915 948 2984 Aestate
972 2919 1006 2982 et
1029 2913 1137 3000 Styric
1162 2918 1195 2981 ct
1218 2916 1405 2982 ccmctonc

361 3017 468 3080 stolas
492 3015 593 3100 repat.
1215 3061 1218 3070 .
1262 3015 1346 3099 Cap.
1372 3014 1405 3079 a

182 3153 245 3207 aaut
337 3126 436 3196 Anno
458 3126 582 3198 domini
602 3131 804 3218 mccxxri,
822 3134 859 3198 ut
878 3131 1034 3218 superius
1053 3131 1105 3198 est
1119 3134 1315 3218 protectam,
1335 3127 1404 3196 dux

262 3227 456 3317 Leapoldus
482 3230 515 3295 in
542 3225 662 3316 Apulia
687 3230 852 3297 transiens
878 3227 1003 3298 liberos
1030 3233 1182 3319 quatuor,
1209 3228 1401 3296 Heinricum

263 3328 391 3396 scilieet
417 3334 450 3394 et
475 3327 686 3415 Friderioam,
713 3327 937 3414 Margaretam
961 3334 1061 3416 attpre
1080 3326 1313 3396 constanciam
1342 3343 1404 3394 re-

263 3427 368 3514 liquit.
401 3423 490 3494 Ossa
523 3430 595 3494 eius
622 3423 664 3492 ad
691 3429 927 3496 monasterium
955 3426 1045 3514 quod
1073 3425 1217 3515 Campus
1243 3426 1406 3494 Lilioram

265 3525 381 3594 dicitur
418 3523 662 3613 cysterciensis
699 3526 824 3594 ordinis
852 3525 1008 3595 nobiliter
1034 3525 1075 3594 ab
1102 3541 1144 3594 eo
1172 3524 1343 3593 lundatmn
1366 3525 1406 3591 r'n

265 3624 339 3694 solo
371 3641 434 3694 sue
470 3623 728 3716 transferantur,
762 3625 873 3715 ibique
909 3631 985 3693 ante
1020 3643 1109 3693 aram
1136 3624 1234 3692 beate
1260 3625 1406 3710 virginis

263 3723 325 3792 sub
352 3721 539 3792 conditorio
566 3739 750 3793 marmoreo
778 3730 990 3814 reponuntur.
1024 3723 1087 3792 Hic
1103 3722 1225 3792 divitis
1244 3729 1278 3791 et
1294 3723 1408 3810 gloria

262 3823 407 3912 polleas,
430 3821 532 3889 multa
556 3838 657 3910 opera
685 3823 835 3909 gloriosa
861 3831 897 3892 et
921 3822 1046 3892 devota
1072 3827 1124 3892 est
1150 3829 1309 3912 operatus
1336 3827 1407 3890 tam

262 3921 317 3989 laic
351 3939 448 4008 qumn
484 3921 518 3988 in
551 3920 699 4009 partibus
734 3923 972 3992 transmarinis.
1015 3921 1192 3992 Heinricas
1226 3920 1409 4008 lantgravii

264 4020 509 4106 thuringorum
536 4037 685 4089 sororem
713 4021 816 4113 duxit,
845 4039 909 4110 que
936 4021 1034 4089 liliam
1059 4021 1197 4111 protulit
1222 4039 1287 4110 que
1316 4019 1409 4088 Ger-

298 4173 328 4237 l]
348 4171 423 4227 Etwa
445 4174 504 4225 vier
528 4172 701 4226 aaleserliche
727 4152 895 4228 huclstaben.
948 4174 979 4240 2)
998 4179 1024 4228 et
1042 4175 1137 4228 Tullius
1154 4174 1194 4229 bis
1212 4171 1356 4228 armoniam
1375 4174 1411 4226 ist

264 4239 1407 4312 spitertarclstrielaen.amicicia-ecaseasiostelrtimseelsteacupiteldeslaelius.
