3002 4880
10 3293 11 3296 ¹
95 3270 148 3336 tris
183 3287 290 3359 parvo
328 3268 444 3357 elapso
469 3274 629 3358 tempore,
656 3266 771 3335 lessus
799 3265 931 3356 gladio,
958 3265 1057 3334 finem
1083 3269 1227 3335 misera·
1248 3267 1309 3308 ³⁰⁰·

399 163 543 208 cunamen
565 163 602 207 nn
624 163 722 208 assrrs
743 163 910 211 enrncrruu.
1177 135 1222 204 27

102 303 163 370 xiiii
193 301 287 370 annis
321 303 521 389 impugnans
529 354 539 391 ,
575 300 709 368 tandem
742 318 816 368 eum
848 318 971 387 magno
1008 301 1152 391 dampno
1188 310 1222 371 et

102 398 277 489 perditione
314 419 447 468 suorum
473 403 581 489 ipsum
607 401 663 468 vix
689 417 778 468 anno
804 401 882 468 xiiii.
909 403 1088 488 superavit.
1124 399 1222 482 Quod

102 505 202 567 autem
229 497 345 567 eadem
373 506 461 567 terra
486 498 629 567 dlllroilis
655 500 698 566 sit
724 497 766 567 ad
794 499 1070 591 expugnandum,
1096 497 1222 568 Alber-

101 604 148 666 tns
173 615 231 665 rex
255 597 477 667 Romanorum
504 599 710 686 experientia
735 597 858 665 didicit.
891 595 954 678 Qui
980 616 1053 666 oum
1080 599 1251 667 eandem·

100 703 211 764 terram
246 715 319 765 oum
353 715 475 783 magna
500 703 724 786 pugnatorum
750 696 958 765 multitudine
983 699 1159 789 intrasset,
1187 704 1224 766 ut
1240 702 1307 758 1300

101 814 166 863 eam
197 796 260 864 sibi
296 795 479 887 subloeret
511 796 669 865 frustrato
702 795 818 864 labore
845 797 936 864 exire
971 798 1102 882 cogitur
1138 799 1224 864 siout
1241 785 1303 893 Ὗ

101 901 180 963 ante.

165 994 299 1062 Interea
331 993 535 1062 Wenezlaus
568 1012 628 1063 rex
657 992 818 1061 Bohemie
844 993 930 1061 lilius
958 990 1096 1062 Otalrhri
1122 995 1223 1085 regia,

98 1094 142 1159 vir
165 1092 393 1161 nobilissimus
421 1098 454 1160 et
480 1093 634 1183 illustris,
670 1090 712 1159 de
746 1109 813 1179 quo
845 1110 947 1181 supra
971 1091 1135 1181 prelatum
1162 1099 1223 1183 est,

98 1193 148 1278 qui
180 1193 216 1258 in
251 1192 481 1260 adnleseentia
514 1210 575 1260 sua
601 1210 621 1259 a
647 1195 750 1258 matre
781 1191 889 1259 luerat
913 1193 1135 1283 intoxicatuS‚
1163 1191 1224 1260 sed

98 1297 169 1357 tuno
202 1291 352 1359 salvatus
380 1296 549 1380 ammte,
582 1292 700 1358 iterum
732 1307 865 1358 veneno
899 1289 1043 1358 inleotus
1076 1293 1110 1359 in
1136 1290 1225 1359 laeto
1241 1297 1307 1354 1305

96 1387 225 1479 deeidit
252 1390 442 1458 incurabilis
468 1392 568 1458 vitam
594 1389 675 1458 linit.
700 1387 762 1455 Hie
781 1407 854 1456 oum
871 1394 963 1457 esset
979 1388 1107 1458 honore
1130 1383 1301 1490 regio21JUN

97 1486 252 1556 detenter
286 1489 440 1557 sublimat
427 1497 498 1579 000,
532 1489 633 1556 vitam
659 1490 877 1556 monasticam
903 1488 1081 1578 simulans
1108 1494 1225 1556 sanate

95 1589 357 1657 conversationis
392 1588 574 1655 vehemens
610 1592 753 1676 amator
787 1586 967 1671 religiosos
993 1604 1119 1654 surnnre
1146 1587 1225 1654 dili-

96 1686 202 1776 gabat,
223 1685 312 1755 unde
332 1686 445 1754 divina
469 1688 653 1774 inspirante
680 1686 788 1771 gratia
815 1685 1032 1773 sollempnem
1060 1685 1225 1752 abbatiam

95 1787 278 1853 construxit
318 1787 352 1853 in
385 1784 473 1854 Aula
511 1785 617 1871 Regia
655 1783 780 1853 ordinis
823 1782 1086 1874 Cysteroiensis‚
1122 1801 1225 1872 opero

96 1892 289 1972 sumptuoso
323 1891 356 1952 et
383 1886 513 1970 magnis
539 1884 709 1952 laboribus
737 1888 771 1950 et
796 1884 973 1972 expensis,
1002 1901 1100 1969 quam
1127 1884 1226 1950 etiam

95 1981 206 2052 ditavit
233 1982 342 2052 multis
368 1983 492 2072 prediis
520 1989 553 2051 et
577 1981 862 2070 possessionibus.
890 1982 974 2049 Tres
999 1983 1120 2050 missas
1147 1987 1226 2049 oot-

96 2080 168 2149 tidie
204 2081 321 2150 audire
355 2083 550 2172 consuevit,
579 2099 663 2168 quas
690 2098 800 2148 eoram
826 2098 863 2148 00
891 2080 1118 2168 sollempniter
1142 2099 1225 2168 pre-

94 2183 176 2269 cepit
214 2183 370 2250 tonaliter
405 2181 586 2268 deoantari.
641 2178 721 2246 Cum
755 2197 837 2247 vero
875 2179 917 2248 ob
952 2197 1097 2247 amorem
1123 2178 1227 2246 divini

96 2282 217 2347 servitii
254 2286 288 2347 et
319 2286 435 2349 sanate
468 2279 640 2365 religionis
672 2280 706 2345 in
733 2277 852 2346 eodem
878 2278 1022 2347 elaustro
1049 2296 1087 2346 se
1114 2296 1226 2366 quan-

95 2377 201 2466 doque
240 2381 439 2469 reoepisset,
474 2377 710 2447 monaohorum
745 2395 782 2444 se
814 2378 991 2444 immisouit
1024 2379 1158 2466 turmiS,
1194 2381 1227 2444 et

94 2484 155 2544 tarn
181 2477 352 2546 familiaris
380 2480 428 2546 eis
455 2475 524 2568 luit,
551 2483 588 2545 ut
614 2478 728 2565 sepius
756 2494 829 2543 cum
849 2493 897 2544 ers
916 2475 1093 2564 capitulum
1112 2493 1226 2543 eorum

93 2575 320 2664 frequentaret
352 2583 386 2644 et
418 2575 540 2646 ibidem
576 2578 841 2664 prevaricatores
873 2579 1061 2642 sanotarum
1094 2576 1226 2642 eonsti-

94 2677 254 2744 tutionum
288 2693 380 2763 more
406 2676 505 2745 solito
533 2675 725 2742 nominatim
752 2690 809 2740 ore
835 2673 969 2761 proprio
995 2673 1227 2760 proolamaret.

163 2774 229 2843 llio
261 2776 360 2843 etiam
390 2776 535 2843 moriens
571 2775 668 2859 regni
700 2774 751 2840 sui
786 2772 920 2859 reliquit
944 2771 1102 2839 heredem
1129 2771 1228 2839 lilium

94 2873 348 2960 pnleherrimnm
384 2879 418 2941 et
444 2875 610 2959 elegantis
638 2871 761 2961 forme,
789 2869 831 2940 de
859 2888 925 2958 quo
951 2872 1060 2938 multis
1088 2887 1168 2958 spes
1196 2876 1230 2938 et

95 2971 211 3041 liduoia
246 2972 324 3061 luit,
363 2971 454 3060 quod
487 2974 517 3040 si
557 2973 625 3040 vita
657 2971 775 3038 eomite
810 2971 844 3037 in
877 2971 982 3037 virum
1015 2968 1227 3059 proleeisset,

93 3071 161 3158 ipse
197 3089 340 3158 regnum
372 3072 407 3138 in
443 3066 565 3140 statum
604 3073 760 3157 optimum
795 3068 1021 3136 reformasset
1081 3067 1150 3136 Sed
1185 3069 1228 3137 ad

94 3173 225 3238 maioris
254 3171 376 3238 malitie
403 3169 567 3237 oumulum
594 3167 743 3236 eiusdem
768 3169 874 3257 regni,
902 3173 981 3255 post
1005 3172 1144 3235 mortem
1160 3186 1228 3255 pa·
1246 3183 1312 3238 1306

94 3366 189 3434 bilem
218 3374 273 3436 est
299 3385 357 3434 sor
358 3370 448 3436 titus.
1270 3321 1288 3376 4

165 3467 217 3534 De
254 3483 393 3553 quorum
424 3483 508 3533 neoe
541 3463 698 3532 videlieet
730 3464 834 3552 patris
870 3467 903 3530 et
937 3463 994 3531 irlii
1024 3466 1134 3534 multis
1167 3466 1228 3534 luit

95 3582 213 3648 grassa
249 3567 416 3654 suspicio,
452 3564 543 3652 quod
576 3560 733 3630 Albertns
767 3580 828 3629 rex
860 3560 1084 3632 Romanorum
1110 3564 1227 3632 ambos

95 3666 205 3732 neoari
239 3666 478 3752 proeuraverit.
530 3660 627 3744 Quod
663 3679 706 3729 err
740 3678 781 3729 eo
815 3660 957 3746 intelligi
990 3669 1121 3753 potest,
1150 3662 1227 3748 quia

96 3768 169 3829 tuno
198 3765 358 3850 temporis
385 3769 505 3830 terram
533 3761 694 3830 Bohemie
726 3761 928 3848 impugnans
955 3778 1057 3826 unum
1083 3760 1125 3827 de
1152 3759 1227 3828 lrliis

10 3865 11 3870 ’
95 3863 162 3928 snis
197 3859 321 3929 ibidem
355 3862 520 3949 promovit
544 3863 579 3928 in
605 3877 738 3948 regem,
767 3859 819 3926 oui
845 3859 992 3925 relictam
1018 3861 1109 3944 regis
1139 3859 1228 3926 We-

10 3999 11 4048 1
95 3961 202 4027 nezlai
236 3959 330 4028 dedit
361 3962 396 4028 in
422 3977 571 4048 uxorem,
600 3976 673 4026 eum
700 3977 766 4044 qua
791 3974 895 4045 parvo
920 3958 1040 4024 vivens
1068 3964 1311 4048 tempora,1307

10 4187 12 4230 l

10 4233 12 4276 l

95 4075 227 4127 veneno
259 4061 376 4148 perlit,
407 4061 505 4145 juxta
538 4075 662 4126 morem
696 4057 833 4124 allorum
867 4063 982 4140 regum
1007 4055 1228 4126 Bohemonrm
1251 4071 1308 4177 np-

96 4159 149 4242 qui
176 4175 251 4225 raro
278 4164 458 4226 oernuntur
483 4160 588 4226 morte
615 4155 780 4225 decedere
806 4153 957 4221 naturali.
