3002 4880
21 151 24 236 ,

20 241 23 360 J

19 363 21 470 J

434 246 578 293 cenoman
599 245 636 292 nr
657 247 758 293 ιιιιιι
778 246 946 294 ιιιιιιιιιιι.
1207 218 1249 290 ll

116 383 203 452 binis
230 382 444 472 sponsalibus
478 385 671 454 solemniter
698 384 873 454 eelebratis
901 387 935 452 ιι
959 384 1087 454 eunetis
1112 402 1173 474 per
1198 403 1254 454 or-

18 497 19 576 ι
118 481 229 550 dinem
262 481 437 571 dispositis
462 480 684 552 Romanorum
714 502 774 552 rex
804 482 910 552 laetus
935 483 1097 574 hylarior,
1124 481 1255 554 fortuna

17 595 18 626 f
118 580 181 650 sibi
211 580 311 649 letius
345 580 525 674 arridente,
559 581 645 650 redit
679 581 722 650 ad
756 583 944 670 superiores
976 587 1089 671 partes
1119 582 1254 654 suevia

119 679 161 748 ad
187 678 322 748 diversa
346 681 442 765 regni
467 682 606 767 negotia
630 686 703 770 pert
690 680 870 750 tractanda.

192 777 317 846 Vemm
344 780 421 866 quia
446 780 623 869 impunitas
649 778 742 848 fovet
765 780 993 870 temeritatem,
1012 797 1129 849 ausum
1155 781 1254 852 etiam

118 879 257 967 parturit
292 882 326 945 et
357 882 600 969 eontemptum,
628 877 735 968 quod,
762 880 839 966 qnia
863 896 977 948 verum
1010 884 1078 969 est,
1105 877 1253 968 prefatus

118 975 319 1045 Zaewisoho
345 974 454 1045 adhue
478 970 685 1045 reoenoiori1
709 979 744 1044 in
761 978 919 1046 memoria
945 976 1086 1046 extanti
1110 980 1162 1048 sui
1180 996 1252 1047 ma-

117 1075 189 1144 litia
222 1075 384 1164 approbat
417 1081 451 1143 et
484 1075 663 1144 oonirmat.
714 1074 779 1156 Qui
810 1094 884 1144 oum
910 1078 1079 1164 antiquam
1104 1079 1254 1164 reginam

117 1176 253 1262 impune
293 1175 362 1241 suis
396 1175 675 1243 inoantationibus
708 1173 842 1242 iniamia
876 1172 1107 1266 denigrasset,
1140 1193 1253 1245 rursus

118 1271 302 1342 seeundum
333 1273 483 1359 reginam
517 1292 602 1343 ausu
636 1275 809 1342 temerario
837 1277 1011 1361 attemptat
1035 1275 1105 1342 suis
1131 1276 1253 1363 presti-

118 1373 184 1459 giis
217 1369 418 1439 dementare.
476 1370 579 1440 Mittit
616 1373 703 1439 enim
738 1373 769 1440 ei
802 1370 886 1441 olam
919 1371 1087 1460 quoddam
1119 1373 1255 1462 peplum
1338 1455 1341 1462 ι

117 1475 188 1538 arte
220 1471 351 1556 magiae
386 1469 552 1539 inleotnm.
603 1467 701 1551 erod
735 1489 810 1539 oum
840 1471 958 1556 regina
981 1473 1099 1540 intuita
1124 1470 1253 1562 inisset,

117 1557 203 1638 sane
220 1587 334 1637 seonm
350 1567 538 1638 deliberans
555 1573 652 1638 eaute
676 1570 732 1638 vel
757 1571 952 1682 premonita,
978 1574 1091 1658 spreto
1119 1587 1254 1638 munere

118 1673 154 1736 et
167 1665 349 1754 indignans
361 1667 457 1753 J'ubet
471 1669 649 1782 protinus
640 1687 710 1754 rgnr
719 1669 815 1736 artius
832 1669 1042 1754 conaremari3
1061 1684 1128 1736 rem
1139 1667 1256 1757 pandit

117 1767 247 1857 marito,
264 1765 399 1835 domino
416 1784 477 1836 sno
496 1769 578 1857 regi,
606 1773 640 1834 et
665 1769 796 1836 estimat
813 1784 883 1834 non
907 1765 1091 1856 oelandum,
1110 1784 1154 1834 ne
1169 1765 1254 1836 torte

116 1867 252 1934 ineante
270 1864 403 1934 detento
419 1867 552 1934 erimine
568 1871 688 1954 posset
708 1866 817 1934 labem
842 1867 1006 1934 inourrere
1032 1867 1104 1934 sive
1130 1871 1255 1936 notam.

192 1962 266 2032 Rex
288 1982 370 2032 vero
396 1971 575 2052 postquam
602 1963 749 2033 adolevit
775 1970 809 2032 et
829 1967 926 2050 juxta
944 1964 1043 2032 robur
1061 1967 1158 2032 etatis
1175 1981 1255 2052 pra·

117 2060 198 2130 feeit
222 2064 257 2130 in
282 2064 397 2153 virum,
425 2065 534 2132 animo
552 2065 737 2131 oonoitatus
755 2081 942 2131 memorans
963 2063 1049 2131 mala
1073 2065 1256 2132 novissima

118 2166 154 2229 et
186 2163 326 2248 antiqua
360 2160 403 2229 ad
434 2179 471 2230 ιι
504 2167 669 2231 eonvaoat
701 2162 930 2252 oonsiliarioS,
957 2163 1112 2230 meliores
1140 2167 1174 2230 ιι
1198 2161 1255 2248 qui

117 2266 286 2329 noverunt
310 2260 450 2350 utiliora,
479 2261 621 2330 adorsus
658 2278 737 2329 eos:
770 2260 945 2328 Decernite
973 2278 1103 2343 omnes,
1136 2261 1252 2350 inquit,

117 2360 199 2444 quid
211 2359 307 2443 faeta
330 2376 412 2444 opas
428 2361 479 2426 sit.
505 2359 555 2427 En
572 2359 629 2428 ille
644 2361 836 2427 eliminator
859 2360 948 2445 reple
972 2360 1164 2442 maiestatis,
1189 2373 1256 2426 non

115 2457 225 2525 solam
249 2461 388 2525 matrem
417 2476 537 2541 marn,
562 2475 673 2526 eonem
697 2461 730 2526 et
747 2459 922 2543 propriam
946 2459 1115 2543 eomapem
1139 2474 1256 2541 sepm-

116 2557 256 2623 stitiosis
288 2558 504 2624 incitamentis
536 2574 602 2624 non
637 2561 688 2625 est
716 2558 837 2624 venen
861 2559 1065 2641 attemptare.
1114 2556 1257 2624 Etcum

117 2673 256 2723 oausam
282 2673 377 2724 suam
403 2673 513 2724 eoram
539 2656 691 2724 omnibus
718 2653 913 2743 prudentius
937 2658 1139 2743 perorasset,
1162 2651 1257 2721 datur

119 2755 203 2822 satis
231 2752 314 2822 dura
339 2757 506 2822 sententia
532 2753 573 2821 ab
600 2753 753 2823 omnibus
780 2759 896 2822 eontra
921 2771 1006 2844 eum,
1034 2752 1129 2820 salvo
1146 2756 1256 2820 tamen

119 2870 280 2943 eorpore,
307 2853 353 2920 ita
385 2851 476 2939 quod
500 2851 585 2921 inira
610 2855 783 2921 terminum
810 2852 873 2920 sibi
899 2857 1058 2921 statutum
1082 2851 1155 2939 ipse
1182 2868 1256 2920 oum

120 2949 320 3038 quibusdam
345 2954 540 3039 propinquis
568 2956 602 3018 et
627 2953 739 3020 amieis
766 2952 855 3041 suis,
889 2950 988 3020 rebus
1022 2950 1092 3018 suis
1119 2949 1255 3018 mobili-

120 3049 183 3116 bus
211 3055 248 3118 et
271 3049 492 3119 immobilibus
517 3049 662 3119 venditis
685 3056 719 3117 et
740 3049 918 3140 distraotis,
937 3068 1076 3136 regnum
1094 3049 1256 3117 Bohemie

121 3153 245 3216 exeant
271 3149 344 3216 sine
371 3166 432 3238 spe
458 3150 661 3217 reversionis
689 3165 751 3216 seu
776 3149 883 3233 gratia
907 3147 1086 3234 redeundi;
1115 3145 1256 3234 quodsi

122 3263 191 3315 non
222 3246 339 3316 tenerit
369 3249 508 3317 termina
542 3245 700 3338 diffinito,
735 3239 911 3315 eantione²
936 3246 1039 3338 saeta,
1067 3247 1140 3314 sine
1167 3245 1257 3314 omni

122 3345 228 3430 gratia
253 3345 465 3414 absoissione
491 3347 608 3435 eapitis
635 3347 798 3434 puniatur.
824 3345 906 3415 ldeo
933 3353 966 3414 ιι
991 3348 1040 3416 ιιι
1064 3345 1137 3433 ipse
1162 3345 1257 3431 regia
1345 3346 1348 3353 '

122 3445 295 3512 maiestate
320 3450 521 3533 perurgente
542 3463 617 3513 oum
631 3443 783 3514 omnibus
800 3445 870 3512 suis
886 3445 1068 3514 attinentiis
1087 3442 1130 3513 de
1149 3459 1255 3530 regno

120 3544 209 3626 justa
234 3542 361 3610 ultione
388 3549 549 3632 perpetuo
577 3548 629 3613 est
655 3544 825 3631 expulsus.

194 3641 255 3710 lllo
282 3642 490 3730 intempore
523 3647 603 3731 post
633 3639 758 3711 obitum
783 3641 873 3727 regis
899 3641 1077 3730 Bohemie,
1110 3640 1166 3728 qui
1192 3657 1257 3708 oo-

125 3739 235 3808 oubuit
267 3741 301 3807 in
333 3741 455 3833 prelio,
478 3740 566 3809 laeta
593 3745 645 3810 ιιι
670 3739 774 3808 sames
801 3758 923 3826 magna
948 3742 982 3807 in
1009 3738 1125 3807 eadem
1153 3744 1238 3806 terra
1246 3760 1255 3826 3

125 3836 156 3903 in
181 3843 307 3906 tantum
333 3845 369 3908 ut
394 3857 451 3929 pre
478 3839 573 3909 lamis
599 3839 711 3909 inedia
736 3838 854 3907 infiniti
870 3838 1023 3908 homines
1045 3842 1257 3907 morerentur.

128 3933 191 4004 Sed
222 3954 292 4006 non
318 3942 354 4005 ut
384 3938 582 4007 estimabant
607 3957 650 4008 ιιι
675 3937 856 4028 sterilitate,
883 3938 938 4005 vel
964 3955 1005 4004 ex
1032 3935 1164 4004 detentu
1191 3954 1257 4004 an-

128 4049 231 4126 none,
265 4035 328 4104 sed
361 4053 403 4106 ex
431 4038 532 4127 plaga
563 4037 711 4129 Domini,
743 4055 867 4123 magna
891 4036 965 4102 lues
991 4035 1196 4104 mortalitatis
1222 4036 1256 4102 in

129 4134 246 4222 populo
281 4135 451 4226 seviebat,
488 4137 522 4204 in
555 4141 679 4205 tantum
711 4141 748 4204 nt
778 4137 812 4203 in
844 4135 976 4203 eivitate
1002 4134 1162 4221 Pragensi
1188 4133 1256 4202 duo

162 4261 189 4326 t)
207 4263 330 4318 ιιιιιιιιι
347 4261 387 4316 bs.
456 4261 489 4329 2]
506 4263 643 4318 mantione
661 4261 701 4317 bs.
