3028 4878
444 263 586 310 roununrrs
606 263 813 314 vroronrrnsrs.
849 268 873 333 5,
891 267 915 317 e,
1183 237 1253 306 395

115 404 195 471 lium
231 405 284 471 cst
318 403 506 489 ingressus.
548 401 650 471 Cuius
677 407 801 491 agmini
832 407 988 476 vexillum
1022 407 1072 475 vir
1101 404 1256 476 cordatus
1274 423 1340 478 1322

114 503 228 589 gentis
248 501 453 569 Franoonice
468 501 510 571 de
530 501 764 572 Sldzzelberch
781 509 939 574 strennue
961 504 1160 594 preferebat.
1188 505 1256 574 Sed
1275 507 1347 613 Ἓξ·
1406 577 1407 580 ,

113 618 183 668 non
210 600 346 668 minoris
373 599 512 670 audacie
540 602 657 690 spiritu
682 603 897 673 induvinatus
915 605 1037 673 nobilis
1057 605 1107 673 vir
1128 604 1169 672 de
1186 605 1257 673 Ge-

114 699 254 788 roltzelr‚
275 696 423 766 Alsatice
442 701 566 789 nrilitie,
593 700 751 770 Friderici
766 704 857 772 acies
873 704 987 772 vexilli
1005 705 1057 773 sui
1073 709 1257 792 progesta-

113 800 207 866 tlone
224 798 326 867 alacri
345 797 524 868 roboravit.
557 799 805 868 Vociferationc
825 809 934 871 autern
952 808 985 870 et
1001 803 1151 871 tubarum
1168 820 1256 870 ecn-

113 897 309 984 crepatione
327 905 542 986 personante,
566 899 670 985 prime
692 901 784 967 acies
807 903 1071 991 commiscentur,
1085 902 1141 970 ubi
1158 901 1257 987 signa

110 995 294 1064 Bohemica
327 995 573 1084 subprimuntur
605 995 648 1064 ad
681 1003 823 1087 tempus,
856 999 985 1068 Deinde
1020 999 1063 1068 ad
1090 999 1256 1089 quendam

112 1093 283 1163 divertunt
308 1095 532 1185 monticulum,
560 1100 593 1162 et
615 1095 717 1164 dorso
741 1098 824 1166 solis
850 1097 1133 1188 resplendentiam
1159 1099 1256 1167 cxci-

111 1195 219 1282 piunt,
247 1198 280 1261 et
307 1192 572 1264 adversariorum
593 1195 699 1264 caulis
726 1197 913 1282 ignicomus
940 1196 1053 1266 radios
1080 1198 1162 1266 solis
1188 1199 1255 1265 im-

111 1292 255 1382 mittunt,
284 1309 466 1380 eorumque
483 1295 590 1362 visum
608 1295 823 1380 restringunt.
858 1295 913 1364 Sic
928 1296 1069 1364 Hanibal
1090 1314 1165 1364 curn
1182 1295 1256 1364 Ro-

111 1392 220 1459 manis
247 1389 323 1458 olim
350 1392 508 1482 prelians,
534 1393 591 1461 ubi
618 1391 947 1482 comperitAulrdum
974 1413 1103 1463 arnnem
1129 1397 1255 1481 ingen-

110 1495 165 1556 tes
193 1507 292 1557 auras
318 1509 415 1560 manc
441 1490 592 1582 perilare,
621 1509 687 1579 que
713 1509 834 1561 arenas
862 1499 901 1560 et.
920 1493 1076 1580 pulveres
1104 1499 1254 1583 agerent,

109 1587 218 1655 aciem
256 1588 305 1656 sic
341 1588 478 1680 direxit,
513 1596 550 1658 ut
575 1596 646 1659 tota
669 1591 721 1659 vis
749 1609 769 1658 a
794 1597 890 1677 tergo
919 1592 1009 1682 suis,
1035 1589 1193 1660 Romanis
1220 1593 1256 1660 in

113 1703 175 1754 ora
201 1692 235 1754 et
260 1687 294 1754 in
321 1688 439 1756 oculos
466 1688 647 1778 incideret,
676 1705 784 1777 eaque
811 1689 853 1759 de
881 1707 984 1758 causa
1011 1693 1127 1759 stravit
1153 1708 1255 1759 exer-

110 1786 214 1853 citum
237 1783 468 1856 Romanorum.
501 1787 688 1856 Fridericus
715 1793 836 1879 autern,
862 1789 895 1856 in
922 1786 1254 1857 iratris'succursum

110 1889 145 1952 et
173 1901 308 1952 suorum
333 1885 508 1971 ingressus
534 1888 695 1977 prelium,
722 1889 819 1974 quasi
845 1887 988 1973 fulgetra
1014 1905 1079 1974 que
1106 1886 1255 1976 precedit

111 1984 293 2052 tonitruum
327 1985 418 2053 acies
446 1984 632 2075 dividebat,
661 1990 695 2054 et
720 1986 817 2054 ambo
844 1985 931 2055 adeo
957 1985 1085 2054 sortiter
1109 1987 1254 2055 dimica-

109 2082 202 2173 bant,
230 2086 268 2149 ut
281 2087 475 2151 notarentur
499 2085 618 2172 aquilis
640 2082 746 2152 luisse
772 2085 970 2176 velociores,
996 2085 1153 2154 leonibus
1179 2085 1254 2154 ior-

111 2181 227 2273 tiones,
255 2182 343 2250 sicut
369 2181 411 2251 de
437 2183 544 2270 prelio
572 2182 691 2251 dicitur
716 2183 949 2252 Troianorum:

210 2279 279 2370 „Ut
303 2280 386 2348 vidit
412 2283 526 2350 socios
553 2282 676 2351 iniesto
704 2281 824 2350 cedere
850 2282 957 2350 Marte

121 2391 124 2394 ·
235 2376 306 2447 Rex
320 2379 471 2449 Danaum
498 2380 647 2448 sublimis
676 2398 763 2466 equo
790 2381 882 2449 volat
908 2381 1041 2466 agmina
1069 2380 1203 2470 circum,

234 2476 460 2567 Hortaturque
488 2478 604 2570 duccS,
632 2479 761 2548 animos
788 2480 822 2546 in
848 2480 954 2568 prelia
978 2476 1118 2550 irmat.“

108 2575 151 2644 Et
177 2573 287 2644 addit:

210 2674 293 2766 „Sic
319 2675 409 2745 ierus
436 2672 570 2744 Atrides
597 2675 760 2744 adversus
786 2673 888 2744 lentur
913 2678 948 2744 in
974 2676 1104 2767 hosteS,
1155 2760 1157 2764 Α

122 2828 123 2832 ,
236 2772 450 2863 Inlestusque
476 2777 610 2864 Frigum
635 2774 805 2863 perturbat
832 2774 970 2864 cuspide
997 2776 1122 2844 turbas·

234 2871 347 2942 Virtus
374 2874 461 2942 clara
487 2874 581 2943 ducis
608 2875 696 2941 vires
724 2873 877 2941 accendit
901 2871 1076 2965 Achivum,

233 2971 275 3038 Et
300 2989 380 3061 spes
409 2975 540 3041 exacuit
565 2973 761 3059 languentia
787 2973 899 3040 militis
927 2971 1052 3042 arma.“

108 3067 290 3156 Postquam
307 3076 417 3139 autem
433 3071 569 3138 mirifice
588 3071 809 3161 decertarunt,
837 3090 896 3160 per
922 3071 1034 3158 iugarn
1060 3069 1251 3138 labentibus

109 3167 256 3254 Ungaris
285 3175 317 3238 et
344 3170 517 3261 Comanis,
550 3169 725 3237 Heinrious
753 3168 822 3236 dux
848 3170 882 3236 in
909 3177 1035 3238 sortem
1062 3170 1152 3255 regis
1178 3168 1252 3235 Bo-

107 3265 218 3334 hemie
238 3271 429 3356 captivatur.
457 3265 1252 3355 FridericuspostearepertusFridcricoburch-

108 3367 239 3457 gravio,
267 3366 585 3436 deindeLudevvico
611 3371 834 3455 presentatur.
870 3364 974 3447 Quem
1002 3372 1113 3435 tannen
1131 3363 1252 3432 Fride-

108 3465 198 3531 ricus
227 3467 391 3535 estimavit
417 3483 455 3534 se
478 3468 512 3534 in
535 3466 642 3555 prelio
670 3464 847 3553 occidisse,
875 3464 1042 3533 admirans
1071 3462 1162 3552 quod
1189 3480 1252 3529 su-

107 3569 274 3650 peresset.
307 3564 389 3634 Mox
404 3565 591 3634 Fridericus
618 3565 653 3631 in
678 3570 823 3631 castrurn
841 3562 1047 3652 Dornberch,
1075 3560 1197 3631 deinde
1218 3560 1252 3626 in

109 3662 365 3755 Trausennicht,
392 3663 568 3732 Heinrious
595 3662 695 3730 irater
722 3664 794 3730 eius
821 3663 854 3728 in
880 3663 1092 3752 Bohemiam,
1120 3658 1252 3728 nobiles

109 3767 143 3827 et
160 3761 281 3829 milites
301 3780 375 3830 curn
393 3763 442 3830 eis
470 3763 626 3851 captivati
645 3767 708 3828 tam
730 3760 772 3829 ad
791 3759 981 3829 Heinricum
999 3760 1127 3848 ducem,
1155 3775 1252 3844 quarn

109 3857 154 3926 ad
181 3859 317 3928 diversa
348 3861 425 3930 loca
459 3860 689 3930 miserabiliter
715 3859 923 3929 abducuntur
931 3883 940 3948 3
967 3860 1080 3948 plures
1110 3855 1152 3924 ad
1179 3854 1251 3923 dies

66 4019 68 4023 .
107 3958 298 4027 revertendi
330 3959 550 4047 dimittuntur;
585 3960 639 4027 alii
675 3960 842 4027 solutione
876 3960 974 4048 pretii
1006 3958 1061 4029 vel
1087 3954 1252 4024 beneticio

107 4075 245 4144 precum
273 4065 306 4126 et
340 4061 446 4146 gratie
480 4061 675 4127 eximuntur.
715 4057 850 4126 Gestum
877 4062 929 4127 est
954 4058 1019 4125 hoc
1044 4055 1182 4144 prelium
1208 4054 1253 4123 iv.

107 4154 176 4224 kal.
203 4157 352 4226 octobris
378 4159 412 4225 in
438 4158 541 4245 pratis
567 4152 802 4245 Aemphingen
829 4174 934 4244 prope
960 4152 1125 4242 liliildori,
1152 4152 1253 4221 terri-

107 4255 183 4324 torii
211 4255 499 4346 Salcapurgensis
536 4255 664 4325 Dicitur
682 4254 851 4324 Friderioc
870 4256 933 4325 hec
952 4254 1138 4325 adversitas
1165 4269 1253 4322 oon-
