3044 4882
257 163 328 233 312
575 192 719 240 ronrures
740 192 946 240 mosomenses.
983 189 1006 258 2,
1025 189 1049 240 t.

254 331 295 402 Et
321 332 410 400 siout
435 330 477 398 de
503 328 694 400 Alexandro
721 330 842 401 dicitur
866 335 931 400 ium
957 329 1133 400 deiunoto:

355 480 497 499 ······
523 428 653 521 „Quem
679 429 796 500 frivola
822 430 944 516 gaudie
971 428 1103 497 mundit

353 529 459 610 Quem
485 547 592 598 rerum
620 529 779 616 fugitivus
806 529 923 618 bonor,
945 547 1047 616 ,quom
1075 543 1198 596 nomen
1223 528 1342 595 inune!

352 627 499 714 Magnus
525 631 559 697 in
586 629 740 716 exemplo
767 634 820 698 est
845 629 899 696 cui
924 646 993 696 non
1020 626 1198 695 sutieoeret
1224 627 1326 716 orbis,

353 725 484 796 Sufficit
509 730 624 796 exciso
650 727 693 796 de
719 727 814 796 tosso
842 744 1002 797 marmore
1028 732 1116 794 terra

353 824 508 914 Quinque
527 826 650 916 pedum
672 826 829 896 tubrioute
850 826 981 918 domus,
1009 843 1106 913 quern
1133 822 1244 892 nobile
1271 837 1393 910 corpus
1508 901 1509 920 ἒ

354 926 486 1012 Exiguo
511 927 675 1014 requievit
699 924 823 995 humo“
847 978 856 996 .
882 979 891 994 .
918 977 926 994 .
953 976 960 994 .
1508 925 1509 948 *

256 1107 308 1176 Dc
333 1108 419 1175 ociis
443 1105 572 1189 liudolfi
606 1108 760 1191 diversis,
796 1107 964 1176 Fridcricc
993 1107 1086 1193 salso
1117 1107 1331 1193 imperatore,
1366 1103 1398 1168 ct

278 1213 280 1220 “
355 1206 445 1291 quod
468 1205 632 1291 Aeropum·
656 1224 791 1292 reperim
816 1207 925 1274 Sicilie
949 1206 1160 1276 obiecerunt.
1257 1203 1340 1286 Cep.
1367 1217 1396 1266 c.
1509 1267 1510 1298 ,

176 1326 242 1381 12⁷9
330 1317 429 1390 Anno
457 1320 581 1390 domini
609 1317 843 1391 m.oo.lxx.vii.¹
871 1342 929 1392 rex
961 1341 1118 1393 reversus
1150 1323 1182 1388 in
1215 1316 1396 1404 Austriem,
1509 1305 1510 1328 ³

183 1410 240 1450 ⁰⁰²
259 1419 402 1508 Styriom
428 1419 590 1512 lustravit,
617 1421 729 1509 ibique
757 1421 989 1491 iturintbienos
1017 1429 1050 1490 et
1067 1421 1286 1489 Curniolanos
1305 1415 1397 1483 uilo-

258 1521 377 1608 quitur.
410 1520 452 1588 Et
477 1520 636 1590 tidelitete
663 1520 704 1588 eb
733 1523 781 1590 eis
808 1529 960 1611 recepte,
995 1523 1160 1608 terrisque
1195 1534 1309 1586 eorum
1337 1531 1399 1602 per
1510 1599 1511 1608 ἵ

256 1617 487 1688 Meinburdum
515 1622 667 1689 comitem
695 1625 730 1687 et
754 1620 915 1688 officiales
942 1621 1126 1711 dispositis,
1151 1617 1296 1685 venitin
1319 1613 1399 1682 val-

257 1719 322 1786 lem
348 1714 454 1788 Anesi
481 1721 534 1788 oui
560 1719 653 1787 etiuit
679 1735 792 1787 eomes
818 1719 1036 1788 Meinburdus
1063 1718 1105 1787 de
1140 1734 1207 1804 quo
1237 1714 1398 1803 precipue

139 1845 143 1856 ·
257 1810 499 1908 presumebet2.
535 1817 651 1905 ibique
678 1817 817 1886 audiens
851 1817 950 1886 titium
987 1837 1082 1888 suum
1108 1815 1346 1883 Hertmennum
1367 1813 1401 1878 in
1511 1867 1512 1908 ,

257 1913 342 1984 lieni
380 1915 536 1985 fluctibus
572 1917 778 1986 submersum
788 1907 810 2008 ³,
854 1917 972 1987 dolens
1013 1919 1048 1984 in
1082 1917 1204 1983 luctum
1238 1910 1401 1999 goudium

260 2017 482 2084 commutavit.
524 2015 633 2102 Styriu
659 2017 757 2083 etiem
784 2013 936 2086 ordinata
961 2035 1021 2105 per
1055 2015 1209 2084 abbatem
1242 2008 1401 2079 Admon-

259 2118 400 2204 tensem,
427 2115 460 2181 in
487 2110 653 2182 Austriem
680 2120 733 2181 est
758 2131 947 2207 regressus,
974 2117 1123 2202 reginem
1141 2112 1312 2201 reperiens
1332 2108 1402 2176 de-

260 2211 370 2301 bilem,
398 2217 432 2280 et
457 2212 514 2280 teti
540 2211 656 2281 morbo
681 2211 903 2305 laborantem,
942 2217 998 2303 qui
1022 2211 1202 2281 remedium
1236 2226 1305 2277 non
1332 2207 1401 2275 bu-

261 2310 372 2380 bebet.
413 2309 484 2392 Que
512 2311 684 2400 dispositis
712 2312 883 2403 omnibuS,
919 2331 984 2401 que
1020 2313 1063 2382 ed
1097 2313 1331 2379 testamentum
1370 2310 1403 2373 et

263 2410 579 2494 ecclesiasticorum,
610 2417 889 2480 sacramentorum
932 2413 1179 2502 perceptionem
1218 2407 1401 2496 pertinent,

262 2526 389 2578 summu
422 2509 602 2580 devotione
640 2511 810 2579 terminum
849 2513 916 2578 vite
956 2503 1061 2579 teoit⁴.
1104 2508 1175 2577 Rex
1207 2521 1403 2595 quanquam
1513 2549 1514 2554 ,

261 2609 446 2677 incredibili
485 2609 610 2680 doloris
649 2609 789 2678 vulnere
828 2616 1048 2699 pungeretur,
1096 2609 1249 2694 cogitans
1287 2612 1403 2672 tomen

229 2727 232 2746 ·
263 2708 355 2795 quod
381 2726 469 2776 mors
504 2707 685 2777 secundum
720 2707 886 2777 Seneoem
919 2717 1004 2800 „est
1027 2708 1181 2777 tributum
1214 2703 1403 2774 mortalium

264 2812 298 2873 et
321 2807 378 2874 lex
403 2804 545 2875 neture“
570 2808 835 2876 consolationem
861 2811 1003 2897 recepit,
1029 2807 1190 2875 insistens
1216 2804 1312 2890 regni
1337 2819 1405 2870 ne-

264 2907 377 2994 gotiis,
404 2904 533 2973 hebens
561 2923 673 2973 secum
697 2906 895 2974 Friderieum
924 2907 1241 2995 Seterpurgensem,
1269 2903 1404 2969 Petrum

191 3075 193 3079 ,
263 3004 505 3094 Peteviensem,
531 3003 720 3074 Heinrioum
752 3005 996 3096 Tridentinum,
1030 3005 1211 3074 iohannem
1247 3001 1405 3068 Gurcen-

265 3119 346 3193 sem,
373 3101 605 3171 Berebteldum
626 3103 954 3196 Bebenbergensem,
973 3103 1184 3172 Cbunredum
1199 3101 1403 3186 Frisingeu-

265 3219 347 3290 sem,
373 3201 565 3270 Heinrioum
591 3203 810 3272 Besiliensem
837 3206 1017 3294 episcopos
1025 3226 1034 3291 3
1060 3200 1275 3271 Ludewicum
1299 3198 1405 3266 Pelu-

264 3303 367 3370 tinum
395 3306 428 3369 et
453 3297 622 3370 Aibertum
649 3301 768 3370 ducem
796 3301 952 3393 Snxonie,
987 3299 1230 3390 Meynburdum
1256 3297 1298 3366 de
1326 3297 1404 3384 Ty-

265 3399 326 3489 rol,
352 3399 587 3468 Berebteldum
613 3400 656 3468 de
682 3400 915 3492 Hebenbereb,
941 3399 1167 3470 Eberhardum
1193 3398 1236 3466 de
1252 3397 1407 3465 ttetzen-

267 3499 447 3588 etnpogen,
473 3499 515 3567 de
533 3498 645 3590 Seine,
673 3500 715 3568 de
733 3501 967 3569 Wirtenberoh
984 3501 1133 3590 comites,
1152 3500 1242 3567 viros
1261 3497 1406 3564 eximios

268 3603 300 3666 et
325 3598 518 3687 prudentes
558 3598 608 3668 Ex
634 3599 754 3686 quibus
773 3599 954 3669 Iohannem
974 3599 1177 3668 Gurcensem
1197 3597 1409 3685 episcopum,

265 3696 440 3766 Rudoltum
468 3697 699 3766 cenoellerium
727 3716 834 3787 suurn,
862 3701 1001 3768 comites
1029 3698 1070 3767 de
1098 3697 1210 3785 Seine,
1243 3693 1285 3762 de
1305 3693 1407 3760 Wir-

266 3796 425 3866 tenberoh
450 3813 524 3865 oum
552 3796 616 3864 tilie
643 3800 762 3866 suein
796 3795 949 3887 Apuliam
984 3797 1096 3866 iteroli
1130 3795 1289 3884 principi,
1316 3793 1409 3860 sieut

302 3939 332 4002 t)
351 3937 427 3993 Diese
446 3939 596 4007 zeitungabe
622 3943 655 3995 ist
672 3939 751 3996 telscb
770 3941 854 4010 gietcb
873 3941 923 3995 den
943 3945 1050 3996 meisten
1071 3943 1158 3995 dieses
1176 3938 1302 4007 capitote,
1322 3949 1406 3990 menn

266 4020 325 4060 men
344 4005 408 4060 euch
427 4007 497 4062 nicht
514 4010 628 4072 wisele,
652 4011 712 4064 dass
731 4010 777 4064 der
794 4009 925 4064 versasser
942 4025 988 4064 eus
1006 4009 1113 4064 Ottoirer
1129 4007 1244 4076 sebbpti,
1262 4019 1293 4059 so
1311 4003 1408 4059 wiirde

266 4088 325 4127 men
344 4075 424 4128 sebon
441 4075 545 4130 biereus
558 4077 702 4132 rbnebmen
717 4078 831 4138 bbnuen.
850 4079 910 4134 dess
924 4093 954 4133 er
967 4081 1047 4134 beine
1057 4077 1170 4132 annelen
1189 4089 1237 4129 vor
1253 4075 1308 4129 sieb
1322 4073 1407 4126 butte.

267 4143 298 4206 2)
309 4145 349 4195 oui
363 4171 394 4182 -
407 4144 572 4212 presumebat
585 4147 619 4200 ist
632 4147 721 4216 spiter
739 4147 944 4202 durebstrieben.
980 4147 1010 4212 3]
1030 4146 1168 4201 Hertmeuu
1186 4143 1292 4199 ertranlr
1307 4147 1360 4196 erst
1369 4143 1408 4195 iur

267 4210 324 4264 dec,
342 4209 416 4266 1281.
451 4214 484 4279 b)
504 4215 551 4268 Dte
568 4213 672 4283 bbnigin
692 4215 769 4270 Anna
787 4214 856 4270 sterb
874 4217 908 4270 im
927 4215 976 4270 teb.
995 4213 1071 4271 1281.
