3052 4878
261 163 329 236 td6
551 191 712 238 cuaourcou
733 193 771 238 ur
791 192 916 238 nucrnus
937 193 1092 240 envrnmr.

260 332 424 402 obsessus
459 331 554 399 miles
563 383 573 421 ,
601 337 712 400 castro
737 331 880 420 principi
907 332 1101 418 assignato,
1129 332 1163 399 in
1190 347 1334 420 persona
1358 334 1388 396 et

260 431 361 499 rebus
380 447 518 498 securus
532 428 648 521 esset,
676 429 784 498 donec
801 429 843 497 de
860 429 1001 498 obiectis
1020 435 1052 498 et
1069 428 1266 499 obiiciendis
1284 446 1387 498 coram

262 532 460 618 imperatore
475 535 508 596 et
521 529 594 597 aliis
608 529 810 618 principibus
834 528 1064 617 responderet.
1087 527 1186 610 Quod
1204 535 1389 596 tamennon

264 635 317 698 est
342 627 476 720 lactum,
504 630 583 715 quia
609 629 704 695 miles
729 627 899 716 predictus
927 635 1049 696 tantam
1068 630 1102 696 in
1124 626 1299 696 obsidione
1314 644 1391 714 per-

263 745 390 818 pessus
412 727 519 795 luerat
533 729 715 817 penuriam,
743 727 832 813 quod
850 734 978 815 tempus
1003 727 1168 796 modicum
1185 727 1370 814 supervixit.

179 837 248 893 136r
336 825 435 895 Anno
460 826 594 894 Domini
619 825 841 894 m.ccc.lrr.iiii.
860 828 1028 914 principes
1052 826 1255 896 obsederunt
1278 826 1393 893 civita-

263 933 327 995 tem
347 926 589 1014 archiepiscopi
607 925 877 1014 Saltzpurgensis
895 924 1052 1017 Miildorl,
1080 925 1141 994 sed
1159 927 1237 1012 quia
1251 925 1294 1014 hi,
1317 924 1392 1010 qui·
1506 969 1507 1000 2

260 1026 323 1094 bus
345 1024 531 1092 obsidionis
556 1027 727 1110 negotium
748 1030 781 1091 et
800 1027 963 1092 exercitus
982 1027 1159 1094 commissa
1171 1024 1312 1114 lucrant,
1331 1039 1390 1090 nec

261 1143 329 1194 non
355 1125 477 1191 circum
504 1123 663 1191 sedentes
687 1122 879 1213 castellani,
906 1127 1057 1211 pecuniis
1084 1125 1230 1213 corrupti
1255 1123 1391 1210 permit-

264 1224 394 1313 tebant,
422 1223 519 1310 quasi
544 1224 755 1309 ignorarent,
783 1221 903 1290 adduci
929 1223 981 1290 his
1010 1227 1065 1310 qui
1086 1223 1277 1292 incivitate
1305 1223 1396 1290 erant

260 1321 417 1390 victualia
442 1323 600 1410 copiose,
627 1339 713 1390 vane
739 1320 923 1389 laborando
949 1340 1018 1391 non
1053 1323 1220 1392 civitatem
1251 1317 1399 1390 lllirldorl
1507 1397 1508 1418 χ

261 1421 324 1489 sed
357 1426 457 1488 totam
483 1420 656 1488 Davariam
689 1424 915 1488 vastaverunt.
961 1421 1092 1491 Interea
1126 1421 1231 1489 duces
1261 1418 1394 1487 Austrie

261 1525 468 1606 congregato
496 1521 643 1588 exercitu
670 1526 829 1607 ceperunt
864 1520 1063 1610 ascendere,
1091 1521 1188 1607 quasi
1214 1517 1396 1609 predictam

263 1621 429 1689 civitatem
455 1617 497 1687 ab
524 1618 757 1687 obsidentibus
786 1617 967 1710 defensuri,
996 1621 1163 1708 principes
1191 1625 1302 1687 autem
1327 1619 1395 1685 Ba-

264 1718 368 1803 barie,
396 1717 515 1804 quibus
541 1716 703 1788 Rudollus
731 1716 799 1786 dux
823 1718 991 1806 palatinus
1017 1717 1122 1786 Rheni
1145 1724 1178 1787 et
1200 1717 1398 1807 purgravius

267 1816 309 1885 de
343 1817 520 1903 Nurnberg
552 1825 585 1886 et
619 1818 759 1885 comites
792 1815 833 1884 de
864 1817 1027 1908 Nasson,
1062 1817 1104 1886 de
1132 1815 1331 1906 Orlamund,
1358 1814 1398 1884 de

263 1914 481 2000 Swartzburg
502 1921 535 1982 et
551 1915 664 2004 plures
693 1915 749 1982 alii
763 1933 838 2002 cum
860 1918 1008 2005 copiosis
1029 1917 1230 1985 exercitibus
1253 1921 1286 1984 et
1299 1913 1401 1984 nobili

263 2014 377 2083 militia
404 2021 646 2105 succurrerunt,
675 2015 745 2081 suis
764 2014 806 2081 ab
825 2014 1001 2084 obsidione
1023 2017 1203 2106 revocatiS,
1230 2017 1315 2104 ipsis
1333 2013 1399 2082 du-

264 2112 357 2182 cibus
383 2110 518 2179 Austrie
546 2131 719 2182 occurrere
748 2118 879 2182 etcum
907 2116 955 2182 eis
981 2113 1185 2184 festinabant
1209 2114 1353 2182 letanter
1369 2116 1401 2181 et

263 2212 402 2281 viriliter
428 2213 619 2298 pugnaturi.
664 2212 796 2280 Interea
823 2212 928 2281 duces
953 2211 1087 2284 Austrie
1114 2233 1187 2282 cum
1212 2232 1315 2282 unum
1342 2231 1402 2280 ca·
1509 2209 1510 2226 ¹

265 2317 368 2380 strum
395 2305 579 2380 modicum1
599 2318 863 2401 expugnassent,
891 2319 924 2380 et
939 2313 1092 2382 audirent
1108 2314 1252 2381 barones
1270 2313 1312 2380 ab
1335 2312 1400 2380 ob-

269 2409 398 2479 sidione
431 2408 582 2479 Mitldori
607 2412 810 2500 recessisse,
838 2410 1007 2479 dixerunt:
1044 2413 1173 2496 Sufficit
1196 2409 1289 2479 nodis
1315 2409 1403 2496 quod

262 2527 328 2576 ooo
345 2515 457 2578 eostre
475 2514 665 2596 capuanum
678 2513 711 2576 et
721 2512 852 2578 civitate
865 2509 1084 2580 adelaidiooe
1100 2511 1241 2579 liberato
1256 2515 1403 2578 nostrum

266 2606 458 2676 obtinuimus
488 2613 521 2676 el
539 2609 740 2696 perfecimus
769 2611 1032 2694 prepositurae!
1060 2611 1222 2680 intentum.
1277 2609 1401 2695 Sicque

265 2707 405 2775 Babaris
426 2726 495 2776 non
517 2710 700 2796 expectatis
719 2710 753 2775 in
770 2705 937 2776 Austriam
954 2723 1032 2777 sunt
1050 2710 1188 2779 reversi.
1224 2707 1298 2789 Quo
1319 2726 1403 2797 pre·
1510 2715 1511 2734 ³

265 2805 343 2874 dicti
355 2808 524 2896 principes
537 2813 570 2874 et
584 2810 722 2875 comites
739 2805 864 2895 audito,
886 2813 919 2874 ct
935 2810 1000 2896 ipsi
1016 2808 1059 2877 ad
1069 2809 1203 2898 propria
1220 2806 1400 2897 redierunt,

265 2903 415 2973 Mdldorl
429 2906 568 2993 amplius
585 2923 654 2973 non
669 2908 913 2994 impugnantes

184 3019 250 3075 1365
340 3001 438 3071 Anno
466 3004 598 3072 Domini
618 3006 807 3072 mccclrrur.
833 3003 987 3073 dominus
1008 3005 1150 3074 Karolus
1170 3005 1351 3092 imperator
1370 3009 1404 3072 et

192 3103 244 3144 ΜΗ
267 3118 327 3168 rex
350 3101 510 3170 Bohemie
528 3105 661 3171 intravit
678 3106 800 3172 curiam
815 3101 1097 3195 Avenionensem,
1124 3104 1181 3172 ubi
1205 3109 1285 3172 tunc
1299 3102 1402 3171 sedes

267 3201 455 3286 apostolica
481 3209 560 3270 erat.
608 3201 667 3270 Cui
700 3203 854 3270 Urbanus
887 3223 975 3293 papa
1006 3206 1093 3272 inter
1128 3204 1209 3271 alias
1237 3203 1402 3270 amicitias

266 3297 330 3366 sibi
367 3304 522 3368 ostensas
556 3302 728 3369 concessit
768 3307 805 3368 ut
837 3303 1113 3391 archiepiscopus
1144 3303 1323 3387 Pragensis
1358 3302 1403 3368 sit

258 3397 452 3483 apostolice
479 3399 568 3467 sedis
595 3400 728 3486 legatus
744 3418 805 3488 per
826 3402 995 3470 subiectas
1015 3403 1078 3470 sibi
1103 3401 1271 3489 dyoceses
1291 3405 1325 3468 et
1342 3417 1404 3487 per

267 3495 354 3564 duos
381 3497 466 3565 alios
494 3500 719 3590 episcopatuS,
745 3499 903 3569 videlicet
924 3501 1244 3590 Babeupergensern
1271 3504 1305 3566 et
1329 3497 1403 3567 Ra-

267 3597 507 3684 tisponensem.

186 3715 254 3771 reos
342 3693 440 3764 Arruo
457 3695 590 3764 Domini
602 3689 832 3765 m.ccc.lx.vii.²
849 3697 1002 3766 deminus
1016 3697 1158 3767 Karalus
1173 3697 1352 3784 imperator
1371 3699 1406 3762 et

195 3799 327 3861 ¹¹*1rex
351 3794 511 3862 Bohemie
536 3800 677 3862 vocatus
704 3814 724 3862 a
750 3794 884 3864 domino
907 3796 1041 3865 Urbano
1066 3815 1155 3886 papa
1173 3795 1307 3863 intravit
1329 3794 1406 3862 lta-

268 3891 344 3961 liam
371 3912 446 3962 cum
470 3893 584 3961 militia
610 3894 769 3982 gloriosa,
796 3901 1004 3981 pugnaturus
1030 3902 1146 3965 contra
1163 3893 1406 3963 Mediolanen-

269 4009 340 4060 sem
368 3999 401 4060 et
425 3993 656 4062 Veronensam
684 3998 717 4061 et
743 3991 890 4062 lautores
923 4013 1053 4084 eorum,
1083 3997 1161 4082 quia
1186 3995 1405 4083 episcopatus

269 4095 303 4157 et
329 4108 382 4158 res
419 4110 532 4160 eorum
566 4093 731 4161 violenter
760 4093 1002 4184 possederunt,
1031 4093 1198 4163 dominum
1223 4109 1343 4181 papam
1372 4094 1408 4158 et

300 4215 332 4282 1)
349 4215 420 4269 Ried.
438 4217 526 4285 Vergl.
544 4219 639 4275 Gbron.
657 4217 750 4275 Salisb.
769 4217 835 4286 apud
852 4217 903 4271 Pez
922 4217 945 4286 1,
962 4215 1022 4272 116.
1057 4218 1087 4284 2)
1107 4217 1189 4272 Sollte
1208 4213 1276 4270 1368
1285 4214 1405 4270 lrsisscn.
