3044 4882
262 224 335 294 29i
595 249 741 296 ronnnnrs
762 245 977 294 rrcronransra.
1017 245 1039 307 r,
1059 245 1081 295 r.

262 391 453 460 Deseritis
478 386 641 472 Ottuiaeri,
667 386 707 454 de
727 386 837 473 prelio
862 384 1036 469 Meiasredi
1066 388 1099 454 et
1128 383 1253 470 lierni,
1271 387 1305 452 et
1326 383 1392 469 pai·
1503 451 1504 454 ,

359 488 498 556 drudam
523 485 746 556 incidentibus.
1244 484 1323 569 cap.
1346 483 1393 550 eii

182 611 245 666 rael
335 602 434 674 Anno
461 604 584 672 domimi
610 600 959 673 m.oe.i.xi.0ttakarus
978 601 1223 691 Margaretham
1241 600 1393 687 reginam,

264 705 341 793 quia
368 705 488 773 sterilis
521 703 646 792 iuerat,
681 701 834 790 repudiat
867 705 973 774 minus
1012 705 1099 771 iuste
1135 709 1169 772 et
1199 701 1233 769 in
1267 698 1396 767 Cremsa

263 803 362 893 loeat,
390 803 497 891 aliam,
525 803 655 870 scilieet
672 801 771 869 iniiam
789 800 991 872 Rutenorum
1013 810 1044 870 et
1061 801 1215 874 Manavia
1230 798 1392 888 prinoipis,

264 921 328 990 que
356 901 416 970 luit
442 902 509 970 iriia
535 900 600 968 ilio
626 900 706 968 Bele
739 903 842 992 regis,
877 901 1125 991 superducens,
1162 917 1260 987 quam
1295 897 1395 981 Prage

263 1007 409 1070 coronat.
468 998 662 1069 Gordrudim
697 1017 739 1067 ex
774 1000 885 1088 Styria
922 1003 956 1068 in
989 999 1124 1088 opidum
1156 997 1248 1086 quod
1281 995 1397 1064 dieitur
1504 1067 1505 1072 ,

261 1100 436 1168 leustritz
463 1117 536 1168 eum
563 1097 730 1168 dedeeore
756 1100 928 1190 relegavit,
955 1117 1021 1187 que
1046 1106 1167 1187 postea
1192 1099 1226 1164 in
1246 1095 1397 1164 Misniam

262 1198 305 1267 ad
332 1197 558 1268 Constantiam
585 1199 749 1283 migravit.
808 1199 935 1267 Ulrious
971 1198 1245 1286 archiepiscopus
1272 1214 1292 1262 a
1318 1211 1397 1281 oap-

262 1299 388 1366 tivitato
416 1301 589 1386 exemptus
617 1296 659 1365 ad
685 1299 806 1365 auriam
832 1303 998 1387 properat,
1026 1303 1059 1366 et
1081 1305 1146 1365 tam
1162 1294 1315 1364 indusias
1337 1292 1398 1361 de·

262 1396 403 1465 bitorum
430 1415 528 1484 quam
556 1397 655 1464 etiam
680 1393 873 1464 Ottalrarum
894 1395 1105 1464 defensorem
1126 1395 1270 1464 aoeiesre
1290 1395 1399 1480 impo-

263 1501 335 1564 trat
384 1494 490 1577 Quem
532 1493 601 1564 dux
633 1496 785 1562 Bawarie
825 1495 1001 1564 Hainrieus
1034 1497 1167 1563 nimium
1202 1492 1400 1561 otiendeimt

261 1593 401 1664 Multum
427 1596 525 1664 etiam
550 1601 587 1662 ut
604 1594 787 1684 Philippum
805 1613 878 1663 oum
899 1595 1046 1663 eeclesia
1063 1591 1284 1664 oonoordarot
1302 1591 1399 1660 labo·

261 1695 356 1762 ravit.
393 1694 572 1781 Ingressus
598 1700 708 1762 autem
733 1694 916 1762 Bawariam
948 1699 1086 1782 propter
1115 1710 1274 1780 aquarum
1300 1693 1400 1758 inum·-

262 1791 430 1862 dationem
456 1795 513 1861 vix
539 1793 656 1862 evasit.
695 1793 738 1860 Et
758 1792 892 1862 rediens
911 1792 1031 1882 Myloti
1057 1793 1199 1882 fratrem,
1227 1793 1305 1878 quia
1331 1791 1400 1858 eius

262 1894 439 1978 coniugem
466 1899 501 1959 ut
526 1891 691 1960 serebatur
718 1891 890 1984 dilexerat,
918 1891 1107 1983 deeoilavit,
1134 1889 1280 1960 nobilem
1297 1891 1401 1956 virum

262 1989 305 2059 de
323 1989 491 2058 Mieirsow
517 1990 673 2059 inpendio
687 1993 835 2081 peremit,
855 1998 889 2060 et
906 1993 1079 2079 tyranniee
1095 1992 1208 2060 vivere
1222 1989 1401 2057 inchoavit

335 2088 409 2157 lioo
435 2107 523 2157 anno
549 2088 755 2157 lleinlredus
781 2092 905 2159 invasit
929 2093 1159 2178 patrimonium
1184 2089 1291 2157 saneti
1306 2087 1402 2156 Patri.
1506 2087 1507 2114 ³

262 2184 368 2268 Quem
385 2205 472 2276 papa
489 2207 562 2256 oum
579 2190 726 2256 exereitu
743 2206 840 2257 eruoe
865 2193 1072 2277 signatorum
1095 2189 1264 2274 effugavit.
1302 2185 1400 2254 Anno
1506 2199 1507 2226 ¹

263 2285 386 2356 domini
418 2287 545 2356 medix
557 2289 601 2357 iii.
626 2288 781 2356 Urbanus
815 2306 903 2378 papa
935 2289 1088 2358 ilarolum
1129 2289 1283 2357 oomitem
1316 2285 1401 2353 Pro-

261 2386 371 2456 vineie
398 2385 528 2455 tratrem
555 2388 646 2473 regis
672 2387 810 2456 Franoie
844 2389 886 2457 ad
922 2405 1061 2475 regnum
1098 2386 1212 2456 Sioilie
1238 2385 1402 2454 invitarit

262 2481 360 2554 Anno
387 2485 510 2555 domini
547 2487 740 2555 monimini.
775 2486 916 2556 llarolus
951 2489 1043 2556 venit
1079 2485 1238 2575 Romam,
1266 2492 1403 2552 senator

264 2583 412 2674 efficitur,
441 2585 650 2654 aelemente
677 2587 712 2653 in
738 2603 853 2672 regem
878 2587 991 2656 Sieiiie
1017 2593 1205 2676 eoronatur,
1226 2590 1260 2652 et
1276 2581 1400 2651 deinde

181 2697 248 2752 1266
263 2685 297 2750 in
328 2681 483 2772 Apuliam
511 2687 656 2776 intrans,
683 2685 771 2754 bello
800 2688 976 2776 campestri
1011 2685 1143 2776 habito,
1178 2681 1402 2754 Meinlredum

186 2783 244 2822 aaa.
265 2790 342 2852 tune
367 2801 480 2868 regem
508 2783 621 2852 Sicilie
648 2786 717 2851 vita
742 2791 776 2852 et
801 2803 907 2871 regno
934 2787 1084 2873 privavit.
1125 2780 1246 2874 (Anno
1278 2779 1403 2851 domini

196 2835 230 2890 ²6
262 2881 443 2950 m.eo.lx.vi.
469 2881 611 2951 llarolus
640 2890 755 2952 eontra
779 2882 1000 2954 lieiniredum
1036 2903 1125 2953 arma
1159 2884 1299 2971 aooepit.
1343 2880 1402 2949 Cui

262 2979 468 3048 ileirriredus
496 2982 622 3049 ooeurit
647 2981 826 3071 dimioanS,
862 2991 894 3051 et
928 2984 1062 3052 relictus
1089 3002 1109 3051 a
1136 2983 1206 3052 suis
1233 2981 1402 3050 oooubuit.

261 3079 301 3147 Et
328 3078 468 3146 ilaroius
496 3079 642 3148 Siciliam
669 3086 702 3148 et
726 3078 878 3170 Apuliam
908 3078 1158 3174 apprehendit)

334 3177 408 3246 lioo
434 3185 580 3267 tempore
606 3180 735 3249 Uirieus
762 3180 829 3248 dux
854 3181 1023 3250 ilarintirie
1054 3181 1174 3251 obtulit
1205 3178 1402 3266 Laybaoum

262 3275 423 3362 Gregorio
449 3279 644 3370 patriarche,
672 3278 869 3348 officialibus
896 3283 995 3352 eastri
1022 3281 1172 3350 alaribus
1196 3279 1294 3348 datis.
1329 3276 1404 3345 iloo

262 3376 358 3444 etiam
385 3382 533 3464 tempore
559 3378 735 3448 Hainrieus
760 3385 795 3448 et
818 3379 1022 3450 Ludewious
1056 3379 1158 3450 duees
1191 3378 1310 3446 iratres
1336 3394 1403 3465 pa·

261 3476 444 3542 trimonium
471 3475 674 3568 diviserunt,
709 3481 754 3547 ita
786 3478 877 3565 quod
909 3479 1092 3552 Ludewioo
1126 3494 1203 3570 pars
1239 3477 1402 3568 superior,

262 3580 295 3642 et
320 3573 477 3644 Hainrioo
505 3574 640 3645 inferior
664 3570 886 3665 proveniret¹.

261 3733 314 3788 und
332 3734 356 3802 2,
374 3734 440 3801 ele)
462 3747 618 3800 genommen
643 3739 683 3791 ist.
719 3738 748 3792 in
775 3739 826 3792 rien
853 3743 934 3792 nolon
951 3735 1033 3792 tireiie
1050 3734 1092 3790 roi
1110 3734 1154 3791 dio
1171 3732 1403 3804 eatspreehenden

261 3802 354 3858 molen
375 3802 423 3858 des
440 3803 616 3859 Continuator
633 3806 736 3860 iiarlini
753 3807 845 3861 Poloui
862 3808 915 3860 mit.

296 3873 326 3937 l)
345 3871 392 3924 iiie
421 3873 532 3938 herzoge
558 3887 610 3927 von
632 3875 724 3928 Baiern
749 3875 857 3930 theilten
882 3875 924 3928 iirr
942 3874 1003 3927 land
1022 3871 1104 3926 seiron
1124 3872 1198 3925 12⁵⁵.
1232 3870 1303 3925 Beim
1323 3869 1401 3924 Con-

260 3941 372 3994 tinuntor
389 3939 493 3994 Martini
512 3939 605 3995 Potoni
623 3943 703 3996 lauret
721 3942 766 3996 dns
785 3943 861 4006 obrue
881 3943 975 4012 capitol
995 3955 1038 3994 so:

311 4009 390 4062 Anno
408 4011 529 4077 sequenti
547 4011 646 4064 seilicet
662 4026 727 4065 mee
738 4013 789 4064 ini.
809 4011 948 4065 Ottaimrus
966 4015 993 4063 im
1013 4009 1133 4062 tuniculis
1151 4011 1164 4070 t
1167 4009 1195 4070 ti
1214 4008 1358 4061 nairitatis
1375 4007 1402 4059 in

261 4075 421 4143 iniquitatem
445 4077 549 4131 trahens
573 4081 710 4148 coniugem
727 4082 870 4150 predictam
887 4080 1058 4147 Margaretam
1077 4076 1237 4146 repudiarit,
1258 4089 1308 4129 non
1330 4075 1404 4128 aliud

261 4145 285 4197 ei
304 4158 378 4211 quam
392 4145 534 4200 sterilitatis
546 4147 674 4202 delectum
690 4150 847 4218 (imputans)
863 4155 889 4202 et
900 4147 1004 4202 tandem
1014 4152 1041 4200 ut
1055 4147 1135 4200 tertam
1148 4145 1245 4212 exigui
1263 4157 1309 4214 per
1328 4144 1404 4196 toxi-

261 4225 318 4264 cum
336 4217 494 4281 procuravit.
538 4215 650 4284 Moxque
666 4217 745 4271 iniiam
767 4219 851 4285 magni
869 4218 992 4286 principis
1010 4217 1078 4282 regis
1095 4213 1271 4270 liutienorum
1289 4217 1316 4264 ei
1337 4212 1404 4265 liele

264 4282 334 4348 repis
352 4288 457 4349 neptem
474 4285 539 4338 mire
556 4284 753 4352 pulchritudinis
769 4287 796 4339 ln
813 4299 921 4340 uxorem
938 4286 1049 4354 aecepm.
