3028 4878
495 215 621 261 urcunrrt
642 214 876 260 nuasrroruusrs.
1184 186 1255 254 tte

119 350 186 417 boc
212 350 327 418 seculo
355 356 390 419 ot
405 352 439 418 in
466 350 585 420 tuturo.
612 351 761 420 Prolatus
778 367 922 437 namque
938 349 1151 419 assimulatus
1166 369 1259 420 mar·-

119 449 195 516 chio
222 449 412 518 Wolmarus
440 448 601 518 fallaciter
621 449 847 535 confingendo
866 449 1043 538 pretendit,
1072 448 1161 535 quod
1181 451 1259 536 quia

119 546 216 614 liliam
244 549 295 616 sui
322 548 488 635 quondam
515 551 623 636 patrui
648 549 848 616 marchionis
865 547 1202 632 Brandenburgensis
1225 550 1258 615 in

117 646 347 714 conthoralem
372 665 445 714 non
469 649 541 714 sinc
568 647 691 715 carnali
718 646 837 735 copula
855 664 915 736 per
933 653 1084 735 tempora
1109 645 1258 714 indebite

116 743 310 835 habuisset,
344 753 520 833 propterea
555 745 739 814 secundum
765 747 1015 813 instructionem
1042 745 1258 813 revelationis

118 841 230 911 divine
258 843 404 932 desuper
430 851 466 911 ut
492 847 613 912 asserit
639 845 701 912 sibi
719 843 816 934 lacte,
836 846 943 932 ipsam
966 850 1142 930 cognatam
1164 861 1258 928 suam

119 943 170 1009 sic
197 948 295 1010 caute
319 941 546 1030 repudiando,
574 960 634 1031 pro
660 942 801 1010 emenda
828 943 1018 1012 huiusmodi
1042 938 1181 1031 peccati
1198 959 1259 1030 per

117 1040 256 1126 triginta
290 1058 451 1109 armorum
487 1043 634 1129 spacium
667 1043 858 1130 exulasset,
891 1049 926 1110 et
951 1042 994 1111 ob
1021 1041 1085 1109 boc
1109 1057 1154 1108 cx
1180 1045 1258 1108 tuno

118 1155 157 1206 se
176 1139 281 1208 luisse
299 1147 460 1207 mortuum
481 1141 683 1230 simulasset,
712 1146 745 1209 et
764 1158 886 1228 corpus
914 1139 1084 1209 cuiusdam
1105 1139 1258 1227 hystrio-

116 1238 170 1305 nis
198 1243 276 1306 tunc
301 1236 449 1306 defuncti
479 1240 574 1326 quasi
607 1239 810 1307 marchionis
837 1246 1029 1327 protensum
1055 1237 1258 1307 inhumatum

116 1335 247 1406 luisset,
283 1336 432 1405 Tandem
459 1343 569 1404 autem
602 1337 714 1405 diviua
742 1339 883 1404 ueritate
910 1339 1044 1406 volente
1071 1335 1259 1405 huiusmodi

115 1437 310 1523 conspirata
344 1435 473 1503 salsitas
509 1442 562 1503 ost
596 1435 740 1525 detecta,
768 1441 801 1502 et
835 1437 970 1503 evanuit
1004 1434 1149 1504 marchio
1183 1435 1257 1504 talis

117 1534 225 1622 qualis
251 1536 395 1602 rusticus
422 1534 664 1602 seububulcus
690 1536 779 1601 sicut
803 1535 894 1622 prius
922 1534 1074 1624 ellectus,
1094 1532 1257 1600 Ludewi-

118 1651 180 1700 cus
207 1650 298 1719 vero,
326 1639 361 1701 ut
387 1650 487 1700 verus
514 1633 659 1700 marchio
681 1631 1018 1718 brandenburgensis
1038 1631 1196 1720 prelatus,
1224 1635 1259 1698 et

116 1749 191 1799 cum
217 1749 256 1798 ao
281 1750 341 1819 pro
369 1748 409 1798 eo
438 1749 519 1798 suus
547 1749 589 1798 ox
621 1738 715 1819 patre
741 1749 939 1821 germanus,
968 1732 1159 1798 nominatus
1184 1728 1258 1796 llo-

116 1848 234 1898 manus
262 1847 324 1897 seu
350 1829 410 1897 der
435 1827 554 1896 Romer
579 1831 612 1897 in
640 1830 860 1919 Theutonioo,
888 1831 967 1915 quia
991 1828 1094 1897 Rome
1121 1829 1256 1914 genitus

116 1936 151 1997 ct
175 1927 381 2019 baptizatus,
408 1931 580 1996 restitutus
607 1930 641 1996 in
666 1929 838 2016 pristinam
871 1929 979 2016 ipsius
1012 1927 1256 1996 marchionatus

113 2029 371 2116 possessiouem
399 2018 542 2094 existit1.

113 2206 166 2274 Dc
190 2203 407 2274 occisionibus
429 2206 628 2290 perfidorum
653 2204 837 2274 luteorum.
1357 2287 1366 2319 ι

189 2319 289 2390 Anno
321 2320 444 2388 domini
479 2320 703 2390 m.coc.xl.viii.
733 2319 851 2409 perfidi
877 2319 971 2388 Iudai
997 2322 1031 2388 in
1059 2322 1193 2389 Gallicis
1221 2327 1338 2396 atleta

114 2419 332 2488 Thcutoniois
359 2417 508 2506 partibus
536 2436 652 2509 aquas,
681 2436 723 2485 err
750 2437 885 2505 quarum
907 2418 1023 2486 usibus
1044 2419 1194 2488 homines
1222 2427 1256 2488 el

113 2521 260 2586 iumenta
294 2522 494 2607 pascuntur,
532 2515 724 2584 multimode
757 2518 963 2585 intoxioasse
999 2535 1059 2585 scu
1091 2520 1255 2606 preciosis

112 2619 255 2686 venenis
281 2615 453 2704 iniecisse,
481 2615 633 2701 aliasque
659 2615 835 2683 multifarie
870 2614 940 2682 lore
969 2614 1161 2684 Christianis
1188 2635 1256 2684 no-

113 2717 179 2784 civi
205 2715 394 2784 infamative
419 2719 452 2780 et
474 2715 663 2780 accusative
689 2714 863 2801 plurimum
891 2713 1089 2801 divulgatur.
1124 2715 1161 2782 ln
1178 2722 1254 2782 tan-

113 2820 182 2882 tum
210 2815 251 2882 ob
280 2813 346 2881 hoc
372 2819 436 2879 tam
464 2811 595 2880 nobiles
623 2830 720 2898 quem
748 2811 914 2897 ignobiles
941 2811 1018 2879 bino
1036 2818 1069 2880 et
1086 2812 1164 2880 inde
1188 2813 1257 2880 ibi-

115 2913 211 3002 dem,
239 2914 336 2980 etiam
363 2912 397 2976 in
425 2909 623 2996 quibusdam
657 2910 807 2999 partibus
838 2909 1000 2978 turmatim
1028 2917 1061 2979 et
1088 2913 1256 2980 exercitim

114 3011 332 3098 congregati,
368 3011 462 3097 ipsos
497 3009 619 3076 ludeos
648 3008 733 3076 adeo
760 3015 998 3099 persecuntur,
1027 3009 1116 3097 quod
1143 3010 1257 3078 multi-

114 3110 247 3200 pliciter
274 3109 365 3177 multi
391 3106 485 3174 Iudei
512 3106 690 3175 homicidia
719 3107 819 3175 exilia
844 3124 884 3174 ac
910 3106 1086 3195 dispendia
1111 3108 1257 3177 diversi-

116 3208 217 3276 moda
243 3211 320 3275 sunt
345 3206 509 3295 perpessi.
539 3203 666 3272 Eodem
694 3223 828 3292 quoque
850 3223 938 3272 anno
959 3213 1036 3273 sunt
1054 3208 1131 3273 anni
1155 3209 1257 3292 quin-

114 3307 279 3394 quaginta
315 3305 421 3392 elapsi
455 3302 545 3390 quod
572 3302 665 3370 Iudei
692 3305 724 3370 in
753 3302 926 3372 Germania
952 3305 1030 3372 hino
1056 3304 1133 3372 indo
1161 3323 1257 3373 oom-

112 3407 256 3473 munitor
295 3403 428 3471 mactati
464 3402 594 3469 lucrant
628 3419 690 3470 seu
723 3404 894 3491 perempti.
934 3402 989 3471 Sic
1024 3405 1123 3489 igitur
1149 3423 1257 3492 annus

116 3522 231 3572 eorum
257 3503 291 3569 in
317 3503 381 3570 bao
406 3505 501 3589 parte
527 3500 680 3587 iubilcus,
708 3519 818 3588 ymmo
843 3503 956 3568 uerius
973 3502 1173 3590 lamenteus,
1198 3521 1258 3590 per

114 3609 298 3690 temporum
325 3617 365 3668 ac
391 3605 553 3666 astrorum
580 3599 827 3666 revolucionem
856 3617 897 3666 ex
926 3599 1036 3668 diuino
1064 3598 1187 3667 iudicio
1214 3599 1257 3667 ad

95 3717 98 3723 ·
113 3699 296 3769 vindictam
313 3698 540 3766 malioositatis
557 3698 703 3785 ipsorum
718 3698 828 3778 iterari
840 3697 986 3766 retertur.
1002 3697 1107 3764 Nota:
1125 3697 1256 3766 Deinde

115 3818 191 3868 cum
217 3798 327 3866 incole
353 3794 617 3882 Herbipolenses
644 3795 767 3863 ludeos
802 3795 941 3885 ibidem,
969 3802 1103 3883 propter
1130 3802 1256 3862 reatum

112 3897 364 3966 intoxicationis
405 3893 664 3962 Christianorum
701 3912 760 3981 per
791 3893 914 3961 ludeos
947 3893 1093 3981 perfidos
1123 3893 1198 3960 lrinc
1224 3899 1258 3961 ct

112 3997 193 4064 iude
208 3993 337 4084 clleote,
365 3991 490 4060 diutius
515 3993 680 4060 sustinere
701 4011 768 4060 non
790 3997 943 4081 possent,
969 3993 1034 4081 ipsi
1055 3991 1148 4060 ludei
1166 3991 1257 4060 Her-

148 4133 180 4194 t]
199 4129 315 4184 Tandem
333 4157 364 4166 -
384 4129 473 4182 existit
490 4129 524 4180 ist
542 4128 568 4180 in
589 4127 635 4179 der
652 4127 690 4180 bs.
710 4127 756 4181 auf
770 4127 825 4181 leer
842 4125 1008 4192 gelassenem
1026 4139 1106 4192 raum,
1125 4122 1192 4180 doch
1204 4139 1256 4178 von

112 4199 308 4268 gleichzeitiger
324 4196 403 4262 band,
422 4195 622 4264 nacbgetragen.
