3096 4882
298 158 368 228 2n2
656 187 724 233 vrrs
746 186 854 232 usnour
876 187 985 242 331333
1006 187 1066 230 rur.

212 340 278 394 1333
297 345 370 395 oum
405 333 475 394 toto
510 327 657 394 exercitu
689 332 816 394 nostro.
865 326 946 393 Post
971 324 1103 411 aliquos
1130 323 1204 392 dics
1231 325 1415 394 transientes

297 427 418 495 tlnmen
443 423 517 493 Ade
544 425 671 492 reversi
699 442 814 493 sumus
841 442 901 512 per
926 425 1123 492 territorium
1147 422 1416 494 Cremonensem

296 527 460 594 civitatem
487 525 612 592 Parme.
1512 593 1513 600 ,

369 624 448 692 Post
482 624 545 692 bec
579 627 674 711 pater
704 626 818 690 noster
848 625 908 692 ivit
931 625 1118 696 Bononiam
1145 625 1187 694 ad
1212 623 1416 694 Hostiensem

295 723 495 794 cardinalem
516 724 649 790 nomine
668 720 891 814 Beltrandum,
919 725 1158 810 tunclegatum
1175 724 1315 792 3133333
1335 719 1415 788 sedis

295 824 480 911 apostolice
506 824 540 889 in
566 818 776 908 Lombardia,
803 825 860 906 qui
887 823 1090 911 temporibus
1120 824 1184 896 11113
1210 819 1348 906 regebat
1370 820 1415 885 ci·
1512 885 1513 916 ,

294 924 427 990 vitatem
453 922 703 989 Bononiensem
731 926 764 986 et
787 919 869 988 alias
890 922 1021 1012 plures,
1047 921 1204 991 videlieet
1223 921 1417 989 Plaeeooiam
1512 937 1513 962 1

293 1019 485 1089 Ravennam
512 1027 546 1088 et
579 1025 681 1087 totam
711 1017 964 1089 Romondiolam
991 1028 1025 1088 33
1048 1023 1224 1090 marchiam
1250 1017 1417 1088 Anoboni-

295 1126 414 1188 tanam.
463 1119 506 1187 Et
530 1119 683 1188 tractavit
708 1133 781 1186 eum
807 1137 868 1210 ee,
896 1119 986 1208 quod
1012 1122 1087 1208 1333
1114 1119 1349 1189 consederatus
1374 1120 1419 1184 est

294 1219 484 1306 nobiscum,
520 1223 553 1286 et
584 1215 693 1285 iactus
728 1225 780 1284 est
812 1220 964 1287 inimicus
997 1226 1186 1288 nostrorum
1213 1220 1419 1286 inimicorum.

294 1317 378 1386 Nam
395 1323 428 1385 et
444 1322 521 1384 ante
544 1322 616 1384 erat
630 1317 782 1384 inimicus
801 1317 1032 1404 gubernatoris
1052 1319 1272 1388 Ferrariensis
1294 1321 1421 1405 propter

295 1434 430 1485 oausam
457 1417 599 1484 ecclesie
627 1409 764 1483 soncte¹
792 1425 824 1484 33
851 1435 962 1507 suam,
991 1420 1048 1505 qui
1075 1437 1147 1486 cum
1173 1418 1316 1486 inimicis
1342 1431 1419 1484 con-

293 1514 462 1584 federatus
474 1520 696 1604 crat,poratus
708 1517 742 1582 in
751 1515 950 1584 adiutorium
963 1518 1048 1605 ipsis
1059 1519 1166 1606 etipsi
1182 1517 1255 1584 sibi.
1280 1515 1324 1586 Et
1339 1511 1422 1582 dedit

292 1615 393 1685 nobis
419 1614 568 1704 33313333
597 1614 775 1683 3331133113
803 1616 959 1684 auxilium
985 1619 1131 1702 gentium
1152 1615 1430 1704 etpeeuniarum,

293 1713 473 1803 posuitque
486 1713 637 1803 33313333
651 1714 785 1800 legatus
803 1716 983 1783 exereitum
999 1723 1158 1784 31333133
1177 1720 1294 1784 contra
1312 1714 1421 1782 hostes

293 1814 497 1903 temporibus
523 1813 589 1881 11113
615 1815 649 1879 13
676 1812 842 1882 suburbiis
873 1816 1015 1882 civitatis
1042 1815 1261 1884 Ferrariensis
1290 1826 1423 1901 (3333313

294 1915 492 2000 3331333333
518 1911 579 1979 1313
602 1920 724 1999 333333
749 1930 862 1982 comes
889 1913 931 1982 de
957 1910 1168 1983 Ariminiaco.

219 2046 269 2085 nn
367 2012 506 2078 Domum
523 2009 639 2078 eadem
657 2016 764 2079 estate
788 2019 867 2099 post
882 2019 1104 2102 pentecosten
1124 2013 1347 2098 congregavit
1361 2027 1420 2100 pa-

225 2099 259 2153 23
293 2114 342 2202 ter
366 2117 482 2178 noster
508 2128 663 2194 magnum
691 2114 889 2201 exercitum,
917 2117 951 2179 et
975 2114 1124 2201 premisit
1148 2129 1217 2187 Ι333
1244 2113 1276 2179 13
1307 2113 1422 2180 civita-

292 2215 358 2276 tem
386 2207 642 2276 Cremonensem
669 2207 711 2276 de
737 2209 854 2277 Parma
878 2210 962 2280 ultra
981 2210 1104 2279 Padum
1131 2229 1205 2278 eum
1232 2207 1422 2298 quingentis

292 2308 444 2399 galeatis,
472 2325 557 2395 quos
584 2308 672 2375 misit
696 2313 773 2376 ante
800 2305 1423 2399 33333331133133133313,1331331331-

290 2408 418 2476 laverat
444 2413 560 2475 contra
584 2424 648 2474 nos
676 2414 709 2474 et
735 2415 851 2475 eontra
878 2409 1044 2476 civitatem
1071 2425 1132 2477 sue
1160 2409 1321 2496 dyocesis
1345 2406 1424 2476 Cre-

291 2509 481 2596 monensiS,
509 2512 541 2574 et
569 2505 700 2574 astabat
734 2505 957 2576 deserviendo
983 2507 1202 2594 Papiensibns
1230 2514 1263 2575 et
1288 2505 1423 2577 Medio-

291 2606 496 2675 lanensibus.
536 2606 578 2673 Et
602 2623 867 2674 remanseramus
890 2607 924 2673 in
951 2604 1115 2674 Cremona
1135 2607 1191 2675 vix
1210 2624 1285 2676 cum
1308 2601 1424 2692 viginti

292 2706 444 2790 galeatis.
495 2705 589 2772 Tune
622 2711 760 2792 repente
796 2704 960 2773 lortiiicoti
987 2711 1066 2772 sunt
1089 2707 1231 2795 inimici,
1259 2711 1293 2773 et
1319 2719 1424 2790 auge-

290 2804 386 2872 batur
410 2821 566 2871 numerus
593 2803 748 2888 cottidie,
774 2796 840 2872 ita²
867 2802 959 2891 quod
984 2804 1031 2872 illr
1056 2806 1112 2891 qui
1138 2810 1234 2876 erant
1258 2810 1340 2872 ante
1367 2819 1425 2870 ca·

291 2909 392 2971 strum
411 2903 621 2968 muniverunt
637 2919 674 2968 se
691 2900 840 2992 fossatis,
867 2903 1024 2971 auxilium
1048 2908 1199 2972 nostrum
1217 2909 1424 2992 exspectan-

291 3007 355 3068 tes.
398 3001 459 3068 illo
487 3007 634 3087 tempore
662 3000 773 3068 subito
799 3000 973 3070 Mantuani
998 3008 1032 3070 et
1056 3003 1291 3072 Ferrarienscs
1320 3003 1425 3072 mise-

290 3105 367 3167 runt
392 3116 497 3167 naves
524 3116 602 3166 suas
628 3092 709 3186 3333
734 3099 857 3168 Padum
883 3107 960 3168 ante
984 3098 1189 3190 Cremonam,
1218 3108 1252 3170 et
1269 3101 1424 3173 submer-

291 3205 405 3266 semol
438 3215 555 3266 omnes
589 3215 694 3267 naves
725 3200 761 3266 in
792 3198 883 3268 Pado
918 3201 1071 3269 territorii
1097 3198 1355 3292 Cremonensis,
1381 3199 1426 3266 ila

289 3304 326 3365 ut
359 3303 454 3386 33333
485 3303 601 3366 333333
636 3315 710 3366 cum
745 3302 815 3367 tota
848 3304 950 3386 gente
983 3315 1046 3368 sua
1073 3317 1143 3368 non
1168 3305 1301 3387 poterat
1327 3297 1424 3370 nobis

289 3400 404 3466 venire
430 3399 464 3462 in
495 3397 669 3487 auxilium,
703 3415 768 3466 neo
801 3400 931 3466 mittere
962 3399 1104 3486 aliquem
1138 3400 1315 3491 nuncium,
1349 3398 1426 3486 quia

291 3513 407 3566 omnes
422 3513 527 3564 naves
552 3496 790 3566 etmoiendina
816 3498 1066 3566 submerserant
1092 3501 1126 3565 et
1152 3515 1190 3566 se
1216 3501 1425 3587 receperent.

289 3595 331 3665 Et
343 3613 407 3663 nos
425 3596 490 3683 ipsi
509 3595 688 3663 incivitate
704 3593 924 3666 Cremonensi
941 3599 1127 3666 existentes
1140 3614 1213 3666 cum
1230 3599 1277 3666 itu
1293 3596 1424 3686 paucis,

291 3712 422 3764 eremus
455 3695 489 3759 in
519 3691 713 3781 perdicione
740 3701 774 3762 et
799 3697 943 3765 civitatis
977 3702 1010 3764 ct
1035 3711 1256 3784 personarum
1287 3693 1425 3766 cottidie

290 3801 425 3882 propter
449 3791 673 3882 latitudinem,
707 3795 785 3880 quia
816 3798 933 3864 civitas
965 3795 1168 3884 temporibus
1194 3795 1260 3864 illis
1284 3799 1426 3884 propter

290 3911 428 3978 guerras
464 3897 534 3960 erat
568 3893 665 3978 quasi
694 3891 858 3966 desolata.
902 3885 1037 3962 133314
1062 3911 1215 3964 essemus
1240 3895 1275 3962 in
1300 3909 1428 3979 magno

289 3993 425 4060 tristicia
459 3991 649 4081 constituti,
685 3992 762 4078 quia
795 4010 860 4061 nec
894 3998 990 4082 pater
1022 3993 1121 4062 nobis
1146 4011 1212 4063 noc
1235 4009 1301 4062 nos
1328 3993 1426 4082 patri,

287 4142 351 4262 aar?
361 4147 462 4262 hssrrncte
479 4140 543 4196 ieblt
559 4140 602 4198 bei
619 4141 695 4198 11313.
740 4142 1077 4208 2)133131313131133133.
1127 4143 1160 4210 3)
1178 4145 1205 4198 io
1223 4143 1262 4199 bs.
1311 4145 1428 4214 1)(3313
