3044 4882
474 283 616 329 ronnuurs
637 279 841 328 urcronrunsrs.
876 279 901 343 3,
917 281 941 330 u,
1211 251 1276 321 3bl

222 419 297 488 lloc
323 425 471 509 tempore
503 438 562 488 ren
593 415 749 488 Albertus
776 427 809 488 et
839 439 898 490 rex
923 420 1059 488 Francie
1084 418 1119 485 in
1147 419 1282 486 civitate
1299 428 1366 483 1299

149 518 298 586 Tullensi
324 518 525 606 colloquium
549 516 746 610 habuerunt,
773 525 807 587 et
833 518 1027 588 tractatibus
1041 516 1190 606 pluribus
1218 516 1282 584 ba·
1301 513 1359 552 ⁰¹⁶⁰·

148 616 226 685 bitis
246 616 288 685 de
310 635 413 685 causa
427 615 677 684 Flandrensium
693 622 727 685 at
744 616 896 709 diversis,
912 620 998 686 inter
1013 616 1080 684 alia
1099 614 1141 684 de
1160 617 1283 704 nuptiis

147 715 326 783 liberorum
341 730 476 780 suorum
498 720 628 801 paetum
655 715 839 787 roboratur.
872 717 932 786 Cui
957 715 1126 802 colloquio
1153 714 1284 782 Treve-

148 810 258 877 rensis
284 810 539 902 Bohcmundus,
573 812 793 899 Moguntinus
829 814 1043 901 Gebhardus,
1072 811 1284 881 Coloniensis

147 907 371 976 Wilreboldus
403 910 659 1002 archiepiscopi,
687 930 759 981 cum
786 916 942 1001 preclaris
972 911 1167 982 Alemannie
1193 913 1284 994 viria,

148 1007 358 1094 magnatibus
383 1012 417 1074 et
433 1009 600 1078 nobilibus
624 1013 816 1103 innumeris,
841 1014 1014 1082 alluerant.
1040 1009 1169 1079 Obtulit
1186 1013 1284 1080 etiarn

147 1123 207 1174 rex
232 1102 387 1174 Albertus
421 1107 495 1192 regi
519 1107 717 1177 Francorum
749 1110 969 1181 ducentorum
994 1127 1112 1181 canum
1140 1111 1284 1178 eximio-

146 1223 217 1273 rum
235 1221 354 1272 munus
373 1203 415 1272 ad
432 1210 588 1274 venatum
611 1224 684 1275 cum
702 1210 976 1298 instructoribus,
1003 1210 1058 1277 ille
1084 1208 1283 1299 dextrarios,

147 1309 180 1370 et
206 1303 271 1371 alia
298 1303 387 1372 dona
413 1303 533 1372 obtulit
557 1307 717 1392 pretiosa.
748 1307 828 1374 Post
845 1311 907 1377 beo
926 1310 1013 1378 misit
1031 1326 1090 1376 rex
1107 1306 1151 1375 ad
1169 1325 1284 1392 regem

145 1402 283 1469 Francia
318 1419 379 1491 pro
412 1401 478 1471 lilia
503 1421 565 1471 sua
590 1404 718 1472 Blanlra
742 1403 885 1474 Rudollu
910 1409 1134 1495 primogenito
1161 1423 1223 1474 suo
1249 1407 1284 1474 in

145 1518 292 1570 uxorem.
331 1497 404 1581 Quo
429 1501 466 1569 in
489 1497 656 1570 Austriam
683 1503 831 1588 gloriose
858 1504 1052 1573 transducta
1077 1504 1170 1570 brevi
1196 1511 1284 1572 tem-

144 1617 225 1688 pore
253 1599 458 1692 supervixit,
486 1607 520 1668 et
546 1603 619 1669 sinc
645 1602 739 1690 prole
766 1600 935 1671 detodoris
962 1605 995 1671 in
1024 1602 1169 1669 Wienna
1186 1603 1284 1690 apud

143 1697 294 1766 Minores
321 1697 439 1766 iratres
465 1703 609 1769 cernitur
634 1700 805 1769 tumulata.
838 1702 1060 1788 mogontinus
1077 1699 1190 1788 presul
1210 1718 1284 1766 oum

144 1814 225 1883 roge
249 1795 385 1865 labores
412 1797 544 1867 habitos
571 1805 604 1866 et
630 1817 799 1886 expensas
821 1803 1077 1889 quingentarum
1103 1815 1284 1867 marcarum

143 1897 274 1981 argenti
300 1913 460 1964 summam
486 1898 581 1984 petiit
606 1902 792 1966 restaurari.
824 1898 916 1987 Rege
940 1917 1008 1968 non
1029 1898 1173 1966 habente
1193 1896 1284 1984 quod

144 1999 372 2082 tampromptc
389 1993 554 2086 redderet,
582 1996 644 2064 scd
659 2000 824 2085 promissa
841 1996 995 2068 solvendi
1017 1989 1173 2084 laciens¹,
1196 2013 1284 2083 pon-

143 2091 225 2161 tiiex
249 2092 458 2181 indignatum
486 2112 623 2163 cornum
656 2113 779 2182 gerens
809 2099 1017 2186 vuilelmum,
1046 2104 1079 2164 et
1104 2094 1284 2182 capsellam

144 2209 244 2278 quam
276 2193 311 2259 in
336 2191 441 2260 latere
468 2191 642 2262 datarabat
666 2197 876 2286 percutiens,
910 2195 1030 2263 maltos
1053 2196 1087 2261 tn
1112 2212 1154 2260 eo
1178 2210 1283 2278 repes,

143 2291 298 2380 asseruit,
325 2293 494 2359 contineat.
530 2292 572 2360 Et
597 2293 839 2362 Treverenscm
865 2300 900 2362 et
926 2293 1161 2362 Colonienscm
1188 2293 1284 2379 epis-

144 2406 260 2478 copos,
287 2393 321 2457 ct
337 2388 513 2458 lludollum
530 2390 714 2460 Palatinum
733 2394 972 2481 circumagitat,
1000 2397 1038 2460 ut
1062 2407 1178 2458 secum
1196 2408 1283 2458 con-

144 2489 360 2576 spirationem
386 2487 535 2558 lucerent
560 2497 675 2559 contra
702 2508 826 2577 regem.
861 2488 889 2558 Ο
918 2509 1015 2578 quam
1042 2487 1144 2574 digne
1171 2489 1284 2557 versi-

141 2585 205 2654 bus
231 2586 337 2655 Persii
363 2587 495 2656 videtur
521 2587 575 2657 blo
599 2588 751 2677 pontiiex
777 2588 966 2658 leniendus:

239 2685 454 2776 „Pelliculam
472 2692 619 2756 veterem
634 2690 783 2756 retinens
799 2689 863 2756 sub
880 2687 988 2756 ironte
1001 2686 1138 2776 politus,

262 2781 415 2853 Astutam
437 2783 553 2873 rapido
571 2788 720 2854 retinens
748 2787 810 2855 sub
826 2793 963 2876 pectore
980 2780 1148 2873 vulpem.“

214 2881 290 2951 Hoc
315 2901 404 2952 anno
420 2884 509 2971 apud
526 2884 722 2953 Nomberch
744 2891 849 2954 ortum
870 2885 1002 2976 babuit,
1034 2883 1125 2971 quod
1147 2881 1281 2970 quidam

143 2975 267 3049 nobilis
288 2980 395 3050 dictus
412 3000 471 3050 rex
487 2980 690 3074 llintlleisch,
718 2985 792 3053 zelo
819 2984 896 3052 fidei
923 2999 1122 3072 succensus,
1146 2981 1280 3069 publice

143 3079 297 3148 clamavit
329 3083 499 3148 accinctus
533 3082 647 3169 gladio
682 3099 783 3172 super
809 3082 932 3152 lemur:
965 3081 1053 3173 „Qui
1079 3081 1202 3150 domini
1229 3085 1282 3148 est

142 3177 298 3264 iungatur
323 3176 446 3247 mihi!“
471 3180 512 3248 Et
540 3198 746 3269 componens
773 3183 951 3250 exercitum
976 3181 1106 3248 infinite
1132 3178 1280 3246 multitu*

142 3275 230 3344 dinis
263 3278 519 3365 circumquaque
552 3297 611 3368 per
637 3281 789 3348 civitates
816 3279 967 3366 singulas
994 3277 1118 3347 ludens
1145 3277 1280 3345 diverso

142 3392 268 3460 genere
295 3378 447 3445 mortium
474 3377 659 3467 trucidavit,
685 3380 732 3446 ita
756 3385 794 3446 ut
819 3397 840 3446 a
865 3384 1013 3466 tempore
1040 3378 1104 3444 Titi
1132 3381 1166 3444 et
1191 3375 1280 3444 Vos-

140 3475 269 3562 pusiani
284 3480 409 3544 tantam
427 3475 556 3544 cladem
572 3476 663 3544 nullo
682 3483 831 3565 tempore
851 3478 918 3545 sint
936 3477 1074 3563 experti.
1099 3476 1141 3542 Et
1158 3472 1279 3560 digne:

141 3574 218 3659 quia
243 3590 365 3662 corpus
392 3573 518 3642 domini
544 3576 642 3664 impie
659 3580 692 3642 et
708 3574 912 3664 indecenter,
940 3573 1031 3662 quod
1057 3572 1279 3641 abominabile

140 3677 198 3739 ast⁴
217 3671 340 3762 dicere,
367 3677 601 3766 tractaverunt,
628 3675 716 3742 sicut
740 3677 772 3742 in
800 3674 966 3743 miraculis
992 3669 1278 3759 consequentibus

141 3775 194 3836 est
219 3776 433 3860 compertum.

211 3865 310 3938 Anno
337 3868 461 3938 domini
489 3871 622 3938 m.ccc.i.
644 3869 838 3940 Bonilacius
865 3890 953 3960 papa
982 3870 1124 3939 instituit
1156 3884 1277 3935 annum
1298 3887 1361 3940 ralla

140 3966 305 4057 iubilaum,
332 3970 388 4056 qui
415 3985 523 4036 annus
549 3969 642 4037 iuxta
663 3972 788 4039 veteris
811 3973 893 4039 ritus
919 3969 1054 4038 decreta
1079 3969 1112 4036 in
1138 3966 1280 4053 septima

144 4063 351 4136 bebdomada
386 4085 548 4136 annorum
582 4084 643 4155 pro
677 4069 829 4138 libertate
856 4076 890 4138 et
916 4070 1047 4157 quicto,
1073 4083 1133 4155 pro
1159 4081 1278 4133 rever-

142 4163 233 4232 sione
258 4165 401 4256 exulum,
419 4167 672 4254 recuperatione
691 4168 884 4238 hereditatis
904 4175 938 4236 at
955 4167 1153 4236 remissione
1170 4162 1279 4232 lucrat

174 4280 203 4347 l)
221 4280 333 4338 iaciente
351 4283 428 4340 sollte
446 4297 476 4339 es
493 4283 607 4339 beissen.
