3044 4882
469 211 614 258 ronrurrns
634 211 843 258 ncrournrrsrs.
878 213 904 276 t,
922 210 946 263 2.
1199 183 1270 254 363

136 354 317 440 putaretur,
345 348 425 418 licet
441 349 739 420 circumduceretur
755 356 791 418 ut
811 353 907 422 vivus
928 354 970 421 ab
992 350 1145 422 crucibus
1170 349 1271 420 uide-

132 456 232 538 retur,
260 467 386 518 euneos
410 448 581 538 disiungit,
609 453 642 516 et
660 447 780 517 debilis
802 455 835 518 in
854 449 1024 521 Austriam
1043 457 1095 520 est
1112 450 1271 539 perlatus.

203 548 372 637 Mittitque
390 548 432 617 ad
452 549 643 616 Heinricum
664 550 862 618 avunculum
891 570 987 621 suum
1013 553 1048 619 in
1066 551 1269 640 Bohemiam,

129 646 283 717 indicans
317 666 355 716 se
384 665 446 716 sue
473 649 613 716 amicitie
647 647 735 716 velle
770 666 843 718 oum
870 649 1024 720 iratribus
1051 647 1269 740 conformare,

129 749 223 816 etin
250 749 506 817 conventionem
542 747 636 836 pacis
668 755 827 834 perpetue
854 755 1053 840 convenire,
1081 754 1115 818 et
1140 748 1269 818 ablatas

128 851 234 914 terras
269 849 444 916 restituere
484 865 545 935 per
578 847 814 916 convenientia
849 848 1030 917 dictamina
1062 849 1269 938 placitorum.

127 943 258 1026 Quibus
294 948 372 1035 qnia
397 946 573 1014 Hciuricus
605 947 638 1014 in
664 945 825 1016 Bohemia
849 955 1051 1036 angustatus
1076 965 1144 1016 non
1168 947 1270 1016 valuit

126 1045 313 1136 interesse,
341 1044 419 1114 Otto
447 1045 515 1114 dux
541 1044 643 1114 irater
671 1047 743 1113 eius
769 1047 863 1116 venit
888 1047 930 1116 dc
957 1048 1105 1136 partibus
1131 1043 1268 1116 Athesis

124 1145 160 1212 in
187 1144 362 1214 Villacum.
397 1145 460 1214 Ubi
486 1144 528 1214 de
556 1162 693 1234 summa,
722 1162 819 1232 quam
843 1146 1143 1237 snperCarniolam
1162 1145 1267 1214 doces

124 1241 297 1313 Kerinthie
318 1245 512 1335 habuerant,
540 1246 659 1332 regina
677 1251 780 1314 matre
796 1245 917 1315 ducum
935 1243 1070 1315 Austrie
1092 1252 1126 1314 et
1150 1263 1267 1314 sorore

125 1341 247 1411 ducum
269 1343 437 1412 Karinthie
463 1351 599 1434 agente,
628 1348 754 1413 tantum
773 1346 881 1414 extitit
899 1343 1109 1436 catalectum,
1135 1353 1172 1414 ut
1188 1351 1267 1413 tan-

124 1448 194 1510 turn
224 1460 285 1511 sex
308 1443 451 1512 millibus
469 1462 649 1512 marcarum
668 1451 760 1512 esset
779 1463 799 1512 a
818 1443 959 1513 ducibus
974 1445 1159 1514 eximenda.
1187 1445 1268 1512 Tam

122 1540 190 1610 hiis
209 1560 307 1629 quarn
331 1543 404 1610 aliis
424 1544 619 1612 tractatibus
635 1542 770 1631 habitin,
798 1549 832 1610 et
850 1545 1133 1612 reconciliationis
1154 1541 1267 1612 federe

123 1647 227 1729 atque
261 1648 377 1711 eterna
412 1643 557 1711 amicitia
592 1642 717 1711 tirmata
751 1643 836 1711 inter
862 1661 942 1732 eos,
968 1641 1139 1710 Kariathia
1165 1645 1266 1730 atque

123 1739 276 1808 Carniolo
292 1740 335 1810 ad
350 1742 509 1830 pristinos
525 1741 696 1810 redierunt
712 1758 942 1829 possessores.
972 1739 1177 1810 officialibus
1193 1738 1266 1810 Arr-

123 1839 284 1908 straiibus
317 1840 360 1908 ad
395 1859 457 1908 sua
488 1841 566 1910 loco
601 1840 837 1932 redeuntibus,
865 1848 950 1910 terre
987 1843 1074 1910 sicut
1103 1842 1196 1929 prius
1223 1839 1268 1910 ad

123 1938 245 2008 ducum
270 1939 441 2008 Karinthie
467 1939 712 2030 providentiam
738 1940 940 2010 ordinantur.
975 1940 1052 2008 Dux
1077 1942 1175 2008 etiam
1191 1940 1266 2008 Fri-

122 2037 256 2108 doricus
284 2039 351 2108 alto
376 2041 475 2108 traxit
500 2040 654 2130 suspiria,
682 2041 795 2109 sciens
822 2040 1022 2108 avunorrtum
1048 2041 1081 2108 in
1106 2039 1267 2109 Bohcmia

121 2137 299 2228 turbatum,
328 2137 418 2227 quod
444 2141 475 2207 ei
502 2155 698 2208 succurrere
726 2157 795 2209 non
820 2139 957 2208 valebat
981 2145 1116 2228 propter
1140 2138 1267 2208 Roma-

118 2240 444 2327 norumprinoipem,
472 2256 568 2326 quem
587 2238 732 2307 timebat.
764 2239 833 2308 Sed
858 2256 922 2308 nec
944 2241 1122 2307 amicorum
1143 2238 1265 2325 aliquis

121 2339 300 2425 quicquam
326 2337 369 2405 ad
390 2338 453 2406 hec
471 2336 581 2406 iacere
603 2338 826 2428 presumebat,
853 2355 917 2405 nec
934 2336 977 2406 de
999 2339 1069 2406 suis
1088 2339 1266 2426 quisquam

121 2437 366 2505 amminiculum
394 2440 622 2526 erriuscunque
650 2437 822 2505 solanrinis
847 2436 1019 2506 offerebat.
1054 2435 1115 2505 Cui
1140 2436 1264 2505 viden-

120 2544 173 2607 tur
199 2541 390 2625 competere
416 2554 536 2605 versus
564 2534 684 2624 Ovidii,
712 2537 769 2622 qui
796 2537 891 2604 dicit:

218 2635 326 2726 „Cum
351 2634 453 2704 iueris
482 2634 571 2724 felix,
598 2636 721 2704 multos
747 2634 935 2705 numerabis
962 2634 1106 2720 amicos;

269 2736 436 2824 Tempora
460 2753 534 2804 oum
559 2733 681 2803 inerint
707 2735 832 2826 nubila,
860 2733 954 2803 solus
981 2728 1082 2801 eris.“

119 2917 171 2985 De
201 2917 394 3002 echolsione
420 2916 565 2984 Hciurici
600 2917 693 2985 dotis
727 2916 768 2986 do
794 2933 912 3002 regno,
938 2921 971 2983 et
991 2914 1178 2998 firmatione
1204 2912 1263 2980 Io-

217 3015 336 3084 tunna
358 3017 419 3098 filit
443 3017 532 3102 regia
556 3016 591 3082 io
616 3034 665 3084 eo.
1111 3014 1192 3100 Cep.
1218 3013 1263 3080 tii.

174 3128 274 3200 Anno
294 3130 419 3200 domini
437 3129 631 3220 supradicto
649 3130 778 3198 seilicet
794 3130 952 3198 mcccix.
970 3148 1029 3198 rex
1048 3129 1147 3198 hbum
1165 3148 1261 3198 suum
1280 3142 1347 3196 1310

116 3231 151 3297 in
176 3230 371 3299 Bohemiam
398 3250 471 3300 curn
498 3233 603 3319 copiis
631 3230 750 3317 dirigit,
778 3233 812 3296 et
837 3245 911 3296 eum
937 3247 979 3297 eo
1004 3229 1135 3297 Petrum
1162 3231 1257 3316 epis-

118 3347 240 3419 copum
264 3329 510 3420 Moguntinum,
536 3327 713 3399 Rudolium
738 3327 933 3416 Palatinum,
961 3329 1114 3396 comitem
1134 3327 1176 3396 dc
1197 3325 1260 3395 Ot-

117 3431 245 3519 tingon,
272 3429 470 3499 Friderioum
497 3429 539 3500 de
565 3427 760 3498 Nornbereh
786 3425 1053 3516 purchgravium,
1081 3426 1183 3495 hlium
1208 3427 1259 3496 eis

116 3527 260 3598 fideliter
284 3528 570 3598 recommendans.
604 3527 679 3610 Quo
700 3532 870 3614 comperto
889 3526 1065 3594 Heinricus
1092 3525 1260 3594 marchio-

115 3646 191 3696 nem
210 3629 426 3719 Misncnsem,
454 3629 581 3698 sororis
601 3645 662 3697 sue
681 3626 793 3714 hlium,
816 3624 968 3695 advocat.
1003 3624 1066 3707 Qui
1083 3643 1156 3694 oum
1174 3641 1258 3692 sen-

115 3730 223 3796 oentis
249 3730 382 3796 armatis
408 3730 568 3818 verrienS,
595 3745 664 3797 non
690 3723 856 3794 modicum
883 3743 956 3793 cum
985 3725 1049 3793 hiis
1083 3741 1169 3812 qnos
1195 3723 1258 3791 ha-

115 3825 185 3894 buit
210 3825 388 3896 Heinricus
414 3827 627 3897 adversarios
655 3825 809 3914 terrebat,
837 3829 871 3890 ct
889 3845 910 3895 a
927 3826 1095 3893 civitatum
1121 3824 1258 3891 introitu

115 3926 325 3995 cohercebat.
344 3927 382 3996 In
397 3927 586 3995 civitatibus
601 3931 711 3994 autem
729 3927 875 3992 scissura
893 3941 933 3992 ae
946 3922 1158 4004 diversitates
1175 3940 1259 4012 par-

116 4027 196 4093 tium
223 4031 302 4094 sunt
326 4033 467 4115 reperte.
498 4026 614 4095 Presul
640 4030 751 4095 autem
773 4023 993 4108 Mogontinus
1021 4029 1156 4108 treugas
1183 4025 1259 4090 sta-

115 4126 188 4215 tuit,
214 4126 248 4194 in
275 4126 397 4213 quibus
423 4126 614 4212 Pragenses
639 4124 782 4194 Iohanni
806 4126 920 4210 portas
947 4123 1100 4211 aperiunt
1119 4127 1153 4190 et
1178 4138 1259 4188 sus-

116 4225 244 4312 cipiunt
274 4242 397 4295 novum
432 4243 555 4311 regem.
599 4223 750 4294 biarchio
785 4237 927 4291 cernens
960 4221 1141 4290 invaluisse
1169 4221 1259 4307 regis
