3044 4882
463 237 607 286 rounnnns
628 237 838 288 mosomensis.
873 238 896 302 3,
915 241 937 294 ρ,
1199 207 1269 282 333

137 379 220 444 inter
245 391 315 444 eos.
342 374 441 456 Quod
467 375 543 444 dum
570 377 765 445 Cbunradus
794 379 1065 468 archiepiscopus
1088 385 1121 445 ct
1144 377 1272 450 Utrirus

137 492 250 544 eomes
269 473 311 542 de
326 474 573 544 chnenburcb
599 478 852 568 cognovissent,
879 479 941 546 rati
966 484 1095 568 tempus
1120 477 1272 546 illuxisse

137 591 204 662 quo
230 575 262 643 in
280 573 451 644 Karintbia
475 579 576 662 utque
602 576 636 642 in
653 574 773 663 Styria,
799 577 912 664 presul
937 594 997 666 pro
1024 577 1180 667 ecclesia,
1208 594 1273 646 oo-

136 691 208 742 mes
234 690 294 762 pro
320 674 391 742 iure
408 675 574 742 consortis
602 691 674 764 suc,
702 674 826 761 aliquid
853 675 1127 765 apprehenderet,
1154 674 1197 743 ad
1215 677 1273 744 in·

134 774 242 842 vicem
265 778 470 861 conponunt
502 773 604 841 Filius
628 772 723 840 ducis
740 772 926 843 Meinbardi
942 775 1146 843 Ludewicus
1167 775 1201 842 in
1219 776 1273 844 ci-

134 873 238 940 uitate
274 873 380 940 sancti
412 870 479 940 Viti
513 890 574 960 pro
607 877 685 939 tune
712 873 828 963 irrorat,
857 879 890 941 ot
915 881 1002 942 terre
1029 875 1273 963 capitaneatum

134 971 242 1038 Fritzo
277 969 320 1039 de
345 970 591 1039 Hennenberob
619 973 667 1038 vir
692 971 813 1040 nobilis
849 974 1067 1059 gubernabat
1103 972 1166 1040 Hic
1199 989 1272 1040 cum

134 1068 294 1159 predictis
329 1071 584 1139 conventionem
613 1069 708 1160 lecit,
738 1076 774 1138 ut
800 1077 834 1138 et
858 1074 1012 1161 princeps
1040 1077 1214 1160 caperetur
1240 1075 1274 1140 et

137 1170 267 1238 civitas.
304 1167 459 1238 Sullossa
476 1175 528 1238 est
546 1175 655 1237 autem
679 1170 713 1236 in
731 1187 798 1238 nna
816 1174 1052 1262 partcoivitaS,
1070 1177 1104 1240 et
1116 1172 1273 1261 princeps

134 1275 280 1337 armatus
301 1268 535 1359 progrediens,
552 1275 710 1337 strennue
725 1269 880 1360 prelians,
903 1272 1113 1341 intromissus
1132 1269 1272 1358 capitur,

136 1367 240 1436 etad
267 1369 481 1436 munitionem
507 1368 670 1458 presulis,
704 1385 769 1455 que
795 1368 945 1438 Werven
972 1370 1104 1460 dieitur,
1132 1369 1273 1459 ducitur,

132 1468 277 1556 positam
302 1467 336 1535 in
362 1467 539 1536 montanis.
573 1465 791 1535 Meinbardus
812 1473 921 1536 autom
948 1477 1043 1557 pater
1069 1470 1156 1557 eapti
1182 1469 1274 1536 venit

132 1565 350 1653 Karintbiarn‚
376 1566 528 1634 Fritzone
550 1583 609 1634 reo
631 1565 767 1636 sceleris
793 1565 942 1653 fugiente
965 1574 1132 1657 etpostea
1152 1567 1271 1635 misere

132 1666 269 1734 vivente
289 1683 330 1733 ac
346 1665 381 1732 in
398 1665 498 1734 exilio
517 1664 738 1734 miserabilius
766 1667 938 1758 moriente,
965 1667 1050 1736 alios
1077 1667 1156 1736 lacti
1177 1683 1271 1734 com-

133 1765 261 1853 plices,
288 1764 436 1852 privatos
471 1765 542 1832 suis
577 1762 686 1832 iendis
714 1770 748 1832 ct
779 1766 1074 1856 possessionibus
1103 1763 1272 1834 collicidio

132 1865 301 1952 penisque
317 1864 524 1949 gravissimis
543 1865 763 1932 tormentavit.
780 1863 1087 1934 commendatorem
1109 1863 1151 1932 de
1168 1862 1273 1953 Pulst,

135 1963 263 2032 ordinis
295 1963 402 2032 sancti
428 1961 609 2047 lobannis,
636 1979 696 2050 per
729 1964 824 2032 cuius
849 1963 980 2033 domum
1002 1965 1084 2033 muri
1112 1961 1272 2032 sudossio

135 2061 225 2130 lacta
251 2067 318 2150 est,
344 2060 483 2147 ligatum
517 2060 561 2129 ad
596 2060 735 2130 caudam
771 2063 867 2153 equi,
895 2069 1033 2132 tractum
1059 2081 1119 2152 per
1143 2061 1274 2151 plateas

136 2161 240 2250 opidi,
263 2165 368 2230 morte
387 2159 532 2228 horribili
558 2161 732 2230 interemit.
766 2158 862 2231 Alios
889 2164 994 2230 ceiam
1014 2161 1177 2250 quosdam
1199 2162 1274 2230 vias

133 2261 287 2348 publicas
314 2257 551 2349 depredantes,
578 2265 665 2326 terre
691 2275 807 2349 paoem
836 2261 1018 2352 turbantes,
1045 2261 1097 2329 vel
1125 2261 1273 2348 ignomi-

134 2361 233 2428 niosa
247 2364 352 2428 morte
361 2352 383 2449 1,
403 2358 571 2427 ablatione
585 2376 705 2448 rerum,
732 2365 767 2426 ct
782 2360 899 2427 iurium
913 2352 1071 2428 suorum²
1096 2359 1274 2428 districtis·

132 2460 216 2527 sime
232 2459 418 2544 castigavit.
446 2457 700 2544 consequenter
717 2458 969 2527 marscalcatum
990 2465 1087 2548 terro,
1105 2457 1273 2528 nobilibus

133 2557 178 2626 de
193 2557 410 2646 Cbarslpercb
427 2575 499 2626 cum
513 2564 624 2626 castro
638 2556 873 2646 abiudicatum,
889 2556 931 2625 dc
945 2554 1129 2626 Ovenstain
1156 2555 1274 2625 Chun-

134 2656 235 2725 radus
263 2657 423 2748 suscepit,
450 2661 484 2724 et
508 2657 542 2723 in
570 2656 656 2724 lilios
683 2655 883 2724 hereditario
910 2657 980 2725 iure
1007 2655 1109 2724 duxit.

208 2752 354 2824 Adollus
373 2763 410 2823 ut
428 2773 465 2823 se
490 2756 524 2823 in
542 2771 650 2840 regno
664 2755 837 2824 roboraret
856 2755 955 2824 ilium
972 2773 1074 2824 unum
1094 2753 1158 2822 ilia
1180 2753 1273 2839 regis

132 2854 295 2924 Bohemie
329 2855 517 2945 copulavit,
552 2855 609 2940 qui
632 2861 808 2942 antequam
837 2855 1055 2940 iungerentur
1082 2853 1274 2922 moriuntur.

132 2949 282 3022 Alterum
309 2952 408 3022 illium
436 2952 502 3022 filie
528 2951 675 3022 Heinrici
701 2953 912 3042 purchgram'i
939 2954 980 3022 de
1007 2953 1183 3039 Ndrnberg
1210 2967 1273 3022 so-

134 3054 245 3122 ciavit
279 3053 393 3122 liliam
419 3050 560 3122 lludollo
587 3052 735 3122 Palatino
756 3048 914 3141 ‘ducique
939 3054 1093 3122 Bawarie
1128 3051 1273 3141 tradidit,

134 3158 170 3221 et
195 3152 259 3221 sibi
284 3169 353 3220 non
379 3151 543 3222 modicum
569 3151 670 3220 robur
696 3153 838 3220 amicitie
865 3154 1077 3240 comparavit.

208 3251 314 3322 Primo
338 3268 426 3320 anno
452 3251 548 3338 regni
579 3252 631 3318 sui
653 3249 892 3319 Columbariam
917 3252 951 3318 in
978 3248 1107 3320 Alsatia
1131 3248 1274 3320 obsedit
1290 3261 1357 3317 1293

133 3349 289 3420 Nobilem
313 3351 419 3418 vimm
446 3349 488 3420 de
515 3348 708 3438 Rapolstain
735 3355 769 3418 et
795 3348 947 3418 eiusdem
973 3351 1116 3419 ciuitatis
1144 3349 1274 3418 sculte-

135 3454 201 3518 tum
228 3449 362 3518 civitate
389 3449 454 3518 sibi
479 3448 600 3517 tradita
627 3449 817 3538 captivavit.
857 3445 1125 3534 Argentinenses
1151 3465 1191 3515 ac
1216 3455 1274 3517 to-

136 3553 201 3618 tam
227 3544 388 3617 Alsatiam
415 3565 477 3616 suo
503 3549 640 3638 imperio
668 3547 879 3639 subiugavit,
907 3549 963 3635 qui
988 3552 1124 3637 propter
1149 3543 1274 3616 Alben-

136 3651 204 3716 tum
231 3647 349 3716 ducem
375 3647 560 3734 aliqualiter
585 3646 794 3716 obstiterunt.

209 3743 309 3815 Anno
330 3745 455 3815 domini
468 3746 718 3816 mcclxxxxiii.
732 3745 891 3816 Albertus
912 3749 945 3816 et
961 3742 1177 3814 lleinbardus
1199 3743 1274 3812 Fri·

137 3861 250 3916 sucum
284 3844 458 3936 obsident,
494 3851 529 3914 et
561 3861 621 3933 per
654 3845 904 3914 inundationem
939 3843 1028 3914 duvii
1053 3843 1274 3932 pretereuntis

136 3944 285 4035 impediti
316 3961 378 4034 pro
410 3951 560 4035 tempore
587 3943 794 4014 destiterunt.
832 3943 874 4012 Et
899 3943 1113 4012 redeuntibus
1141 3941 1274 4030 quidam

171 4195 201 4261 l]
220 4195 263 4248 uel
281 4195 382 4250 sebeint
398 4195 455 4251 bier
473 4209 505 4252 zu
523 4195 621 4251 leblen.
653 4195 684 4259 2)
702 4197 789 4250 zuerst
806 4195 895 4251 stand:
915 4191 1111 4250 abiudicacicue
1128 4203 1214 4244 rerum
1230 4192 1273 4244 iu-

136 4265 198 4316 rium
217 4265 412 4319 districtissime.
