3096 4882
500 199 602 245 aarum
623 199 833 246 uuuwrusuus
855 199 967 244 urrann.
1228 167 1298 238 227

164 341 383 424 conspectum
402 334 540 404 barbare
559 340 819 405 contremiscunt
845 341 1017 428 naciones,
1045 344 1101 406 aut
1122 339 1299 427 columpna

160 440 262 502 totam
299 433 411 502 mundi
442 436 627 504 machinam
660 443 855 505 sustentans
886 456 945 526 per
970 437 1183 506 vermiculum
1208 439 1301 507 velut

160 533 262 602 edera
285 534 487 603 corrodetur.
529 536 727 604 Estimamus
751 535 843 622 quod
863 538 915 603 sui
932 542 1124 625 potentatus
1151 538 1299 623 insignia

159 631 271 701 radice
306 633 571 702 immarcescibili
603 637 637 702 in
664 637 767 722 petris
802 635 996 704 firmissimis
1025 635 1210 725 stabilivit,
1233 639 1297 704 nisi

160 732 335 800 stultorum
361 735 500 802 vesania
527 735 602 802 ocia
636 733 869 820 subterfugere
897 752 934 802 se
963 735 1122 804 simulans
1149 737 1298 822 ymagini

160 829 336 900 fantastice
368 830 424 900 dat
450 851 584 920 operam
612 839 645 900 ιι
671 831 793 900 frenesi
819 833 1029 924 chymerine,
1057 839 1178 922 putans
1207 833 1297 920 quod

160 948 278 1018 rapere
294 931 416 999 debeat
437 933 510 1001 evis
530 932 653 1022 lupum,
681 939 738 999 aut
759 931 896 1000 formica
922 932 1055 1001 leonem
1082 933 1296 1001 fortissimum

158 1030 270 1098 valeat
296 1030 471 1116 deglutire.
515 1030 673 1099 Miramur
699 1030 874 1121 siquidem,
901 1050 1011 1119 ymmo
1038 1033 1071 1098 in
1099 1031 1296 1099 cachinnum

160 1127 363 1218 deducimur,
391 1128 481 1217 quod
507 1129 630 1198 lumine
656 1130 815 1198 naturalis
842 1129 1005 1198 industrie
1032 1132 1197 1198 exstincto
1217 1131 1296 1218 api-

162 1245 233 1296 cem
260 1227 432 1314 dignitatis
458 1229 617 1319 predicte,
646 1247 744 1316 quam
760 1229 904 1297 Domino
922 1227 1058 1297 favente
1084 1229 1297 1298 victoriosis-

161 1329 243 1394 sime
270 1329 433 1418 gerimus,
461 1329 533 1395 sive
559 1328 711 1396 manibus
738 1328 792 1396 vel
820 1329 925 1396 oeulis
953 1345 1071 1396 careus
1099 1334 1296 1415 attemptare

157 1428 335 1516 presumiS,
363 1432 398 1495 et
415 1425 556 1495 eandem
581 1445 649 1495 non
668 1433 808 1495 vocatus
829 1433 884 1494 tue
909 1429 960 1494 vis
978 1428 1096 1494 inertie
1122 1445 1296 1518 usurpare,

158 1543 232 1594 cunr
258 1531 369 1594 tamen
396 1527 545 1614 spiritum
571 1525 680 1594 adhuc
705 1525 845 1615 habeat,
872 1526 967 1593 cuius
994 1525 1108 1593 lavore
1136 1531 1170 1593 ιιι
1196 1527 1297 1594 vitam

159 1626 260 1715 geris,
288 1627 429 1712 eiusque
456 1627 569 1711 gracia
595 1625 699 1692 habes
726 1643 791 1711 que
817 1626 851 1690 in
878 1630 934 1692 tua
960 1623 1091 1692 detines
1116 1629 1297 1712 potestate.

157 1724 228 1793 Aut
254 1724 324 1792 non
349 1724 521 1813 protendis
549 1731 674 1812 quanta
701 1725 896 1791 strenuitate
921 1725 1105 1811 principum
1129 1728 1164 1790 et
1189 1722 1295 1791 electe

155 1822 277 1891 milicie
295 1823 526 1892 innumerabili
548 1826 644 1912 copia
663 1825 752 1891 curia
772 1830 886 1890 nostra
912 1824 955 1890 sit
982 1823 1114 1911 stipata,
1142 1822 1199 1908 qui
1221 1839 1296 1890 oum

154 1922 290 1990 villanis
310 1923 491 1991 vinolentis
510 1940 572 2012 per
590 1924 734 2010 compita
760 1921 951 1990 discurrens
978 1927 1127 1990 nostram
1154 1920 1295 2006 gloriam

155 2021 330 2090 annullare
357 2023 486 2112 queris,
514 2041 613 2110 quam
641 2039 751 2089 errore
777 2019 937 2089 frenetico
968 2019 1128 2088 seductus
1157 2021 1295 2088 estimas

156 2119 312 2189 arundini
327 2122 465 2189 similem
485 2127 519 2189 et
534 2127 635 2190 vento
652 2123 820 2207 agitatam.
844 2118 1029 2209 Reecllige,
1054 2121 1130 2206 quia
1148 2117 1296 2188 nondum

155 2221 250 2288 venit
262 2219 344 2289 hora
361 2227 398 2288 ut
413 2221 539 2308 pigmei
564 2219 605 2288 de
622 2213 712 2288 luto¹
728 2225 854 2288 statura
872 2219 988 2286 cubica
1007 2218 1180 2287 evolantes
1201 2217 1295 2286 lorti-

155 2318 270 2386 tudinc
281 2321 426 2405 gnavica
439 2326 544 2388 terras
555 2321 759 2407 gygancium
775 2316 949 2385 detrahere
964 2317 1110 2385 debeant
1127 2318 1160 2384 in
1171 2318 1294 2406 ruinas,
1408 2349 1410 2354 .

155 2422 190 2484 et
203 2424 240 2486 ut
255 2420 391 2508 pigmei,
418 2417 452 2485 id
474 2423 526 2485 est
545 2418 697 2485 homines
716 2415 926 2505 bicubitalos,
954 2417 1060 2502 quiin
1083 2433 1171 2483 anno
1192 2417 1293 2483 tercio

154 2523 312 2584 crescunt
333 2515 376 2584 ad
401 2514 580 2603 perlectam
605 2516 834 2603 quantitatem,
863 2521 896 2583 et
912 2516 946 2582 in
962 2516 1103 2601 septimo
1121 2531 1209 2582 anno
1232 2531 1294 2581 se-

155 2619 300 2682 nescunt
318 2619 351 2682 ιι
366 2616 558 2704 moriuntur,
582 2617 745 2703 imperent
759 2613 977 2700 gygantibus.
1011 2612 1187 2680 Hortamur
1204 2611 1294 2679 fide-

152 2712 228 2781 liter
252 2711 448 2804 suadentes,
475 2719 513 2782 ut
535 2712 594 2781 tibi
609 2720 642 2781 et
665 2715 730 2782 tuis
753 2715 869 2780 sanius
894 2712 1071 2780 consulere
1091 2709 1229 2800 debeas,
1257 2716 1294 2778 ut

153 2818 296 2881 caveant
314 2811 484 2881 effundere
498 2815 698 2899 sanguinem
716 2813 940 2901 innocentem,
968 2816 1001 2879 ιι
1020 2815 1076 2878 ιιι
1095 2826 1208 2878 ιιιοιι
1228 2808 1293 2878 de-

152 2913 266 3000 posito
287 2929 448 3001 properes
479 2910 661 2999 confugere
691 2930 725 2979 rn
756 2913 865 2979 sinum
890 2910 1070 2978 clemencie
1097 2909 1292 2999 imperialis

152 3013 286 3079 veniam
303 3009 458 3079 detentis
475 3012 672 3080 excessibus
687 3013 888 3100 pasciturus,
909 3027 973 3096 que
991 3009 1101 3077 adhuc
1118 3007 1161 3075 de
1178 3010 1293 3078 innata

152 3108 363 3196 benignitate
388 3115 503 3200 parata
525 3117 579 3178 est
603 3112 749 3196 graciam
777 3128 846 3178 non
872 3108 1054 3194 denegare.
1091 3105 1186 3176 Alias
1209 3110 1293 3176 situ

154 3209 301 3278 stulticia
322 3208 557 3279 abhominabili
584 3209 771 3278 obstinatus
791 3210 987 3296 perstiteris,
1017 3224 1147 3275 omnem
1165 3212 1292 3295 poten-

151 3309 236 3376 ciam
250 3315 341 3376 tuam
357 3308 399 3378 de
416 3326 558 3396 sompno
575 3327 639 3377 nos
656 3309 856 3394 evigilantes
873 3314 1022 3395 tempere
1038 3304 1183 3375 vindicte
1200 3306 1293 3374 velut

151 3413 273 3476 testam
298 3409 392 3494 lrguli
418 3415 628 3477 conteremus
654 3414 687 3475 et
711 3405 988 3493 quemadmodum
1006 3405 1087 3474 solis
1104 3405 1292 3474 athomacia

148 3508 187 3574 in
221 3507 361 3575 nihilum
397 3507 600 3593 redigemus,
653 3507 773 3577 Datum
807 3505 1007 3594 llatispone,
1043 3522 1132 3572 anno
1167 3503 1291 3572 domini

148 3607 361 3696 mmcxlvii,
395 3609 440 3676 vii
473 3607 526 3675 die
559 3608 685 3676 mensis
719 3607 879 3697 ianuarii,
913 3605 1008 3691 regni
1040 3603 1147 3671 nostri
1173 3603 1288 3692 xxxiii,

148 3706 279 3794 imperii
305 3724 384 3776 vero
411 3698 487 3775 xx².

181 3847 213 3912 l]
231 3845 311 3902 ludea
329 3845 424 3902 Pelzel.
476 3847 508 3908 2)
526 3847 669 3912 Ιιι,ιιιιιιι
692 3851 804 3901 antwort
829 3845 852 3899 d.
877 3845 900 3900 d.
924 3846 993 3914 Eger
1013 3847 1045 3900 ιο
1070 3844 1120 3898 ιιι.
1145 3843 1212 3897 13ι7
1231 3842 1290 3910 [bei

144 3915 234 3970 Pelzel
253 3915 314 3970 llarl
334 3917 357 3983 l,
371 3917 420 3981 itt)
440 3915 522 3970 baruti
539 3915 594 3971 sich
612 3915 671 3970 llarl
691 3915 882 3984 heuptsichliclr
901 3915 948 3969 aul
961 3915 1011 3968 dan
1030 3913 1173 3980 gdttlielreu
1192 3911 1290 3981 schutz,

146 3984 197 4040 der
213 3985 349 4052 wicntiger
366 3988 413 4048 sei,
432 3985 469 4038 als
486 3985 599 4038 irdisclre
617 3984 807 4049 heerscharen,
829 3983 883 4037 und
900 3983 1018 4038 ermahnt
1042 3981 1092 4036 den
1111 3979 1219 4046 Ludwig
1237 3982 1290 4034 sei-

145 4067 204 4110 nen
227 4051 372 4109 laiscrtitel
395 4053 449 4106 und
474 4054 549 4109 selue
571 4053 721 4109 ketzercien
744 4051 887 4119 abzulegcn
910 4051 965 4106 und
985 4053 1012 4106 iu
1035 4050 1086 4105 deu
1111 4047 1220 4108 schecss
1244 4047 1290 4104 der

143 4119 236 4178 lrirclre
253 4119 481 4178 zurticlzulrebrcn

1038 4294 1092 4349 15*
