3028 4878
476 183 617 230 ronnnnrs
639 186 844 232 vroronrrnsrs.
880 186 904 254 o,
923 189 946 239 3.
1214 160 1280 228 tel

145 340 313 409 nunquam
339 319 445 409 prelio
472 321 658 413 succubuit,
686 324 764 392 dum
784 326 864 395 Saul
886 330 1047 397 satellites
1075 347 1157 398 suos
1184 329 1369 419 misit,1336

143 425 181 488 ut
207 439 281 488 eum
302 419 505 510 occiderent,
536 420 674 508 aufugit.
708 422 882 494 Mandavit
897 430 982 496 enim
1002 430 1033 496 ci
1053 427 1181 496 Michol
1199 446 1284 496 uxor

145 538 226 588 sua:
262 521 328 586 nisi
355 519 538 588 salvaveris
576 526 607 588 le
634 528 732 590 nocto
759 523 838 614 hae,
866 543 939 595 cras
966 528 1131 614 morieris,
1160 533 1193 593 et
1219 526 1285 594 dc-

145 620 260 706 posuit
287 636 360 685 eum
388 635 447 706 per
473 617 664 709 fenestram,
692 629 726 686 et
751 622 868 691 abiens
896 632 947 694 est
974 627 1135 694 salvatus.
1168 625 1223 693 Sic
1249 631 1285 693 ut

144 716 246 784 lertur
270 717 339 785 dux
366 718 474 785 extitit
498 720 721 808 premunitus,
756 728 922 807 quatenus
954 727 1069 793 mortis
1097 724 1284 813 decipulam

144 816 337 884 declinaret.
373 815 494 884 Scribit
520 819 617 884 etiam
644 816 796 888 Valerius
822 820 937 890 Iulium
961 822 1116 892 Cesarcm
1143 825 1176 889 iu
1203 841 1283 911 pre-

143 914 189 983 lio
216 915 406 982 Britannico
441 915 540 983 rebus
578 915 664 984 benc
691 920 797 1002 gestis
824 920 1030 990 vulneratum
1058 930 1091 990 et
1118 920 1282 990 confixum

143 1013 255 1080 multis
283 1013 402 1080 iaculis
434 1031 494 1102 per
526 1014 661 1083 natandi
688 1015 858 1103 dilluglum
886 1023 1050 1090 evasisse.
1088 1020 1185 1089 Unde
1210 1020 1282 1087 Lu-

144 1130 250 1181 canus
276 1110 354 1179 dicit
379 1112 422 1180 de
449 1131 508 1181 co:

242 1210 394 1301 „Territa
420 1212 558 1298 quesitis
585 1216 733 1285 ostendit
758 1223 855 1304 terge
885 1215 1087 1288 Britannis“

141 1403 194 1470 De
229 1402 429 1566 receptoria
459 1403 665 1487 expeditione
701 1409 820 1473 contro
851 1407 987 1474 condem
1018 1424 1144 1492 regem,
1177 1411 1210 1472 et
1240 1404 1284 1472 ebt

242 1518 299 1587 ges
313 1502 352 1570 ts.
1136 1505 1217 1590 Cep.
1242 1505 1283 1570 tv.

219 1628 318 1699 Anno
335 1632 458 1701 domini
470 1636 700 1703 mocoxxnvi.
719 1639 902 1724 tempestas
916 1637 1051 1723 gravior
1063 1638 1175 1704 oritur.
1201 1633 1283 1702 Nam

141 1729 311 1798 Iohannes
328 1750 387 1800 rex
404 1751 471 1800 non
495 1734 603 1801 solum
621 1732 824 1803 domesticos
842 1735 961 1802 milites
979 1753 1064 1822 quos
1086 1734 1201 1802 babuit
1223 1751 1282 1800 re-

142 1831 308 1919 servavit,
337 1829 398 1897 sed
426 1838 459 1900 et
485 1831 704 1902 conductivos
731 1833 773 1900 ab
809 1836 930 1902 exteris
957 1834 1104 1922 partibus
1131 1832 1174 1900 ad
1200 1850 1282 1922 pre-

143 1927 228 1996 sidia
256 1947 315 2016 per
343 1931 512 1998 circuitum
541 1931 729 2022 deputavit,
758 1931 920 2018 quosdam
947 1950 1062 2000 secum
1089 1950 1166 2000 esse
1194 1949 1281 1999 con-

141 2027 246 2093 stituit
256 2050 264 2114 3
300 2029 416 2115 sicque
444 2037 600 2098 eventum
630 2032 679 2098 rei
705 2048 773 2098 non
800 2031 984 2119 improvide
1012 2032 1219 2121 expectavit,
1246 2037 1281 2098 ul

141 2126 170 2192 si
197 2143 340 2194 neeesse
369 2127 462 2196 lieret
488 2127 530 2196 ad
556 2146 673 2197 manus
699 2130 907 2219 haberentur,
936 2137 969 2198 et
995 2147 1038 2198 ne
1069 2132 1202 2198 maioris
1218 2147 1280 2218 pe·

141 2225 236 2291 ricnli
263 2224 443 2315 dispendio
471 2234 698 2314 quererentur.
734 2228 858 2318 Duces,
887 2230 1037 2316 quamvis
1060 2221 1214 2296 suorum¹
1237 2227 1279 2295 ad

140 2340 203 2390 sua
230 2323 398 2392 domicilia
424 2325 532 2394 redire
558 2327 779 2415 permiserint,
807 2345 874 2394 non
902 2334 1012 2394 tamen
1035 2329 1142 2394 miuus
1169 2344 1280 2412 ange-

142 2421 262 2489 bantur
297 2424 465 2511 quomodo
498 2427 603 2493 vioem
641 2425 674 2491 in
702 2443 815 2510 regem
848 2425 1006 2493 Bobemie
1041 2431 1282 2512 retorquerent.

141 2518 213 2588 Rex
250 2525 387 2606 cognito
422 2524 511 2611 quod
547 2524 725 2592 exercitum
758 2523 1012 2614 distraxisscnt,
1047 2531 1145 2612 caput
1172 2525 1280 2612 erigit,

141 2619 259 2688 iterum
286 2638 414 2688 cuneos
435 2624 577 2712 instruit,
604 2639 668 2689 nec
685 2623 779 2690 otiari
798 2624 947 2691 sevitiam
972 2641 1063 2689 suam
1083 2624 1172 2690 sinit.
1204 2621 1280 2688 Du-

143 2735 199 2786 ces
234 2720 441 2807 imperatoris
478 2723 645 2809 accipiunt
677 2721 918 2812 ambassatam,
949 2713 1162 2789 admirantis²
1188 2719 1278 2806 quod

144 2822 260 2886 contra
287 2824 444 2887 statutum
471 2827 504 2887 et
530 2826 623 2887 entra
648 2820 790 2908 placitos
819 2819 890 2888 dies
920 2816 997 2888 Otto
1025 2819 1093 2887 drrx
1120 2837 1280 2905 egressus

141 2915 249 2984 luerat
276 2916 318 2984 ad
339 2917 538 3007 bellandum,
564 2920 714 2986 eominus
740 2937 777 2987 se
795 2926 944 3008 paratum
971 2936 1061 2986 nunc
1088 2935 1279 2986 succurrere

140 3020 174 3082 et
193 3013 326 3083 adesse.
362 3014 426 3096 Qui
447 3036 489 3086 ex
504 3009 590 3086 bcc³
616 3018 798 3108 exbilerati,
825 3019 973 3086 militium
992 3018 1114 3085 cultam
1133 3015 1280 3086 conllant

139 3113 181 3181 ad
209 3113 411 3200 abigendum
430 3134 553 3203 regem.
586 3115 708 3183 Iterum
726 3113 805 3184 Otto
826 3117 928 3205 vadit,
956 3117 1095 3185 Alberto
1117 3117 1278 3184 exlatere

139 3215 335 3304 comitante,
363 3233 405 3282 ne
432 3214 672 3284 dissolveretur
705 3216 876 3300 negotium
903 3217 989 3282 sicut
1013 3216 1115 3304 prius.
1151 3212 1278 3295 Quibus

139 3312 329 3401 imperator,
356 3313 485 3382 babens
514 3331 625 3382 secum
652 3313 796 3381 Ulriounr
823 3314 865 3381 de
892 3313 1107 3400 Wirtenberg
1134 3319 1167 3380 et
1185 3313 1277 3380 Wil-

138 3410 283 3478 helmum
311 3413 463 3480 comitem
488 3413 718 3500 luliaccnsem,
747 3413 803 3498 qui
821 3429 969 3480 sororem
987 3413 1194 3500 imperatoris
1211 3412 1277 3479 ha-

138 3507 228 3599 buit,
256 3526 293 3577 se
321 3511 410 3578 circa
437 3513 623 3601 civitatem,
652 3529 716 3598 que
750 3510 902 3578 Landarv
934 3510 1069 3600 dicitur,
1098 3512 1277 3598 coaptavit.
1296 3544 1355 3582 ,ren

138 3605 209 3675 Rex
241 3607 409 3677 Iohannes
444 3628 518 3678 eum
551 3610 707 3677 Heinrico
735 3609 820 3677 duce
849 3610 1002 3678 Bouario
1011 3661 1020 3698 ,
1047 3626 1174 3694 genero
1203 3625 1276 3698 suc,

138 3707 250 3775 locum
286 3715 496 3795 sequestrum
522 3711 634 3798 petiit,
663 3708 780 3775 videns
809 3725 847 3776 sc
874 3709 979 3796 copiis
1006 3707 1184 3776 hostilibus
1211 3709 1277 3774 irn-

139 3823 253 3894 parem
286 3805 374 3896 lore,
403 3806 504 3878 lossis
540 3813 573 3875 et
598 3806 775 3896 paludibus
811 3825 848 3876 se
882 3808 1038 3895 munivit,
1073 3812 1106 3874 et
1132 3823 1277 3890 aggeres

142 3904 395 3973 inaccessibiles
421 3905 510 3976 hosti
536 3904 623 3974 iecit.
657 3907 699 3974 Et
718 3905 794 3974 duro
816 3908 848 3974 ei
873 3907 1058 3996 importune
1083 3906 1278 3972 insisterent

172 4068 204 4132 l)
223 4081 285 4120 suos
308 4067 372 4120 oder
395 4069 491 4122 multos
517 4083 622 4121 suornm
646 4069 711 4121 oder
735 4074 817 4122 etwas
835 4067 968 4121 iibnliclres
986 4068 1051 4121 wird
1070 4082 1101 4119 zu
1118 4066 1193 4118 lesen
1212 4067 1277 4120 sein.

138 4134 170 4200 2)
188 4149 218 4188 so
237 4135 392 4190 rerbessere
411 4137 452 4190 reb
471 4137 516 4189 mit
534 4136 586 4189 Pez
604 4135 700 4189 descen
720 4137 776 4198 bs,
803 4135 903 4189 rvelclre
926 4137 1084 4190 admirantes
1106 4134 1154 4187 but.
1197 4134 1227 4197 3)
1247 4149 1276 4186 sc

138 4202 293 4258 verbcsserc
311 4204 351 4258 icb
368 4218 415 4258 aus
434 4205 492 4258 dem
511 4203 586 4258 Cont.
604 4203 678 4257 Mart.
696 4204 750 4259 Pol.
767 4205 868 4258 Pezcns
885 4204 977 4258 lesart:
1003 4205 1052 4266 Qui
1070 4215 1099 4257 se
1118 4201 1261 4256 exbileruli.
