3028 4878
445 222 585 271 lolintona
604 222 811 271 vlcnontultsts.
848 221 872 291 6,
892 224 931 276 11.
1179 191 1249 259 445

113 361 253 452 amplius
270 361 375 430 millia
395 367 604 453 armatorum,
632 368 665 430 et
688 368 740 430 est
763 369 882 432 vocata
908 365 1054 432 societas
1080 371 1251 434 coronata.
1268 377 1334 432 rara

113 461 256 549 Campos
284 460 453 553 tenebant,
482 461 590 549 spolia
621 463 876 550 circumquaque
903 463 1122 553 exercebant,
1151 465 1252 532 timo·-

113 578 181 628 rem
200 579 296 628 suum
312 558 461 646 undique
476 559 715 628 diffundebant
741 562 924 651 Principem
943 568 1138 651 statuerunt,
1155 580 1253 648 quem

114 659 235 727 ducem
269 664 428 727 coronate
464 659 638 728 societatis
669 662 866 728 unanimiter
899 668 1120 750 vocaverunt,
1156 663 1254 748 eique

111 757 310 826 obedientes
336 759 370 825 in
399 759 552 826 omnibus
580 760 767 828 extiterunt.

186 856 260 924 Hoe
295 862 443 946 tempore
477 859 612 925 moritur
641 857 785 926 llarolus
812 875 871 926 rex
897 858 1106 944 Ungarorum
1119 911 1129 949 ,
1156 861 1251 926 euius
1276 893 1328 931 nn.

113 956 276 1042 exequias
295 974 383 1043 papa
403 973 477 1022 cum
499 955 720 1024 cardinalibus
737 953 879 1040 Anione,
908 956 975 1026 dux
1000 953 1156 1025 Albertus
1178 975 1251 1024 cum
1286 945 1319 998 ¹⁶

111 1054 271 1122 militibus
299 1057 370 1122 suis
395 1056 429 1122 in
456 1054 626 1122 llarintbia
652 1057 881 1144 sollempniter
902 1062 1115 1144 peregerunt.
1149 1057 1251 1124 Filius

113 1171 198 1222 suus
223 1152 427 1221 Ludewicus
460 1171 536 1222 mox
566 1157 661 1241 patre
687 1155 892 1248 subterrata,
918 1155 952 1222 in
978 1153 1207 1241 Alba-Regali
1233 1173 1253 1222 a

113 1253 339 1338 Strigoniensi
367 1253 528 1341 episcopo
554 1260 743 1323 coronatur.

190 1352 402 1439 Imperatoris
420 1350 690 1420 lama'odoriiera
708 1371 769 1441 pro
793 1370 828 1420 re
845 1357 943 1438 gesta
963 1353 997 1419 in
1020 1352 1168 1422 Iohanne
1186 1351 1253 1421 filio

112 1445 206 1537 regis
231 1450 390 1519 Bchemie
417 1452 504 1539 cepit
529 1453 562 1518 in
588 1451 725 1519 naribus
752 1452 936 1539 principum
961 1449 1085 1541 ietere,
1114 1453 1170 1538 qui
1197 1450 1253 1519 di-

112 1555 234 1620 xerunt
252 1571 259 1617 :
279 1567 358 1632 ‘cum
383 1548 425 1615 ob
450 1550 586 1636 imperio
612 1549 653 1616 ob
679 1568 827 1618 enormes
853 1567 1009 1617 accessos
1035 1550 1253 1633 eafrrsootrrm.

113 1649 157 1718 Et
190 1665 330 1734 regnum
364 1648 431 1717 lilio
466 1642 593 1716 iratris¹
628 1648 774 1717 feruntur
806 1648 983 1736 obtulisse;
1018 1650 1074 1735 qui
1104 1655 1254 1736 patruum

114 1740 258 1816 nolens²
284 1747 476 1816 exacerbari
507 1765 571 1815 nec
599 1748 807 1838 calumniari,
834 1747 954 1816 dicitur
973 1749 1136 1815 renuisse.
1170 1747 1252 1815 Mox

113 1853 183 1915 tum
217 1845 421 1914 Ludewicus
447 1843 618 1916 Albertum
650 1846 692 1915 de
718 1847 924 1933 Hobenberg
956 1863 1050 1913 suum
1073 1846 1253 1914 ,cancella-

113 1947 220 2032 rium‚
246 1945 391 2012 nobilem
417 1947 523 2014 virum
550 1944 591 2013 de
617 1943 799 2014 Randelnch
823 1947 1027 2034 prepositum
1052 1944 1252 2012 Babenber-

114 2060 270 2133 gensem‚
291 2045 348 2131 qui
362 2044 489 2132 pridem
506 2044 629 2112 missus
647 2044 690 2112 ad
705 2043 923 2112 Benedictum
939 2043 1041 2112 verbo
1061 2043 1251 2111 Psalmiste:

112 2142 269 2235 „Eripias
294 2160 347 2210 me
371 2141 413 2210 de
435 2142 752 2212 contradictionibus
778 2143 903 2232 populi,
931 2144 1115 2211 constitues
1141 2159 1193 2210 me
1220 2143 1254 2209 in

116 2246 219 2329 caput
244 2239 417 2326 gentium“
443 2241 559 2333 luerat,
586 2260 646 2332 pro
672 2241 857 2310 Ludewicc
883 2241 1161 2309 affectuosissime
1186 2259 1254 2328 pa·-

114 2358 191 2430 pam
224 2356 382 2430 monem,
419 2341 654 2429 provincialem
682 2338 882 2408 Cruciierum
909 2339 951 2407 de
983 2339 1188 2424 Nellenberg
1222 2344 1256 2406 et

114 2440 311 2526 magistrum
343 2439 486 2507 Ulricum
522 2439 563 2508 de
595 2436 749 2525 Augusta
774 2438 817 2507 ad
844 2439 968 2507 curiam
995 2437 1182 2506 destinavit.
1216 2437 1255 2508 lo

117 2555 259 2625 quornm
294 2535 531 2607 lulcitationem
568 2555 627 2606 rex
657 2539 856 2605 Francorum
891 2553 985 2605 suum
1020 2536 1254 2604 cancellarium

115 2642 150 2704 et
175 2636 323 2705 Ulricum
349 2635 391 2704 de
416 2636 585 2705 Subaudia
602 2635 730 2726 direxit,
759 2634 920 2704 mandans
937 2637 997 2719 eie,
1024 2653 1109 2723 pape
1129 2641 1160 2702 et
1176 2651 1254 2702 car-

116 2734 285 2804 dinalibus
310 2752 372 2823 pro
398 2737 538 2822 negotio
564 2736 719 2804 insistere
746 2734 932 2820 diligenter.
968 2731 1031 2813 Qui
1048 2735 1134 2800 circa
1156 2733 1254 2799 linem

115 2834 244 2902 mensis
276 2835 468 2903 novembris
503 2839 581 2902 sunt
613 2835 760 2920 ingressi
794 2839 828 2901 et
861 2833 1102 2901 convenientes
1134 2833 1255 2919 pariter
1271 2855 1335 2896 ner.

116 2937 276 3021 quantum
300 2938 455 3021 poterant
480 2951 548 3001 rem
575 2933 770 3003 tractabant.

191 3030 266 3099 Hoc
296 3049 385 3100 anno
411 3049 470 3100 rex
497 3031 662 3121 Castellc,
689 3035 828 3118 accepta
859 3047 991 3118 apapo
1019 3028 1254 3117 subventione,

116 3131 333 3218 septuaginta
353 3133 500 3218 quinque
516 3131 635 3216 galeas
653 3129 870 3198 Gramatorum
889 3127 1076 3219 submersit,
1104 3128 1157 3196 dei
1172 3143 1255 3213 pre-

120 3219 252 3297 sentia³
277 3229 454 3315 magnifice
480 3228 677 3297 delectatus,
708 3227 779 3296 Rex
800 3229 999 3296 Francorum
1021 3233 1054 3295 et
1071 3223 1255 3311 Anglorum

117 3328 322 3396 conveniunt
348 3329 434 3396 sicut
455 3330 558 3415 prius.
590 3327 631 3395 Et
649 3344 736 3415 papa
760 3327 849 3393 misit
869 3323 954 3393 duos
973 3324 1171 3413 cardinales,
1200 3323 1256 3410 qui

119 3426 221 3494 nicbil
246 3432 397 3516 egerunt,
424 3429 490 3494 nisi
515 3425 605 3513 quod
623 3431 757 3510 treugas
773 3429 968 3513 statuerant,
996 3435 1027 3490 et
1046 3425 1132 3492 siout
1155 3423 1257 3490 lertur

119 3542 251 3594 omnem
285 3527 454 3593 materiam
485 3526 552 3593 litis
587 3522 805 3594 arbitrandam
842 3521 885 3589 de
920 3538 1091 3591 consensu
1115 3522 1257 3609 partium

121 3619 252 3692 summo
277 3624 427 3712 pontifici
453 3630 488 3692 et
512 3622 734 3691 cardinalibus
765 3621 962 3689 detulemnt.

194 3722 268 3791 Hoc
294 3729 444 3810 tempore
479 3722 612 3809 quidam
646 3720 830 3790 monachus
865 3718 1085 3786 Victoriensis
1119 3714 1200 3782 vidit
1224 3715 1258 3781 in

119 3821 270 3911 somniis,
297 3821 388 3908 quod
410 3821 507 3890 llexis
524 3819 705 3909 poplitibus
723 3817 969 3888 consessionem
984 3814 1108 3883 iaceret
1127 3831 1258 3882 suarum

154 3969 186 4036 1)
204 3969 315 4024 lludolio
338 3972 419 4026 beisst
438 3985 467 4025 es
485 3972 552 4025 nocb
571 3972 731 4027 bestimmten
753 3969 822 4024 beim
840 3969 914 4024 Com.
934 3967 999 4021 llari
1024 3965 1097 4029 Pol,
1122 3965 1176 4018 also
1196 3962 1259 4016 der-

120 4037 193 4093 sclbe
218 4037 338 4093 melchan
361 4043 388 4094 in
415 4041 516 4094 diesem
542 4040 598 4094 iabr
625 4043 674 4094 den
701 4038 802 4105 leldzug
819 4039 845 4090 iu
865 4037 980 4105 Spanien
998 4031 1162 4112 mitgamacbt
1179 4030 1259 4083 batte.

120 4104 174 4160 Ver
192 4106 208 4160 i.
227 4106 272 4160 die
290 4110 352 4162 note
370 4124 429 4162 zum
445 4109 682 4176 verborgebenden
700 4107 800 4176 capital.
836 4105 867 4168 2]
886 4105 980 4157 volens
1006 4102 1082 4156 stand
1106 4115 1141 4152 rm
1164 4098 1259 4153 Cbron.

120 4121 198 4253 teob.
234 4174 266 4239 3)
284 4178 400 4254 potentia
418 4179 452 4231 isl
468 4177 537 4230 wohl
555 4191 586 4231 zu
603 4177 686 4242 lesen,
704 4175 790 4230 iudom
802 4187 831 4229 es
848 4171 1081 4229 beimContdlart.
1094 4168 1147 4222 Pol.
1162 4165 1259 4222 boissi:

121 4243 263 4309 opitulante
282 4244 371 4299 drrina
388 4246 516 4314 potentia.
1060 4247 1075 4262 ‘
