3096 4882
500 175 568 220 VITA
590 174 698 221 innoti
721 175 829 231 cunavi
852 177 910 221 tiir.

137 311 393 404 Cremonenses,
419 311 631 382 Mutinenses
658 318 692 382 et
717 311 759 381 de
784 311 890 400 Regio
908 313 972 382 boc
990 312 1165 383 audientes
1183 331 1271 383 eon·
1290 327 1357 386 1332
1436 355 1441 361 -
1538 293 1539 362 Ψ

135 417 363 500 gregaverunt
387 414 575 500 potenciam
597 431 723 502 eorum,
749 419 1035 501 accesseruntque
1063 413 1104 482 ad
1129 419 1197 482 nos·
1216 413 1272 481 di-

136 517 269 580 centes:
294 509 449 597 Dandae,
475 510 637 580 abolemus
662 513 880 580 destruecloui
904 506 1035 580 nostre1
1055 515 1273 599 priusquam

134 613 169 678 in
184 613 253 677 tolo
269 609 445 678 deleamur.
488 612 583 678 Punc
597 616 736 700 accepto
763 612 905 680 oonsilio
929 613 1090 678 exivimus
1118 611 1160 680 ad
1177 630 1273 679 cam·-

136 728 212 799 pos,
239 715 417 796 castraque
451 711 564 778 metati
591 728 724 798 sumus,
753 716 786 777 et
813 709 856 778 de
883 711 1018 779 civitate
1045 711 1213 779 Parmensi
1238 712 1272 778 in
1291 742 1355 783 nov.

137 808 191 877 die
217 808 315 876 beate
341 803 524 897 Katberiue
550 812 762 897 pervenimus
789 809 929 899 ibidem,
957 826 1023 897 quo
1050 809 1105 877 dic
1130 817 1273 878 castrum
1305 796 1339 851 ²⁵

139 906 284 976 debebat
305 908 389 975 tradi
410 907 452 975 ad
469 926 585 976 manus
603 910 819 976 inimicorum.
862 908 904 976 Et
918 909 1006 976 circa
1018 907 1132 978 boram
1150 926 1274 977 nonam

140 1024 214 1075 cum
240 1007 328 1074 mille
356 1013 389 1074 et
415 1005 569 1075 ducentis
597 1008 740 1094 galeatis
767 1013 899 1075 etcum
926 1025 988 1075 sex
1012 1007 1144 1076 milibus
1171 1007 1273 1096 pedi-

136 1113 206 1174 turn
238 1113 353 1174 contra
372 1107 530 1174 inimicos
564 1108 620 1194 qui
648 1105 736 1174 bene
763 1105 899 1174 totidem
924 1105 979 1176 vel
1004 1105 1117 1195 plures
1143 1105 1274 1176 lucrant

136 1221 284 1294 pugnam
302 1207 508 1293 arripuimus.
542 1205 585 1274 Et
601 1204 731 1274 duravit
749 1205 870 1273 bellum
892 1205 934 1273 ab
953 1204 1036 1274 bora
1057 1223 1148 1275 nona
1164 1223 1274 1293 usque

137 1309 219 1393 post
252 1321 410 1374 oceasum
444 1306 538 1374 solis.
579 1305 621 1375 Et
653 1323 696 1373 ex
724 1311 863 1392 utraque
889 1311 984 1394 parto
1011 1303 1145 1373 luerunt
1169 1307 1275 1375 iuter-

139 1401 219 1471 teeti
238 1395 354 1491 quasi²
374 1421 491 1474 omnes
509 1403 664 1472 dextrarii
681 1410 715 1471 et
732 1404 834 1492 aliqui
858 1405 945 1493 equi,
974 1409 1008 1471 et
1033 1421 1162 1473 eramus
1177 1405 1274 1492 quasi

139 1501 273 1592 devicti,
295 1508 330 1570 et
352 1501 540 1572 dextrarius
560 1505 593 1570 in
611 1521 677 1591 quo
704 1502 934 1572 residebamus
954 1502 1059 1570 eciam
1079 1503 1274 1572 interiectus

138 1606 203 1670 est
244 1601 286 1671 Et
310 1602 448 1671 relevati
474 1621 494 1670 a
520 1604 644 1671 nostris
672 1603 721 1670 sic
746 1601 866 1672 stando
887 1609 920 1670 et
944 1601 1156 1688 respiciendo
1183 1599 1274 1689 quod

139 1717 273 1769 eramus
300 1702 398 1788 quasi
424 1704 581 1790 superati,
606 1703 738 1788 iamque
763 1719 851 1790 pene
877 1702 910 1769 in
937 1700 1179 1788 desperaciono
1205 1717 1273 1788 po-

138 1799 207 1882 siti,
234 1802 439 1888 aspeximus,
471 1801 513 1868 Et
533 1819 613 1869 ecce
631 1799 748 1868 eadem
774 1800 856 1870 bora
884 1801 1006 1868 inimici
1031 1798 1149 1886 lugere
1175 1801 1274 1867 ince-

137 1904 259 1988 perunt
293 1917 368 1966 curn
400 1900 531 1968 vexillis
566 1917 696 1990 eorum,
732 1907 765 1968 et
791 1902 895 1989 primo
924 1898 1115 1990 Mantuani,
1143 1898 1274 1967 demum

138 1997 255 2087 plures
282 2015 344 2066 eos
372 2006 450 2066 sunt
475 2000 590 2068 secuti.
630 1999 672 2067 Et
696 2001 747 2067 sio
770 2017 830 2088 per
847 1999 910 2067 Dei
936 1999 1083 2084 graciam
1103 1998 1275 2068 victoriam

138 2095 343 2165 obtinuimus
378 2097 420 2166 de
453 2099 594 2166 inimicis
628 2101 768 2188 nostris,
809 2099 1022 2184 octingentos
1056 2098 1209 2184 galeatos
1241 2097 1276 2164 in

140 2193 224 2281 suga
249 2196 467 2287 captivando,
506 2203 540 2264 et
566 2199 710 2284 quinque
745 2198 832 2265 milia
860 2197 1008 2287 peditum
1034 2195 1275 2264 interficiendo.

137 2294 182 2364 Et
208 2296 259 2362 sic
284 2313 344 2384 per
376 2295 463 2363 banc
496 2297 667 2364 victoriam
700 2297 875 2363 liberatum
907 2295 966 2364 luit
998 2302 1141 2364 castrum
1168 2295 1275 2362 sancti

139 2392 273 2462 Felicis.
312 2394 349 2462 lu
376 2394 442 2462 boc
467 2393 556 2463 bello
583 2397 773 2483 accepimus
800 2413 873 2462 curn
898 2393 1052 2462 ducentis
1077 2396 1158 2463 viris
1185 2400 1276 2462 stre·-

138 2493 216 2560 nuis
236 2492 408 2561 militarem
425 2491 630 2578 dignitatem.
672 2493 834 2581 Sequenti
851 2511 930 2562 vero
949 2492 1002 2560 die
1019 2494 1145 2561 reversi
1161 2509 1275 2560 sumus

138 2608 215 2660 curn
247 2610 370 2677 magno
405 2591 531 2678 gaudio
566 2593 601 2660 in
633 2590 795 2661 Mutinam
827 2611 899 2660 cum
931 2590 1036 2680 preda
1062 2598 1096 2658 et
1125 2592 1277 2679 captivis.

137 2690 182 2760 Et
215 2688 362 2759 dimissis
395 2690 551 2777 gentibus
584 2694 728 2782 nostum,
756 2693 881 2760 reversi
917 2708 1031 2759 sumus
1064 2692 1099 2758 in
1128 2690 1277 2758 Parmam

137 2789 198 2858 ubi
225 2790 347 2858 curiam
363 2796 511 2858 nostram
527 2808 588 2879 pro
613 2797 690 2859 tunc
717 2790 920 2859 tenebamus.
958 2790 1040 2858 Post
1064 2789 1277 2858 transivimus

138 2889 174 2956 in
201 2886 346 2956 Luceam
363 2890 398 2958 in
421 2888 552 2979 Pusoia,
580 2896 614 2958 et
634 2889 860 2958 ordinavimus
887 2907 1038 2976 guenam
1065 2887 1277 2958 coutraPlc-

141 2988 306 3078 reatinos,
325 2994 360 3056 et
373 2987 599 3058 edificavimus
618 2996 759 3058 castrum
774 2989 945 3079 pulchrum
965 3007 1038 3056 cum
1056 2987 1157 3077 opido
1176 2987 1277 3056 muris

138 3086 267 3156 vallato
293 3089 327 3154 in
353 3089 523 3156 eacumina
550 3090 681 3178 montis
709 3091 766 3176 qui
792 3088 895 3156 distat
920 3087 1036 3156 decem
1062 3087 1279 3155 miliaribusa

136 3185 254 3254 Lucca
267 3203 385 3256 versus
400 3187 520 3255 vallem
536 3186 674 3277 Nebula,
703 3192 736 3256 et
750 3189 968 3276 imposuimus
985 3188 1016 3254 ei
1032 3203 1155 3254 nomen
1176 3185 1277 3254 Mons

138 3283 267 3354 Karali.
311 3285 354 3355 Et
378 3293 457 3375 post
489 3285 553 3354 beo
582 3287 707 3355 reversi
735 3305 848 3356 sumus
875 3285 918 3353 ad
944 3285 1112 3378 Parmam,
1139 3283 1278 3352 dimisso

140 3385 306 3470 regimine
338 3383 471 3453 domino
506 3385 644 3473 Symcni
674 3377 838 3474 Philippi3
862 3384 904 3453 de
931 3385 1090 3473 Pistorio,
1118 3385 1278 3470 quiante

140 3501 186 3552 ex
212 3491 307 3572 parte
334 3491 450 3553 nostra
474 3484 561 3552 bene
587 3491 727 3574 rexerat,
755 3493 789 3553 et
814 3482 949 3574 opidum
969 3484 1094 3552 Barcze
1119 3482 1154 3548 in
1179 3481 1279 3549 Geri-

139 3573 265 3651 mano⁸
289 3599 391 3671 super
421 3585 574 3652 inimicos
602 3586 820 3674 acquisierat,
848 3589 881 3652 et
913 3584 1015 3652 multa
1040 3583 1105 3650 aliu
1130 3580 1218 3648 bona
1244 3581 1279 3647 in

141 3698 209 3749 suo
235 3683 395 3768 regimine
421 3681 554 3750 iecerat.
597 3682 676 3751 Cum
699 3690 809 3751 autern
829 3684 977 3751 Parmam
995 3682 1278 3772 pervenissemus

140 3782 321 3867 aggravati
348 3799 478 3850 eramus
506 3800 548 3850 ex
574 3789 666 3871 parte
692 3784 895 3850 inimicorum
915 3799 957 3850 ex
983 3781 1072 3849 omni
1097 3785 1192 3868 parte
1217 3796 1280 3846 va·

141 3877 319 3948 lidissime.
366 3879 434 3949 Sed
460 3881 588 3970 hyemis
615 3883 792 3950 austeritas
818 3882 917 3950 nobis
942 3877 1076 3969 proluit,
1105 3895 1170 3966 que
1200 3883 1280 3945 tan-

141 3984 214 4047 tum
239 3972 443 4071 invaluerat,
471 3980 563 4068 quod
589 3997 686 4049 nemo
715 3982 749 4048 in
777 3983 903 4069 campis
929 3980 1111 4068 persistere
1138 3975 1280 4045 valebat

176 4127 208 4195 i)
227 4133 317 4183 vestre
334 4128 408 4184 Petu.
454 4129 486 4195 2)
505 4131 580 4198 quasi
601 4131 664 4186 fehlt
688 4131 730 4186 bei
754 4131 829 4186 Rein.
874 4131 906 4196 3)
925 4129 960 4183 So
978 4127 1017 4184 bs.
1033 4128 1088 4184 und
1104 4127 1221 4194 Beness,
1238 4123 1282 4180 bai

139 4195 219 4251 Reiu.
239 4195 304 4252 tebit
320 4196 438 4266 Pbilippi.
472 4199 505 4264 b)
523 4199 629 4255 Brazem
646 4202 673 4254 in
692 4199 829 4255 Garimano
846 4199 920 4254 Rein.
