3002 4880
310 185 358 253 lpss
626 213 769 262 cnaorucn
791 213 828 258 ιι
850 212 948 260 ersus
969 211 1137 260 raincrruu.

226 367 295 422 tata
312 351 389 440 lpsa
422 369 502 421 vero
535 349 671 420 ducissa
705 369 833 420 merore
863 350 999 440 perlusa
1031 351 1232 438 querebatur
1256 347 1375 417 vadens
1398 351 1425 414 et

312 449 444 519 diceus:
471 449 514 519 So
530 452 625 518 onmis
640 451 813 533 infelicem,
834 452 924 536 qood
943 455 1011 516 tom
1025 451 1198 518 immature
1207 449 1340 536 plicato
1355 449 1426 514 esset

311 550 477 618 consortio
502 549 678 635 conloquii,
703 567 799 635 quem
821 550 964 617 modum
987 553 1196 635 oopnoocrut,
1221 565 1280 616 nce
1302 562 1427 632 cnpuun

311 651 399 716 osset
420 666 493 715 eum
512 666 551 717 eo
566 665 693 733 pennu
717 648 838 716 solutio
862 646 1017 715 maritali.

384 747 524 815 Prorsus
549 746 762 835 plangendus
789 752 861 815 crat
885 747 940 814 ille
967 763 1064 814 cesar
1089 744 1248 834 amrdtis,
1275 744 1349 831 quia
1366 743 1425 810 cius

311 862 453 915 occasus
487 844 670 914 luturorum
696 847 855 916 malorum
893 863 996 914 causa
1021 843 1092 934 luit,
1120 848 1154 912 ct
1177 844 1286 911 multis
1311 845 1426 910 incom-

310 943 419 1014 modis
447 942 592 1012 lomitem
616 947 822 1014 ministravit.
853 943 993 1026 Quantis
1020 945 1107 1012 enim
1132 944 1226 1010 malis
1253 947 1287 1009 et
1310 946 1427 1030 pertur-

310 1043 500 1112 bationibus
530 1049 609 1132 post
640 1046 712 1113 cius
739 1044 864 1113 obitum
889 1041 1032 1110 mundus
1059 1043 1187 1110 attritus
1215 1039 1327 1131 luerit,
1352 1039 1428 1108 duo-

310 1136 375 1211 bus
401 1159 463 1232 pro
489 1158 595 1228 regno
620 1142 838 1233 litigantibus
865 1144 950 1212 sicut
966 1140 1050 1210 inira
1071 1141 1220 1230 babetur,
1247 1158 1314 1208 non
1332 1141 1429 1227 potest

310 1235 439 1310 cicius¹
471 1241 653 1332 explicari,
687 1243 858 1329 presertim
897 1257 970 1310 oum
1012 1241 1156 1308 omnium
1194 1238 1298 1308 corda
1338 1237 1429 1306 divisa

309 1337 430 1408 luerint
452 1339 555 1426 longe
573 1339 707 1428 latoque
728 1339 878 1428 partibus
904 1339 1139 1410 adherentibus
1161 1356 1223 1408 scu
1244 1337 1427 1425 laventibus,

310 1437 387 1507 dum
419 1437 476 1508 ille
509 1438 602 1531 bnic,
630 1440 714 1508 altor
739 1440 816 1507 huic
840 1439 942 1509 lavet.
994 1439 1078 1507 Nam
1104 1439 1244 1507 clericus
1271 1442 1306 1505 ct
1328 1437 1428 1524 laycus

310 1537 408 1606 simul
440 1539 475 1605 in
507 1556 626 1630 unum,
653 1538 749 1608 dives
782 1543 815 1608 et
845 1556 974 1629 pauper
998 1538 1041 1607 dc
1067 1538 1119 1605 his
1146 1536 1350 1606 contendere
1373 1550 1429 1602 non

312 1637 503 1706 cessabant.
528 1637 604 1708 Non
632 1640 719 1706 enirn
745 1643 817 1707 orat
842 1640 958 1706 civitas
984 1638 1039 1707 uel
1065 1637 1248 1726 castellum,
1276 1639 1367 1722 regio
1386 1632 1430 1701 uel

310 1738 501 1827 prouincia,
535 1754 600 1823 quo
634 1754 766 1805 veneno
799 1737 895 1805 buius
922 1738 1146 1805 contentionis
1172 1753 1241 1804 non
1267 1740 1360 1804 esset
1382 1751 1430 1800 ra-

311 1833 391 1903 bida
421 1835 476 1902 uel
500 1833 637 1904 inlecta.
687 1835 781 1926 Non,
807 1837 958 1924 inquam,
987 1841 1058 1904 crat
1084 1835 1202 1904 domus
1229 1834 1380 1922 aliqua
1369 1834 1430 1900 sine

309 1932 385 2020 lite3
412 1950 481 2001 uon
508 1933 615 2000 solum
641 1931 771 2025 iratres,
797 1952 912 2003 vorum
931 1935 1031 2004 ctiam
1051 1935 1109 2002 blii
1134 1935 1220 2002 inter
1243 1950 1282 2001 se
1310 1913 1430 2003 discor-

311 2029 445 2123 dabant,
480 2031 556 2099 dum
583 2031 723 2121 quilibet
747 2050 808 2122 pro
835 2051 926 2126 roge,
956 2035 1009 2101 cui
1035 2032 1135 2123 lavet,
1161 2034 1271 2119 litigat
1299 2037 1333 2101 et
1358 2048 1431 2100 con-

311 2135 425 2198 certat.
450 2129 604 2217 Denique
628 2132 758 2219 probis
777 2133 914 2218 regibus
932 2132 1061 2200 infinita
1082 2138 1135 2200 cst
1159 2132 1332 2200 contentio
1356 2125 1432 2219 apud

310 2246 439 2298 omncs.
486 2228 582 2298 Unde
609 2229 742 2300 dicente
768 2231 927 2300 Domino:
954 2231 1075 2317 Surpet
1097 2248 1179 2318 pens
1202 2232 1237 2298 in
1260 2229 1487 2316 contenet

309 2345 445 2414 reanum
475 2329 634 2397 coenan
665 2346 817 2417 raparum,
849 2331 925 2416 [rot
923 2347 961 2398 er
992 2332 1026 2398 tn
1048 2329 1206 2414 fratrom,
1236 2329 1334 2411 filii
1323 2347 1356 2398 to
1375 2343 1432 2415 pu·

310 2432 427 2495 rentes.
477 2429 591 2497 Preter
624 2428 690 2498 alie
720 2432 895 2498 innumera
919 2428 1007 2496 mala
1033 2446 1099 2542 (ιιι
1125 2428 1344 2516 multiplicata
1368 2432 1434 2496 sunt

309 2527 344 2596 iu
370 2531 468 2618 terra,
495 2526 585 2596 unde
612 2528 693 2643 quid
719 2527 809 2598 aliud
836 2546 879 2597 ex
904 2545 945 2597 eo
973 2529 1129 2597 conicere
1155 2545 1353 2619 possumus,
1376 2523 1433 2594 nisi

310 2627 437 2696 instare
465 2625 551 2696 diern
577 2629 798 2697 novissimum
824 2635 857 2697 et
884 2629 1092 2695 extremum?
1117 2627 1211 2695 Deus
1238 2632 1360 2719 autem,
1386 2623 1434 2712 qui
1485 2631 1486 2723 ι

310 2725 375 2794 bec
408 2726 573 2794 neminem
608 2728 695 2794 scire
727 2727 853 2817 voluit,
885 2726 932 2793 illi
966 2729 1071 2795 toturn
1104 2727 1357 2818 committimus,
1388 2721 1436 2812 ιιι

310 2825 405 2892 novit
429 2825 611 2914 presentia,
637 2828 799 2939 preterita·
821 2830 855 2894 ct
879 2825 999 2893 lutura

229 2926 297 2980 tart
383 2919 484 2991 Anno
517 2923 620 3008 igitur
653 2925 848 2994 mcccxiiii.
856 2915 1038 2992 ²decurso
1065 2928 1215 3013 tempore
1243 2927 1277 2990 et
1303 2924 1435 2991 vacante

308 3013 495 3108 imperioa
475 3020 607 3090 alcsto
635 3027 864 3114 pentecostes,
892 3041 959 3110 quo
986 3027 1136 3090 mortuus
1166 3027 1218 3090 cst
1246 3039 1355 3115 cesar,
1380 3035 1435 3088 us-

229 3150 287 3192 οιι.
310 3135 375 3205 cuc
401 3120 436 3186 in
463 3119 550 3189 diem
576 3121 665 3189 beati
693 3122 787 3212 Galli,
819 3122 932 3191 diuina
958 3121 1153 3190 exhortante
1179 3122 1288 3208 gratia
1315 3123 1437 3190 electo-

246 3204 279 3258 ¹⁶
308 3234 363 3285 res
389 3219 495 3309 regni,
522 3225 704 3289 tractantes
730 3223 816 3289 inter
842 3238 879 3288 se
907 3220 949 3288 de
975 3220 1042 3288 alio
1067 3237 1160 3310 rege,
1187 3219 1358 3310 prefigunt
1382 3216 1436 3286 sibi

309 3314 397 3397 diem
423 3321 458 3384 ct
482 3318 627 3388 locum
618 3338 652 3387 m
678 3321 812 3389 civitate
833 3318 1070 3406 Fr3ankenlurt
1096 3318 1256 3388 videlicet
1281 3318 1337 3389 die
1357 3315 1484 3386 beati

309 3405 414 3482 (ὶιιιι3
447 3415 490 3484 ad
525 3419 723 3487 electionem
758 3417 1009 3508 exequendam,
1037 3423 1071 3485 ct
1096 3435 1210 3504 regem
1237 3419 1338 3488 aliurn
1363 3433 1438 3507 pro-

309 3511 499 3584 creandum.

394 3612 435 3680 iit
468 3613 568 3681 illo
558 3632 594 3681 m
628 3617 776 3705 tempore
810 3614 992 3684 Ludwious
1024 3616 1163 3684 illustris
1196 3616 1265 3685 dux
1289 3615 1439 3686 Bawaric
1482 3629 1483 3638 “

282 3712 422 3782 babuit
464 3718 651 3801 campestre
696 3713 819 3783 bellum
860 3733 934 3782 curn
974 3711 1187 3784 Australibus
1221 3719 1256 3784 in
1290 3713 1442 3784 Bawaria

308 3809 397 3902 apud
422 3810 654 3903 Mospurgam,
682 3814 771 3881 siout
803 3815 1003 3902 premissum
1030 3820 1093 3904 est,
1118 3815 1176 3882 ubi
1202 3817 1362 3883 acerrime
1389 3811 1441 3880 di-

307 3912 445 4002 micanS,
473 3908 576 3978 fretus
602 3910 666 3979 Dei
693 3911 828 4005 auxilio,
858 3919 998 3981 stennue
1021 3914 1241 4006 triumphavit,
1268 3913 1325 3982 ubi
1347 3901 1482 3982 etiam

308 4011 445 4078 sortitus
473 4027 595 4079 nornen
622 4010 753 4080 celebre
786 4017 819 4080 ct
845 4010 964 4080 lamam
991 4013 1224 4081 nichilominus
1250 4013 1442 4099 gloriosam.

342 4157 373 4222 1)
391 4158 426 4211 So
443 4160 508 4214 wird
526 4161 572 4216 das
588 4163 663 4217 licius
681 4162 728 4216 der
744 4162 783 4217 bs.
807 4177 838 4217 zu
861 4163 1017 4218 vorbessern
1043 4167 1114 4233 sein;
1139 4164 1229 4222 oeten
1252 4165 1295 4219 bat
1312 4163 1442 4220 brevibus.

307 4224 338 4291 2)
358 4239 481 4282 mcccxv
499 4230 538 4284 bs
574 4233 605 4298 3)
625 4232 680 4285 lst
672 4233 743 4300 rrrig,
760 4231 806 4287 der
821 4235 864 4300 ιιι
875 4233 942 4288 nacb
955 4231 1039 4290 Lucas
1051 4233 1100 4300 (to
1112 4235 1179 4301 oct)
1196 4247 1253 4289 war
1265 4233 1442 4295 deruabltag
1480 4207 1481 4251 ¹
