3052 4878
280 160 353 230 len
627 188 695 234 vnn
716 186 853 235 nuncucr
874 187 983 243 cunnrr
1004 190 1064 235 rur.

354 326 444 394 lnter
463 324 528 394 elie
546 329 579 392 et
595 329 708 394 cetere
724 344 788 413 que
805 324 892 396 secte
915 332 992 397 sunt
1007 327 1093 395 inter
1109 326 1276 396 dominum
1291 326 1405 396 Ludo-

279 426 387 494 vicum
420 442 534 511 regem
564 421 785 494 Remencmm
811 431 845 494 et
869 426 1072 495 llridericum
1104 423 1258 517 Austrie‚
1291 425 1408 495 lectum

281 530 334 593 est
364 530 400 592 ut
433 523 585 594 deminus
618 523 803 594 Fridericus
837 531 993 612 quereret
1024 543 1175 611 regnum.
1224 523 1329 606 Quem
1354 543 1409 594 rex

279 622 469 693 Ludovicus
496 623 653 712 compulit
683 625 807 693 intrare
833 624 963 692 hortum
989 625 1193 716 repulerum‚
1219 643 1289 693 non
1313 627 1409 694 inue-

280 725 352 791 nire
385 741 540 814 regnum,
573 721 635 790 sed
669 723 801 792 sibimet
827 730 860 792 et
885 726 954 793 suis
988 723 1100 792 iecere
1130 722 1332 792 scandalum.
1372 724 1411 792 Et

281 824 396 890 mirum
419 823 475 910 qui
494 821 636 890 sedebat
653 825 687 890 in
705 840 792 910 equo
809 823 993 914 pheleret0‚
1016 822 1117 890 debet
1138 841 1259 910 equum
1276 829 1310 890 et
1326 842 1412 892 erme

280 940 341 1010 pro
369 926 496 1012 repete,
524 929 558 990 et
582 922 648 990 hcc
673 941 732 1011 pre
759 924 859 990 nimie
884 921 986 1011 leme;
1013 939 1077 989 nec
1093 923 1179 990 enim
1194 922 1412 1012 compellebat

282 1038 357 1088 eum
383 1038 456 1089 cum
480 1021 551 1089 suis
567 1021 726 1089 recedere
748 1021 953 1090 festinanter.
994 1021 1021 1090 E
1040 1026 1155 1088 contre
1172 1039 1261 1089 enne
1280 1021 1412 1090 evolute

281 1137 341 1188 rex
373 1119 562 1189 Fridericus
596 1121 817 1209 compellebat
849 1138 965 1207 regem
994 1119 1201 1189 Ludevicum
1226 1119 1412 1188 ascendens

279 1235 341 1308 per
365 1217 555 1287 inlerierem
581 1223 614 1287 et
640 1222 843 1310 superiorem
864 1220 1049 1287 Beweriem
1075 1237 1210 1288 menere
1236 1219 1272 1287 in
1298 1221 1413 1289 cestris
1506 1253 1507 1306 ι

281 1322 316 1385 et
338 1318 383 1386 ibi
408 1335 578 1387 remenere
605 1335 678 1388 enm
701 1319 997 1408 multisexpensis.
1039 1318 1159 1386 lterum
1181 1317 1337 1387 deminus
1357 1336 1413 1386 rex
1506 1333 1507 1412 j

278 1415 472 1485 Ludovicus
508 1434 595 1486 enne
630 1419 782 1487 revolute
820 1417 1041 1506 compellebat
1073 1435 1189 1503 regem
1214 1417 1412 1486 Friderieum
1506 1421 1507 1468 l

279 1517 401 1584 intrere
417 1515 559 1585 insulem
577 1518 661 1586 inter
675 1517 803 1606 Lycum
822 1523 855 1585 et
871 1515 1031 1606 Rhenum,
1058 1517 1197 1604 insuper
1221 1518 1414 1604 supervenit

277 1615 450 1683 inundetic
477 1633 635 1704 equarum
662 1636 727 1704 que
763 1616 985 1704 compellebat
1013 1632 1087 1683 eum
1113 1633 1182 1682 non
1208 1614 1354 1683 dormire
1379 1617 1412 1682 in

278 1716 403 1803 eempis
429 1716 484 1784 vel
510 1717 543 1783 in
571 1716 803 1806 sylvestribus,
832 1715 893 1784 sed
920 1713 1105 1782 escendere
1133 1731 1234 1802 super
1251 1731 1361 1802 eques
1382 1718 1414 1782 et

279 1815 329 1882 sic
355 1814 523 1882 embulere
547 1815 581 1881 in
597 1817 705 1902 equis,
733 1813 824 1902 qued
850 1832 918 1882 non
944 1813 1026 1883 vidit
1044 1811 1164 1881 emede
1192 1814 1278 1904 quie,
1306 1831 1413 1901 usqne

278 1913 314 1980 in
341 1911 427 1980 diem
450 1914 589 1982 tertium.
628 1915 670 1983 Et
685 1916 734 1982 sie
752 1913 945 2000 navigando
962 1911 1056 2000 fugit.
1097 1911 1171 1980 Hoc
1190 1917 1244 1981 est
1262 1913 1413 1981 omnibus

279 2016 394 2079 notum
421 2018 455 2079 et
479 2007 639 2082 certum¹.

353 2110 426 2178 Hoc
444 2111 590 2180 schisma
610 2111 740 2181 duravit
758 2111 918 2198 usquein
936 2103 1091 2178 ceterum
1105 2127 1238 2177 ennum.
1272 2107 1325 2175 Ibi
1342 2109 1416 2177 Fri·

280 2207 411 2276 dericus
438 2211 497 2278 rex
523 2213 651 2298 aceepit
676 2228 831 2295 megnum
858 2208 1052 2297 dampnum,
1075 2225 1151 2275 nem
1178 2208 1339 2276 obtentus
1366 2211 1416 2276 est

194 2323 262 2378 1322
280 2307 314 2374 in
331 2309 484 2376 Benene
498 2327 603 2398 prope
627 2307 777 2377 Muldcrl
799 2313 832 2376 et
857 2324 1039 2396 percussus
1064 2312 1116 2374 est
1134 2306 1220 2375 inire
1239 2326 1260 2375 e
1280 2308 1414 2374 minime

195 2407 269 2513 spru.
227 2425 387 2514 8usque
414 2407 457 2476 ed
483 2413 666 2478 maximum
707 2407 790 2476 Nem
814 2406 951 2475 adduxit
970 2406 1015 2474 ibi
1035 2410 1155 2492 gentes
1182 2407 1238 2493 qui
1262 2405 1415 2493 percussi

211 2461 358 2574 28sunt
378 2505 420 2574 ed
439 2506 557 2576 dentes
577 2509 744 2598 ungaros,
771 2506 941 2598 Mcreves
970 2506 1150 2594 Styrenses
1177 2511 1210 2572 et
1226 2501 1414 2592 Australes,

277 2604 311 2672 hi
337 2624 405 2674 nen
432 2605 565 2676 luerunt
590 2609 673 2676 teles
701 2607 782 2693 quin
808 2611 924 2674 essent
948 2605 1103 2693 prestreti
1137 2608 1170 2672 et
1190 2604 1324 2675 misere
1351 2621 1415 2671 ne-

279 2710 332 2772 cet
332 2707 353 2773 i.
319 2703 425 2773 ιΟ
446 2726 542 2793 quem
567 2709 679 2792 grevis
705 2723 826 2792 guerre
843 2724 863 2772 e
878 2705 989 2772 multis
1009 2702 1140 2770 euditur
1163 2704 1287 2792 periter
1309 2707 1344 2770 et
1362 2703 1416 2771 vi-

279 2802 392 2872 detur!
434 2804 517 2873 Nem
538 2807 593 2892 qui
613 2809 775 2874 venerant
792 2821 866 2871 cum
892 2803 1025 2888 megnis
1053 2804 1147 2889 equis
1175 2808 1209 2870 et
1233 2801 1416 2890 pheleretis

278 2919 351 2969 cum
386 2903 509 2994 glorie,
536 2904 690 2971 ieeebent
715 2906 748 2971 in
774 2904 916 2970 menime
947 2903 1097 2988 miserie3
1131 2902 1187 2989 qui
1212 2899 1357 2968 sedebat
1382 2902 1415 2966 in
1506 2915 1507 3000 3

279 3000 376 3089 solie,
391 3003 477 3068 iecet
494 3005 528 3069 in
548 3003 767 3092 sterquilini0‚
786 3020 844 3069 rex
860 3001 928 3068 dux
951 3019 1024 3067 eum
1038 3001 1193 3067 militibus
1212 3004 1246 3067 et
1260 2999 1414 3068 omnibus

279 3099 510 3187 complicibus:
537 3119 605 3169 nen
633 3107 685 3170 est
709 3102 864 3168 inventus
892 3116 977 3166 unus
996 3101 1075 3185 quin
1097 3103 1189 3168 esset
1211 3099 1366 3185 ceptivus
1385 3102 1417 3164 et

277 3197 363 3264 mele
390 3199 593 3291 vulneratus,
620 3201 675 3270 vel
695 3218 767 3268 eum
787 3198 930 3288 pedibus
949 3198 1107 3284 alligatus
1129 3199 1183 3266 vel
1210 3203 1244 3264 et
1269 3199 1415 3264 occisus.

277 3295 319 3364 Et
345 3298 435 3382 qued
469 3301 585 3366 mirum
620 3305 673 3367 est
699 3300 810 3367 dicere
836 3297 890 3366 vel
918 3299 1016 3364 etiem
1043 3314 1215 3386 enerrere,
1244 3294 1414 3382 quemodo

278 3392 408 3462 confusi
423 3403 457 3464 et
473 3397 641 3484 quomode
659 3398 782 3466 reclusi
800 3415 868 3465 nen
886 3395 1054 3463 hebebent
1075 3397 1224 3484 spiritum
1242 3396 1343 3462 etiem
1358 3395 1416 3462 le·
1506 3391 1507 3484 j

278 3493 402 3581 quendi
418 3497 473 3563 vel
491 3515 608 3564 menus
634 3496 847 3565 extendendi.
879 3495 963 3562 Nem
986 3492 1140 3562 ebscisse
1161 3495 1270 3582 cepite
1287 3500 1321 3560 et
1338 3510 1415 3560 me·

276 3611 339 3661 nus
367 3599 400 3662 et
433 3595 568 3663 brechia
600 3613 673 3664 curn
698 3595 840 3684 pedibus
870 3599 903 3662 et
929 3593 1009 3661 tibia
1034 3593 1136 3661 multe
1163 3599 1241 3660 sunt
1266 3593 1415 3661 invente.
1506 3601 1507 3680 ι

276 3692 324 3760 lbi
350 3694 383 3766 in
409 3694 575 3762 mentibus
603 3694 771 3783 speluncis
793 3700 827 3763 et
849 3695 885 3761 in
901 3692 1021 3761 abditis
1042 3699 1075 3760 et
1097 3694 1202 3780 sylvis
1225 3691 1416 3759 multisunt

276 3794 385 3860 neeeti
412 3800 446 3862 et
470 3794 590 3862 misere
616 3795 783 3882 prostrati.
1506 3801 1507 3806 ’

310 3951 340 4014 1)
358 3950 451 4008 Dieser
468 3952 556 4006 ebsetz
573 3952 643 4006 stelit
665 3951 709 4004 hei
725 3952 777 4007 Pez
794 3951 958 4007 unmittelber
980 3966 1028 4005 vor
1046 3949 1105 4005 dem
1122 3965 1178 4005 wes
1195 3965 1252 4004 zum
1266 3951 1325 4020 Jelrr
1345 3950 1415 4004 lete
1506 3951 1507 3958 ’

276 4019 373 4073 erziihlt
396 4019 470 4075 wind.
504 4020 599 4088 Uebrig
601 4035 649 4075 ens
674 4021 708 4074 ist
730 4035 783 4074 von
809 4017 867 4074 dem
889 4020 1048 4075 ehentheuer
1071 4021 1106 4072 im
1130 4017 1304 4086 riiltengerten
1321 4021 1415 4072 weiler

276 4087 361 4140 nichts
379 4087 507 4158 bekennt3
536 4037 599 4143 derg
605 4089 716 4156 riielrzug
739 4088 861 4155 Ludwigs
885 4103 934 4143 rer
956 4087 1086 4144 Friedrich
1108 4087 1162 4142 und
1186 4087 1227 4142 die
1244 4088 1416 4153 verwiistung

276 4153 480 4212 NiederBeierns
499 4131 576 4211 durch
594 4157 686 4213 diesen
704 4173 759 4212 war
781 4159 815 4211 im
837 4162 902 4224 sept
921 4158 1040 4211 undeet.
1059 4155 1138 4223 13193
1162 4155 1204 4210 die
1223 4156 1415 4222 einlrlemmung

277 4221 445 4280 Friedrichs
438 4240 473 4280 rm
491 4225 743 4284 iiberselrwemmten
762 4225 937 4282 Werterlrthel
954 4241 1010 4282 wer
1027 4226 1062 4279 im
1080 4197 1145 4293 sept’.
1164 4225 1239 4280 1315.
