3028 4878
501 201 629 246 aronam
652 199 886 246 nuunrroumsrs.
1191 169 1262 236 dtu

133 341 220 424 ginta
246 339 381 407 militum
406 340 439 406 in
466 356 533 407 una
558 343 652 406 veste
679 356 752 406 cum
779 341 881 423 vario,
909 343 942 406 et
967 339 1093 424 gallina
1119 337 1264 426 desuper

130 439 236 526 prisco
270 455 360 506 more
396 442 570 526 contexta,
599 439 695 524 quasi
722 455 826 526 super
851 437 1025 506 mendacio
1054 437 1263 524 redargutus,

130 528 351 606 banceriatus¹
378 536 511 623 quidem
538 541 571 604 et
598 535 742 625 desuper
768 537 809 606 de
835 555 948 625 panno
975 537 1089 622 griseo
1116 535 1262 624 indutus,

131 651 200 701 cum
233 636 311 702 viris
346 636 588 722 quinquaginta
622 635 812 725 respondit:
847 635 999 718 Sororic,
1033 639 1067 701 to
1099 633 1268 702 meoticis!

131 731 309 820 Statimque
344 734 451 822 ipsum
485 736 638 802 comitem
674 734 716 801 ad
751 733 870 802 collum
896 751 1011 822 pugno
1037 733 1204 821 percussit
1228 732 1263 799 in

128 831 310 921 episcopali
336 831 459 899 iudicio
488 840 610 900 temere
638 838 670 899 et
696 832 864 901 audacter.
904 828 1035 899 Obindo
1068 849 1145 900 mox
1172 838 1262 898 trans

127 935 260 1017 pontem
274 932 307 997 in
323 929 499 1016 llitzingen
524 930 723 1019 profugatus
751 933 869 999 evasit.
905 930 973 998 Sed
999 937 1120 1018 postea
1147 946 1261 996 comes

125 1029 227 1117 ipsius
253 1025 295 1096 de
318 1027 517 1097 Hobenlocb
543 1035 661 1097 terram
687 1029 877 1120 invadendo
905 1029 1068 1098 hostiliter
1097 1028 1261 1097 devasta-

126 1129 179 1195 vit
215 1127 362 1195 Tandem
390 1145 520 1218 comes,
548 1146 590 1197 ex
620 1135 715 1217 parte
751 1130 953 1218 principatus
989 1134 1022 1195 et
1048 1125 1261 1215 provincialis

126 1224 235 1293 iudicii
261 1227 367 1314 ipsius
395 1226 539 1294 ecclesie
566 1227 821 1316 Herbipolensis
848 1226 890 1295 ad
916 1227 1107 1294 instantiam
1133 1225 1263 1292 Alberti

124 1323 262 1411 predicti
288 1323 434 1412 desuper
459 1325 651 1414 requisitum,
680 1326 845 1393 desistere
872 1323 913 1391 ab
940 1325 1082 1413 inceptis
1106 1330 1139 1391 et
1157 1325 1190 1391 in
1207 1323 1263 1390 iu-

124 1421 209 1510 dicio
235 1423 370 1490 iusticie
397 1440 469 1491 cum
496 1423 615 1492 eodem
642 1424 684 1491 de
711 1422 908 1492 Hobenlocb
934 1421 1138 1490 contendere
1164 1421 1263 1489 inde-

125 1519 190 1587 bite
224 1522 402 1590 recusavit.
439 1518 490 1588 Ob
516 1521 581 1590 hoc
611 1523 685 1610 ipsa
721 1522 868 1590 eeclesia
903 1521 1001 1588 etiam
1034 1526 1113 1609 post
1139 1521 1262 1588 obitum

125 1618 202 1686 dicti
225 1620 346 1705 Yringi
369 1621 518 1708 episcopi
542 1623 651 1709 ipsum
672 1620 713 1688 de
741 1619 939 1688 Hobenlocb
966 1625 1082 1688 contra
1109 1618 1262 1687 comitem

123 1722 159 1783 ut
172 1719 369 1806 premittitur
389 1717 545 1786 bellando
565 1726 597 1786 et
614 1721 698 1787 alias
714 1719 786 1787 cum
805 1717 933 1786 diutino
953 1716 1139 1805 dampnoso
1155 1717 1262 1804 ipsius

124 1817 268 1885 ecclesie
303 1816 480 1905 dispendio
508 1817 707 1888 defensauit.
751 1816 900 1886 Subinde
928 1834 1062 1903 quoque
1087 1833 1148 1904 per
1174 1821 1262 1882 tem-

123 1933 204 2002 pora
238 1915 416 1984 Bertoidus
443 1916 485 1983 de
512 1915 739 2002 Hennenberg
771 1935 813 1984 ex
845 1920 940 2002 patre
967 1912 1068 1981 etde
1097 1913 1265 2002 Wiltperg

123 2030 164 2082 ex
190 2021 296 2081 matre
329 2013 437 2082 iuerat
461 2017 494 2081 in
522 2017 714 2104 episcopum
749 2013 1026 2101 Herbipolensem
1057 2012 1202 2102 electus,
1230 2019 1265 2078 et

124 2113 379 2199 possessionem
414 2115 630 2202 episcopatus
661 2113 803 2203 adeptus
839 2118 955 2180 contra
982 2159 1168 2186 ......
1177 2102 1191 2144 ²
1221 2110 1264 2178 de

122 2209 299 2300 Trimperg
330 2229 426 2279 suum
460 2212 661 2304 coelectum,
696 2220 730 2280 et
754 2211 888 2280 tandem
916 2229 936 2278 a
961 2228 1047 2299 papa
1080 2207 1263 2296 prefectum

121 2309 155 2376 in
190 2311 388 2398 episcopum
422 2310 715 2399 Herbipolensem,
744 2310 857 2378 sedin
880 2307 986 2376 reditu
1008 2307 1050 2375 ad
1078 2325 1140 2374 sua
1158 2312 1263 2374 morte

123 2413 332 2495 preventum,
361 2407 403 2476 de
430 2425 496 2495 quo
530 2410 605 2497 ipse
632 2459 640 2478 .
668 2460 675 2476 .
702 2408 744 2476 de
771 2406 998 2492 Hennenberg
1024 2404 1263 2492 gaudescebat.

122 2504 247 2574 Contra
281 2523 378 2593 quem
413 2508 510 2574 etiam
544 2507 686 2575 subinde
713 2506 835 2574 nedum
861 2503 902 2572 ab
930 2503 1130 2572 electoribus
1156 2503 1264 2590 ipsius

119 2603 160 2672 de
189 2605 366 2694 Trimperg
397 2605 458 2672 sed
485 2606 583 2673 etiam
609 2625 630 2674 a
656 2603 904 2693 quampluribus
940 2602 1013 2670 aliis
1040 2600 1261 2670 contratribus

120 2703 259 2792 capituli
290 2702 545 2792 Herbipolensis
576 2703 723 2794 prelatus
758 2703 907 2772 decanus
934 2698 1023 2789 apud
1050 2699 1164 2767 sedem
1190 2697 1263 2767 Ro·
1327 2703 1331 2713 “

118 2820 253 2869 manam
270 2803 304 2868 in
325 2801 405 2870 urbe
425 2820 498 2870 cum
520 2802 684 2871 adiutorio
709 2802 915 2898 dominorum
943 2798 985 2866 de
1013 2797 1212 2867 Hobenlocb
1230 2803 1264 2864 et

119 2899 162 2968 de
180 2900 319 2968 Brunelr
337 2918 377 2967 ac
391 2902 510 2969 civium
529 2901 819 2991 Herbipolensium
836 2902 870 2967 in
890 2899 1083 2988 episcopum
1092 2895 1262 2985 Herbipo-

118 2998 254 3067 lensem
272 2999 444 3087 prevaluit.
475 2999 513 3068 In
531 3000 637 3068 reditu
662 2999 703 3068 ab
718 3000 801 3068 urbe
823 2997 1004 3067 conficiens
1022 2997 1107 3064 istos
1124 3013 1261 3064 versus:

220 3096 365 3188 „Grates
391 3097 496 3167 reddo
524 3099 600 3189 dcc,
629 3098 795 3167 celebrato
822 3113 965 3183 namque
992 3094 1143 3184 tropheo,
1223 3176 1226 3182 ,

247 3192 301 3263 Ad
326 3214 400 3264 mea
425 3196 513 3266 letus
540 3215 592 3286 eo,
619 3199 783 3266 victorin
809 3195 907 3264 hostc
935 3188 1044 3261 meo.“

115 3294 234 3382 Ipsum
261 3313 404 3382 namque
427 3295 468 3362 de
488 3295 714 3380 Hennenberg
735 3293 777 3362 de
803 3295 876 3382 ipsa
902 3291 1123 3381 possessione
1150 3306 1261 3377 ymmo

115 3397 237 3462 uerius
266 3393 465 3462 detencione
493 3395 602 3463 eiecit.
635 3395 768 3462 Electus
786 3409 931 3479 quoque,
960 3391 1038 3477 quia
1062 3388 1095 3455 in
1123 3390 1262 3475 episco-

114 3511 197 3582 pum
222 3498 455 3581 consecratus
481 3491 665 3562 ordinando
687 3492 826 3559 clericos
849 3496 882 3558 et
905 3488 1065 3556 ecclesias
1086 3503 1126 3552 uc
1146 3485 1262 3552 altaria

116 3588 357 3659 consecrando
376 3590 518 3676 aliisque
542 3610 636 3660 suum
658 3589 801 3657 officium
819 3584 1007 3656 exercendo
1035 3584 1077 3651 de
1104 3584 1260 3668 graciose

117 3688 211 3758 dicte
249 3687 340 3755 sedis
373 3687 503 3757 indulto
538 3688 785 3777 quampluribus
820 3687 915 3753 annis
948 3684 1048 3770 vixit,
1084 3697 1261 3748 remanens

117 3789 234 3856 eciam
260 3787 294 3853 in
321 3786 465 3854 ecclesia
491 3787 692 3874 Moguntina
716 3787 898 3853 canonicus
917 3778 1154 3870 prebendatus,
1187 3777 1262 3845 De-v

114 3905 210 3954 mum
239 3883 373 3970 quidem
398 3887 430 3951 iu
458 3885 560 3973 opido
585 3883 815 3952 monriehstad
842 3885 875 3950 in
903 3881 1007 3948 choro
1032 3876 1261 3946 conventualis

114 3983 271 4054 ecclesie
296 3983 512 4072 parrochialis
539 3984 701 4072 sepultus.

150 4137 184 4201 1]
205 4139 363 4202 gepauzerl;
387 4134 429 4187 die
455 4133 575 4188 Frauken
603 4133 729 4202 sprecben
757 4129 827 4184 noch
852 4129 929 4184 beute
947 4127 963 4180 b
982 4130 1077 4196 stattp
1138 4125 1169 4188 2)
1188 4125 1262 4180 leere

113 4205 208 4270 stelle,
229 4203 281 4256 viel
299 4208 384 4289 spater
402 4209 471 4256 elwa
490 4203 523 4254 im
542 4203 709 4258 siebzelruteu
728 4199 809 4252 iabrb.
826 4196 964 4265 ausgesdllt
981 4197 1039 4248 mit:
1060 4195 1213 4250 conradum.

1009 4279 1062 4332 30*
