3052 4878
468 178 537 224 urar
558 177 695 225 Lucovrcr
717 178 825 248 ouran
846 181 906 226 nir.
1190 150 1260 222 153

123 335 187 386 sua
212 320 410 407 coronatur,
438 321 471 384 et
495 335 556 405 pro
583 335 664 405 rege
698 319 739 386 ab
773 320 862 387 orani
887 317 1013 407 populo
1041 317 1259 410 collaudatur,

120 417 167 484 ibi
195 433 336 504 corpore
364 417 590 485 sacratissimo
623 417 748 486 domini
774 419 880 486 nostri
905 417 987 485 Jesu
1015 417 1138 486 Christi
1166 419 1260 486 ciba-

119 522 183 605 tur,
211 519 246 582 et
271 533 292 582 a
318 516 448 583 cunctis
473 517 631 604 populis:
670 517 762 584 Vivat
784 517 870 584 rec!
903 517 994 584 Vacci
1016 518 1102 584 rea!
1123 518 1260 604 magni-

121 614 183 682 lice
217 613 457 704 proclamatur,
493 615 538 682 ibi
572 617 731 684 universo
765 617 837 684 orbi
872 632 910 682 sc
942 616 1064 683 habere
1091 615 1261 684 dominum

120 712 329 802 divulgatur,
364 718 398 780 θῖ
432 715 597 803 corporali
627 716 800 802 presentia
834 713 1095 782 demonstratur:
1121 715 1260 803 pulcher

120 819 271 900 aspectu,
298 830 446 899 persona
471 810 566 882 fortis
595 820 629 882 θῖ
650 815 804 904 honesta,
833 816 922 881 orine
944 817 1052 902 crispo
1072 819 1106 881 ct
1122 819 1259 904 retorto,

123 911 369 1001 superciliatuS,
396 912 483 979 bene
511 913 675 1004 oculatuS,
703 930 786 981 naso
812 913 974 1002 proclivo,
1002 931 1059 981 ore
1081 912 1201 980 ridenti
1227 918 1260 980 et

118 1009 285 1099 iucundo,
323 1012 410 1079 collo
446 1009 588 1096 fulgenti
614 1018 647 1079 et
673 1010 832 1101 rotundo,
868 1012 1010 1079 brachiis
1045 1016 1077 1078 et
1108 1012 1259 1080 manibus

119 1109 208 1176 bene
236 1108 437 1202 dispositus,
464 1114 605 1179 incessu
632 1117 665 1180 et
691 1117 761 1181 toto
789 1129 928 1199 corpore
955 1111 1124 1202 robustuS,
1152 1112 1259 1179 inori-

119 1208 184 1275 bus
220 1209 374 1300 inclitus,
408 1210 518 1278 animo
545 1209 730 1301 iocundus,
757 1211 806 1277 vir
832 1210 1145 1294 christianissimus,
1171 1211 1259 1278 letus

117 1307 207 1395 letis,
236 1324 376 1377 severus
405 1310 546 1399 severis,
594 1306 622 1377 Ο
649 1310 742 1377 Deus
770 1309 868 1396 quale
895 1309 1070 1395 gaudium!
1103 1307 1134 1377 Ο
1160 1309 1259 1396 quale

121 1405 320 1493 tripudium!
360 1408 402 1476 Et
428 1410 477 1477 sic
502 1414 622 1495 regnet
646 1406 726 1476 felix
744 1409 777 1474 in
798 1413 1003 1496 perpetuum.
1045 1407 1261 1476 Celebrantur

119 1506 297 1596 convivia,
332 1507 478 1576 letantur
507 1509 655 1598 agnina,
683 1506 889 1576 collaudatur
915 1512 948 1575 et
973 1507 1108 1575 domina
1133 1509 1259 1597 regina,

119 1603 245 1672 dantur
278 1623 433 1698 munera,
466 1606 668 1674 redimuntur
700 1605 810 1674 vadia.
852 1604 1073 1691 Congaudeat
1104 1611 1188 1677 terra
1216 1605 1259 1673 de

117 1703 204 1771 tanti
230 1705 322 1789 regis
349 1705 458 1790 gloria
483 1724 543 1794 per
568 1705 698 1773 infinita
724 1703 912 1773 seculorum
940 1704 1063 1772 secula.

194 1799 295 1870 Anno
321 1803 447 1872 domini
475 1805 679 1874 ccccxliii.
706 1805 786 1871 rnira
812 1803 959 1872 dicturus
987 1822 1069 1872 sunr.
1103 1801 1342 1884 Secundargpa

114 1919 198 1990 pars
217 1901 408 1992 electorum,
436 1902 527 1991 quod
543 1921 611 1972 non
630 1907 683 1972 est
704 1902 851 1971 auditum
871 1923 891 1971 a
909 1903 1030 1971 linibus
1056 1902 1256 1994 seculorum,

114 2005 245 2069 vocant
276 1999 393 2069 ducein
419 2002 619 2071 Fridaricum
636 2001 694 2069 -ad
720 2021 819 2069 unam
855 2003 1020 2070 civitatem
1048 2019 1112 2088 quc
1139 2001 1258 2069 dicitur

115 2091 235 2184 Pung1
262 2105 296 2166 et
320 2108 498 2169 coronatur
523 2103 569 2169 ibi
594 2104 629 2169 in
656 2119 773 2189 carnpo
801 2119 900 2190 super
925 2120 992 2170 uno
1015 2100 1105 2168 dolio
1125 2107 1158 2168 et
1173 2118 1257 2189 pro·
1276 2133 1341 2174 ror.

115 2198 278 2265 clamatur
304 2201 337 2266 in
363 2218 488 2286 regern.
534 2199 615 2281 Quis
642 2218 785 2288 unquam
813 2199 940 2268 audivit
967 2200 1055 2289 talia,
1083 2199 1137 2267 dic
1162 2218 1258 2290 rogo,
1294 2188 1328 2241 ²⁵

114 2296 217 2387 facta,
244 2303 282 2364 ut
301 2297 368 2366 duo
393 2300 488 2368 simul
510 2306 625 2368 essent
649 2316 750 2385 reges
773 2297 995 2368 Romanorum
1018 2317 1037 2365 a
1057 2299 1179 2366 hnibus
1197 2316 1258 2366 se-

114 2396 292 2464 culorum?
332 2395 439 2466 Oves
466 2399 590 2466 domini
617 2398 778 2466 electores
805 2416 907 2485 quare
933 2397 1030 2466 vobis
1048 2416 1068 2464 a
1088 2397 1161 2465 Deo
1180 2396 1258 2465 date

115 2500 198 2564 sunt
219 2513 275 2563 res
298 2501 331 2563 ct
352 2497 524 2564 honores?
565 2497 647 2565 Tale
670 2497 816 2566 schisma
834 2497 931 2585 quale
951 2514 1019 2564 non
1040 2502 1092 2563 θεῖ
1112 2495 1259 2563 auditum

113 2612 175 2682 per
204 2595 393 2662 seculorum
420 2596 552 2685 secula,
579 2595 669 2664 unde
705 2601 809 2664 ortum
845 2601 897 2662 θεῖ
928 2594 1073 2662 ecclesie
1101 2596 1259 2662 exomni

113 2694 241 2782 parte?
272 2692 360 2762 Vae!
387 2693 477 2762 Vae!
504 2694 595 2763 Vae!
629 2694 713 2763 Nam
739 2696 825 2761 inter
849 2693 926 2761 illos
947 2694 1130 2780 primitivos
1155 2709 1258 2760 veros

115 2791 224 2882 duces
253 2797 287 2859 θῖ
311 2793 469 2862 robustos
494 2800 612 2862 exorta
629 2800 706 2862 sunt
730 2793 909 2861 certamina
927 2793 962 2858 in
978 2794 1137 2861 universa
1161 2796 1258 2861 terra.

190 2889 276 2958 Nam
292 2891 451 2984 Ungaria,
479 2891 599 2982 Styria,
626 2892 778 2961 Moravia
797 2897 830 2959 ct
849 2892 995 2982 chvia,
1023 2889 1174 2980 Colonia,
1193 2887 1258 2958 Al-

114 2990 204 3057 satia
231 3007 305 3057 oum
330 2988 467 3060 Austris
493 2991 671 3059 adstabant
696 2991 875 3060 Friderioo.
918 2991 986 3059 Sed
1013 2991 1165 3058 omnibus
1192 2990 1258 3058 hoc

115 3087 194 3156 dico
212 3089 375 3157 Bohenria
399 3092 472 3158 curn
497 3091 654 3178 Saxonis,
680 3090 817 3158 Polonia
833 3106 907 3157 cunr
924 3089 1126 3179 Pranburga,
1145 3089 1258 3157 Mich-

113 3189 204 3255 sinia
231 3205 306 3255 curn
334 3189 526 3279 Thuringia,
555 3189 697 3257 Treuiris
717 3207 789 3256 oum
808 3188 995 3278 Moguntia,
1022 3186 1157 3256 Rhenus
1184 3207 1258 3256 curn

112 3292 259 3374 utraque
294 3288 448 3356 Bawaria
482 3288 661 3357 adstabant
694 3287 866 3356 Ludovico
900 3288 1146 3375 preclarissimo
1182 3288 1257 3373 regi

112 3403 252 3472 niagno.
298 3385 381 3453 Narn
409 3388 541 3476 etipse
569 3387 703 3472 subegit
737 3403 854 3454 ornnes
881 3387 1034 3454 civitates
1063 3388 1169 3473 regni.
1218 3387 1259 3454 Et

115 3485 166 3551 sic
193 3483 284 3551 sacta
309 3491 386 3553 sunt
405 3485 596 3554 discrimina
617 3504 678 3574 per
705 3502 765 3554 eos
784 3486 818 3553 in
845 3491 931 3553 terra
957 3503 1090 3575 inagna,
1118 3487 1195 3572 quia
1214 3501 1257 3552 ex

113 3582 180 3650 hac
213 3581 383 3651 discordia
417 3585 493 3653 hinc
524 3585 601 3653 inde
631 3583 803 3652 interiecta
830 3590 909 3652 sunt
933 3586 1111 3672 plusquam
1136 3583 1256 3669 viginti

112 3682 227 3771 millia,
256 3687 290 3750 et
315 3684 348 3750 in
377 3685 529 3752 omnibus
555 3684 703 3772 partibus
731 3683 772 3751 ab
792 3685 835 3751 iis
854 3682 960 3752 lactus
982 3688 1033 3750 est
1051 3681 1141 3768 ignis
1160 3679 1259 3750 ardor

114 3781 293 3848 maximus.
336 3780 455 3850 Videte
478 3783 543 3851 hoc
561 3788 613 3850 est
635 3785 749 3850 mirum
769 3801 936 3872 magnum,
965 3780 1056 3868 quod
1076 3781 1159 3846 inter
1175 3797 1259 3868 par-

115 3897 197 3947 vunr
225 3885 259 3948 θῖ
285 3897 439 3966 magnum
475 3900 544 3950 non
578 3886 630 3949 est
660 3883 816 3949 inventus
845 3899 947 3972 unus,
974 3896 1038 3946 nec
1063 3897 1168 3970 papa,
1196 3895 1260 3946 neo

119 3977 314 4068 cardinalia,
341 3997 404 4047 nec
431 3982 622 4070 episcopua,
650 3997 714 4048 neo
731 3980 929 4070 patriarcha,
955 3995 1018 4047 nec
1037 3995 1136 4064 reges
1155 3977 1259 4047 duces

118 4075 177 4145 vel
203 4077 339 4168 milites,
366 4080 424 4165 qui
450 4079 576 4148 iaceret
601 4080 663 4148 hos
690 4078 886 4148 concordes.

156 4203 188 4268 1)
207 4203 283 4256 Bonn
303 4217 343 4258 arn
360 4203 450 4260 Rhein.
