3096 4882
276 194 347 266 186
597 223 661 270 aaa.
682 220 806 270 nussam
827 221 991 272 tunouous
1013 222 1079 270 arv.

191 370 259 428 tem
275 364 465 436 vicecomes
482 361 574 432 Luce
590 379 663 434 cum
682 363 749 432 tllio
771 362 848 433 olim
870 360 1031 432 Castruoii
1052 361 1214 454 inclusus,
1240 361 1313 431 dum
1333 378 1392 430 ne·

275 468 388 554 potem
404 459 564 555 Aeonem,
591 462 692 532 lilium
709 463 786 532 olim
804 461 936 552 Galaaz,
961 460 1134 530 Ludovico
1152 462 1306 531 rebellem
1321 479 1394 550 per-

275 568 440 646 nosceret,
469 579 548 630 sese
574 563 746 652 continuit,
773 577 847 628 eum
871 561 1139 650 Florentinisque
1163 560 1321 650 permulta
1343 576 1395 648 per

274 662 496 731 internuntios
524 679 625 749 super
651 661 793 746 agendis
820 661 854 727 in
879 660 931 728 his
961 658 1174 728 anfractibus
1199 664 1396 750 pertempta-

274 761 333 850 vit,
361 759 581 848 fiduciamque
606 760 804 828 Florentinis
831 759 1068 828 mercatoribus
1096 762 1282 847 ceterisque
1307 760 1396 826 vian-

276 860 364 928 tibus
381 859 486 928 libera
499 859 634 928 licentia
649 859 750 928 eundi
767 857 929 927 redeundi
943 857 1180 946 mercandique
1191 859 1328 946 largitus
1341 861 1398 924 est

351 959 444 1026 Tunc
459 976 522 1027 nec
534 957 715 1027 Beltrando
732 956 941 1026 Ludovicum
959 958 1153 1044 amicosque
1163 961 1197 1026 in
1206 956 1399 1045 Langobar-

276 1055 342 1148 dia,
356 1056 507 1144 Reginos
527 1057 655 1126 scilicet
669 1075 709 1126 ac
721 1057 931 1147 ParmenseS,
949 1057 1124 1125 bacveluti
1142 1056 1222 1145 luga
1235 1063 1270 1126 et
1283 1055 1400 1124 adver-

276 1149 403 1247 sione1,
430 1158 537 1224 visum
566 1161 636 1244 est3
665 1155 726 1225 sed
752 1154 945 1246 confestim,
972 1161 1009 1224 ut
1033 1158 1151 1246 potuit,
1179 1157 1339 1225 accersito
1364 1169 1401 1220 ex

275 1255 427 1325 Venetiis
453 1255 580 1324 Ioanne
606 1252 746 1345 Qudico,
775 1255 872 1323 exule
898 1255 1078 1344 Parmensi,
1105 1254 1227 1323 multos
1248 1257 1402 1323 Parmen-

277 1355 362 1422 sium
397 1360 462 1422 tam
497 1357 532 1422 in
565 1355 640 1442 ipsa
674 1355 755 1423 urbe
787 1373 885 1441 quam
916 1355 950 1421 in
985 1354 1127 1422 coloniis
1160 1372 1220 1423 sue
1256 1351 1401 1422 sectionis

275 1452 430 1544 habente,
457 1453 583 1541 illoque
603 1454 637 1521 in
656 1453 754 1522 srdem
784 1459 934 1541 accepte,
962 1454 1068 1540 copiis
1087 1453 1224 1521 militum
1239 1452 1403 1542 peditum-

276 1570 341 1640 que
369 1553 564 1643 citocatia,
591 1554 730 1640 primum
755 1553 789 1618 in
814 1550 976 1638 Reginum
1003 1550 1201 1642 districtum,
1229 1551 1349 1621 deinde
1373 1549 1404 1614 in

274 1651 499 1742 Parmensem,
526 1651 569 1720 ad
588 1652 738 1721 colonias
762 1648 1015 1739 depopulandas
1034 1657 1220 1739 cunctaque
1246 1651 1405 1720 exteriora

275 1751 453 1820 cremanda
479 1751 670 1818 transmisit.
723 1748 843 1835 Regini
869 1748 1033 1836 siquidem
1058 1768 1119 1838 per
1145 1768 1205 1818 eos
1234 1757 1312 1819 ante
1338 1747 1404 1816 dies

275 1855 310 1918 et
333 1850 399 1937 ipsi
428 1851 649 1936 suggestione
681 1846 870 1916 liubeorum
903 1848 1126 1917 Parmensium
1159 1849 1201 1916 ab
1236 1850 1350 1936 legato
1376 1849 1406 1912 et

275 1949 417 2016 ecclesia
435 1948 478 2016 ad
495 1948 676 2016 contrarias
702 1952 814 2035 partes
841 1945 1042 2016 deiecerant.
1086 1947 1232 2017 loannes
1260 1947 1404 2028 Quilicus

275 2063 349 2116 cum
383 2047 505 2114 militiis
542 2047 684 2114 ecclesie
719 2045 990 2136 fautoribusque,
1026 2045 1184 2115 videlicet
1219 2048 1298 2115 tiliis
1333 2045 1405 2114 elim

275 2145 400 2212 Giberti
425 2145 468 2214 de
496 2144 647 2231 Corrigia
674 2148 706 2212 et
732 2145 805 2240 aliis
832 2145 1000 2213 civitatum
1026 2143 1121 2230 Regii
1143 2151 1176 2214 et
1202 2147 1319 2214 Parme
1346 2161 1405 2211 ex·
1523 2233 1524 2238 Ἰ

275 2243 436 2336 torribus,
468 2246 502 2312 in
534 2243 672 2312 eosdem
706 2243 790 2312 lines
826 2243 1052 2312 discurrentes
1086 2261 1181 2313 urere
1216 2245 1351 2335 predari
1377 2245 1407 2308 et
1523 2239 1524 2246 ’

276 2344 456 2434 captivare,
484 2344 595 2412 omnia
621 2348 708 2410 terre
736 2342 924 2411 substantia
946 2361 1143 2412 consumere
1169 2344 1285 2413 hostili
1310 2357 1408 2411 more.

275 2439 404 2522 Quibus
438 2448 581 2512 castrum
611 2441 771 2510 llerbeme
803 2442 1041 2510 validissimum
1077 2449 1197 2531 sponte
1224 2462 1304 2512 mox
1330 2439 1409 2510 red-

275 2541 376 2610 ditum
412 2547 482 2633 est,
514 2542 604 2610 bello
630 2540 769 2627 Reginis
796 2546 831 2609 ct
862 2542 1094 2610 Parmensibus
1120 2541 1298 2610 inserendo
1326 2557 1409 2610 con-

274 2642 553 2728 gmentissimum.
603 2639 734 2709 Deinde
768 2640 810 2709 ad
846 2647 991 2708 castrum
1029 2659 1091 2708 seu
1123 2641 1264 2729 burgum
1305 2639 1410 2708 sancti

273 2732 450 2828 Dyonisii²
475 2740 621 2809 Ioannes
655 2737 803 2819 Quilicus
830 2757 904 2807 cum
932 2746 1024 2808 certa
1050 2743 1247 2829 obequitans
1275 2742 1411 2809 militum
1524 2805 1525 2808 ,

274 2838 490 2928 peditumque
507 2856 606 2905 manu
619 2836 821 2922 discurrens,
846 2837 928 2906 illud
946 2840 1180 2926 inquilinorum
1196 2839 1410 2925 fideliumque

276 2954 411 3006 suorum
436 2935 593 3025 presidiis
620 2935 770 3027 firmavit,
797 2937 907 3025 deque
926 2937 1015 3006 bello
1035 2940 1108 3007 urbi
1126 2939 1303 3008 inserendo
1326 2955 1411 3006 cen-

276 3039 391 3104 stituit.
427 3036 696 3124 Processercque
714 3036 857 3106 ecclesie
871 3037 1041 3124 legatique
1060 3039 1258 3130 phalanges,
1277 3037 1412 3107 aditus-

277 3153 343 3222 que
375 3133 504 3203 urbium
541 3151 652 3202 earum
685 3134 833 3224 undique
868 3134 1063 3206 obsidentes
1095 3139 1245 3229 cinxere,
1273 3155 1319 3206 ne
1348 3151 1413 3224 qua

275 3239 369 3322 parte
396 3233 460 3303 illis
481 3234 605 3302 auxilia
624 3237 908 3327 conquirerentur,
937 3253 1074 3322 quarum
1090 3238 1293 3306 intrinsecos
1315 3237 1413 3304 etiam

276 3332 382 3401 sames
408 3334 521 3420 iniqua
548 3337 581 3400 et
606 3332 718 3401 inedia
743 3336 936 3423 preinvasit,
965 3334 1042 3403 darm
1068 3352 1109 3403 eo
1133 3354 1222 3405 anno
1246 3353 1310 3423 per
1337 3333 1414 3402 uni-

275 3449 404 3500 versam
432 3432 587 3500 Tusciam
608 3437 640 3499 et
659 3449 746 3519 pene
769 3451 898 3500 omnem
921 3432 1059 3525 Italiam,
1087 3439 1123 3502 ut
1139 3433 1327 3524 predictum
1353 3437 1413 3517 est,

276 3533 384 3600 omnis
411 3532 547 3617 generis
574 3533 694 3600 caritas
719 3533 863 3619 populos
890 3538 1034 3616 urgeret.

352 3629 451 3698 Canis
477 3627 618 3698 Grandis
643 3628 794 3721 Verona,
822 3629 898 3699 dum
928 3648 969 3698 eo
991 3649 1099 3718 usque
1122 3631 1236 3718 legato
1263 3629 1415 3699 eeclesia

277 3747 354 3798 sese
381 3747 450 3798 non
476 3729 604 3797 actibus
631 3727 812 3818 lentorem,
838 3728 951 3798 verbis
980 3736 1089 3798 tamen
1117 3737 1150 3798 et
1174 3728 1416 3798 blandimentis

275 3828 476 3898 benevolum
503 3827 726 3916 exhibuisset,
752 3845 813 3916 per
843 3846 902 3897 eos
930 3827 1002 3896 dies
1028 3831 1062 3896 in
1089 3831 1274 3898 contrarios
1303 3833 1414 3914 actua,

276 3929 501 4015 exercitiaque
528 3926 696 4017 prorupit,
724 3924 813 4013 apud
838 3926 1076 4019 Marcbariam,
1108 3935 1273 4017 utsupra
1300 3943 1417 4014 expo-

276 4027 373 4094 situm
400 4033 462 4117 est,
490 4025 654 4114 solempni
681 4029 715 4093 et
744 4027 915 4112 personali
940 4029 1106 4096 assistens
1132 4029 1299 4116 alloquio,
1331 4025 1417 4113 Spi-

309 4177 340 4244 l]
359 4179 513 4232 conterritos
526 4177 674 4244 relinquere
686 4178 795 4232 intactos
807 4177 869 4234 oder
881 4193 911 4232 so
924 4183 1005 4234 etwas
1018 4177 1118 4235 scheint
1129 4194 1160 4232 zu
1171 4177 1267 4234 lablen.
1285 4175 1319 4243 2)
1330 4175 1415 4231 llam-

275 4247 331 4301 nini
349 4245 433 4302 diirtte
450 4259 482 4300 zu
498 4245 572 4301 lesen
589 4247 658 4302 sein.
