3052 4878
261 177 332 282 ι150
613 205 681 250 vmn
703 203 841 251 nunovrcr
863 203 971 260 ounnrr
992 206 1052 251 rur.

258 344 401 413 heredes
427 350 547 411 terram
574 350 607 411 et
632 344 742 411 omnia
769 361 835 430 que
861 343 984 411 habere
1007 349 1150 436 poterat,
1177 343 1310 412 viriliter
1327 361 1381 413 oo-

259 459 395 512 currens
420 443 497 533 illis,
525 442 660 510 dicens:
686 443 761 510 Non
785 447 837 510 ert
860 443 1045 527 diffareatio
1064 443 1137 512 Deo
1163 444 1226 510 cett
1252 445 1383 512 liberare

259 545 292 609 let
317 543 424 610 moltis
449 542 503 608 cel
525 544 559 608 ia
579 542 715 627 poecis,
741 559 807 608 noo
830 541 1012 624 inferamus
1037 561 1117 630 erpo
1142 544 1264 611 emman
1287 544 1383 629 plorie

259 644 377 709 nostre.
418 640 658 709 Nichilominus
685 646 795 708 tamen
822 639 922 708 irater
948 658 1030 710 suus
1057 643 1212 711 dominus
1230 641 1384 711 Rudollus

260 739 327 808 dux
352 759 420 809 non
448 745 520 808 erat
545 739 606 808 sibi
633 741 667 806 in
693 738 867 808 adiutorio.
914 738 1031 827 ltaque
1067 743 1179 810 omnia
1204 759 1264 830 pro
1289 741 1383 808 nihilo

260 846 417 926 reputans
435 845 468 906 ct
488 838 725 907 commendans
752 855 790 906 sc
809 836 893 927 Deo,
922 856 1141 927 congressum
1168 840 1293 908 taciens
1319 858 1386 908 oum

258 939 322 1006 illis
348 941 382 1006 in
406 939 483 1006 loco
518 938 574 1024 qui
607 936 723 1006 dicitur
750 935 956 1006 Gomelstorl
984 942 1018 1006 in
1043 940 1158 1027 vigilia
1184 940 1273 1008 beati
1297 938 1386 1006 Mar-

167 1060 237 1115 1313
260 1039 319 1106 tini
338 1038 487 1125 episcopi
496 1029 518 1126 ¹,
535 1042 751 1124 prostcnrens
765 1037 828 1106 hos
844 1054 961 1107 omnes
978 1044 1010 1106 et
1028 1038 1197 1129 occidens
1208 1038 1389 1127 destruens,

178 1144 240 1253 igi·
259 1135 446 1227 deponens,
464 1135 650 1203 annihilans
672 1137 881 1206 conculcavit
897 1137 1070 1206 audaciam
1093 1138 1233 1208 illorum.
1266 1137 1388 1206 Etenim

260 1238 417 1324 scriptum
450 1240 519 1303 est:
557 1233 637 1321 Quis
669 1251 813 1320 coquam
844 1238 1048 1324 sperabitis
1071 1237 1213 1305 Donabo
1240 1241 1273 1304 et
1296 1237 1387 1304 dore-

259 1334 354 1401 tietos
381 1336 453 1402 eol?

332 1433 374 1500 Et
387 1435 503 1501 mirum
521 1435 554 1500 ln
571 1433 703 1502 modum
719 1448 846 1520 omnes
874 1435 910 1499 ut
925 1429 1109 1519 predictum
1122 1438 1185 1523 est,
1203 1433 1388 1503 vinculatos

258 1532 448 1623 recipiebat,
476 1532 634 1601 vidolioot
660 1535 799 1601 comites
826 1529 868 1598 de
896 1529 1156 1623 Schavvnheroh‚
1184 1537 1325 1604 comites
1351 1531 1388 1601 de

257 1629 354 1720 Rata,
392 1634 530 1702 comites
566 1631 607 1700 de
633 1632 734 1723 hals,
761 1622 920 1699 nobiles²
945 1628 987 1697 de
1014 1630 1147 1720 walse,
1176 1630 1218 1698 de
1247 1631 1389 1721 Capella,

258 1729 300 1798 de
325 1730 519 1820 Meyssaw,
552 1730 594 1799 de
621 1722 829 1819 Chunring³⁷
866 1734 899 1797 ot
923 1728 1067 1797 breviter
1100 1729 1244 1799 dicendo
1279 1746 1390 1801 omncs

257 1828 388 1897 nobiles
415 1828 560 1919 Austris,
589 1829 710 1919 styrie,
737 1829 899 1918 illoravia
921 1827 1100 1919 Carinthie,
1128 1835 1162 1896 et
1181 1848 1300 1899 omnes
1319 1848 1390 1897 ma-

255 1929 345 1995 iores
379 1928 509 1997 nobiles
541 1927 705 1997 inferioris
741 1929 910 2017 Bouaria,
945 1928 1002 2014 qui
1035 1945 1151 1996 omnes
1177 1930 1274 1996 iurati
1301 1931 1388 2018 prius

256 2026 441 2094 militabant
464 2027 599 2096 domino
621 2027 788 2096 Friderico
805 2027 882 2094 duci
901 2044 973 2094 oum
998 2028 1164 2094 mriversis
1184 2031 1305 2097 castris
1324 2029 1392 2096 Ba-

149 2114 158 2130 '
255 2126 359 2192 warie
397 2124 553 2193 videlicet
591 2126 794 2218 Scharding,
833 2124 1035 2214 Griesbaoh‚
1067 2126 1194 2216 Erneh,
1229 2125 1387 2216 Julhaoh‚

256 2224 407 2314 wintra,
444 2230 477 2292 et
513 2225 602 2312 quod
636 2225 773 2311 longum
806 2242 961 2294 enarrare
996 2230 1090 2292 essct
1122 2224 1291 2294 adiunctis
1320 2225 1391 2294 aliis

257 2323 343 2391 bene
371 2325 586 2411 septuaginta
612 2324 742 2393 duobus
771 2325 898 2393 castris

332 2421 400 2490 Sed
416 2442 468 2492 res
486 2425 614 2492 illorum
630 2426 733 2492 multo
752 2424 847 2492 aliter
865 2427 1047 2491 evenerant
1064 2441 1163 2511 quam
1184 2423 1250 2511 ipsi
1271 2442 1391 2513 spera·
1500 2507 1501 2512 Ἰ

256 2522 351 2610 bant3
377 2521 455 2591 idco
475 2541 544 2591 non
565 2530 619 2592 est
639 2522 814 2592 consilium
830 2522 973 2590 hominis
993 2527 1109 2590 contra
1133 2522 1197 2589 Dei
1224 2523 1390 2592 auxilium.
1500 2514 1501 2527 ’

255 2621 339 2689 Nam
365 2624 422 2710 qui
448 2621 489 2690 de
510 2623 678 2692 extraneis
696 2623 876 2712 phaleratis
899 2620 1031 2688 vexillis
1054 2621 1208 2689 bellicosi
1229 2622 1265 2688 in
1285 2623 1393 2710 armis,

256 2723 369 2788 vestiti
395 2739 555 2807 equorum
582 2726 615 2790 et
639 2739 816 2789 vaccarum
841 2720 982 2809 pellibus
1004 2720 1155 2807 gloriose
1176 2718 1394 2810 advenerant,

256 2820 322 2887 iam
354 2825 509 2907 petentes
545 2820 658 2906 lugam
693 2820 832 2889 conluse
860 2825 1087 2904 recesserant3
1114 2822 1204 2907 prius
1231 2819 1393 2887 sedentes

256 2920 291 2985 in
318 2920 424 3008 cquis,
452 2917 517 2987 ram
542 2919 691 2987 iacentes
719 2922 752 2987 in
779 2919 915 3008 truncis,
944 2917 1100 2986 denudati
1126 2920 1160 2985 im
1186 2919 1304 3009 pratis,
1332 2934 1393 2986 neo

257 3016 322 3082 iam
349 3018 455 3085 ornati
481 3019 610 3106 scricis;
638 3020 730 3107 prius
748 3019 834 3087 alios
854 3017 1042 3102 irridentes
1069 3019 1134 3084 iam
1152 3017 1289 3084 nimium
1308 3016 1395 3086 llen·

257 3120 326 3201 tes3
357 3117 449 3203 prius
484 3116 690 3207 gaudentes,
723 3119 787 3185 iam
821 3118 956 3184 mimium
990 3116 1164 3202 dolentes3
1190 3118 1283 3204 prius
1312 3116 1394 3204 soni,

257 3215 322 3280 iam
336 3214 469 3302 inlirmi3
485 3219 576 3304 prius
593 3217 677 3285 alios
694 3218 890 3306 spoliantes,
908 3218 972 3284 iam
990 3216 1063 3283 aliis
1081 3215 1224 3304 spolium
1243 3217 1395 3284 existen-
1499 3257 1500 3276 t

257 3318 320 3403 tos7
348 3318 382 3380 et
399 3313 489 3400 quod
505 3317 581 3403 plus
598 3315 773 3384 estdicere
791 3332 898 3403 equos
926 3321 959 3382 et
985 3315 1091 3384 boves
1118 3315 1334 3382 excoriantes
1362 3318 1395 3382 et

259 3429 296 3478 se
323 3413 357 3478 in
386 3415 580 3500 corporibus
608 3433 721 3483 eorum
748 3413 1008 3504 abscondentes,
1036 3418 1070 3480 et
1096 3414 1153 3500 qui
1174 3412 1307 3501 predari
1331 3430 1395 3481 ve-

257 3516 386 3602 nerant,
412 3511 517 3600 preda
543 3513 584 3580 ab
611 3515 684 3581 aliis
712 3514 845 3581 abducti
868 3511 1009 3582 lucrant.
1051 3512 1094 3581 Et
1111 3511 1310 3580 sicinclitus
1329 3510 1404 3580 dux'

256 3609 450 3679 Ludovious
469 3613 574 3679 victor
597 3611 670 3680 Deo
692 3612 838 3681 donante
860 3613 1015 3680 extiterat
1040 3616 1074 3678 et
1092 3611 1241 3697 gloriose
1263 3609 1306 3679 de
1324 3611 1396 3678 ini-

257 3711 350 3777 micis
386 3713 456 3779 suis
488 3709 746 3798 triumphaverat
777 3730 865 3780 anno
892 3710 1016 3779 domini
1042 3711 1239 3778 mmccxlii.
1286 3709 1331 3778 Et
1355 3725 1397 3777 ne
1450 3769 1453 3778 .
1498 3781 1499 3800 p

258 3826 345 3877 unus
364 3809 497 3896 quidem
517 3829 561 3878 ex
579 3811 628 3878 eis
650 3810 766 3896 elingit
782 3816 818 3878 ut
835 3812 1002 3878 nuntiaret
1022 3809 1107 3878 aliis.
1153 3809 1195 3877 Et
1219 3809 1268 3876 sic
1292 3809 1396 3895 quin-
1498 3805 1499 3810 ’

294 3953 324 4015 l)
343 3954 394 4006 Das
413 3953 509 4010 Chron.
529 3954 612 4008 Salisb
638 3953 704 4023 apud
722 3953 773 4007 Pez
793 3953 814 4016 l,
832 3955 891 4021 hot,
912 3953 980 4007 dann
1000 3953 1044 4006 das
1063 3951 1156 4006 Chron
1169 3949 1201 4002 de
1220 3949 1327 4004 ducibus
1336 3951 1397 4005 Bav.

259 4022 328 4089 apud
345 4019 436 4075 0elale
455 4024 478 4084 l,
496 4023 598 4076 round
617 4022 657 4076 die
676 4022 829 4090 Compilatro
847 4022 1030 4088 chronologica
1046 4020 1113 4088 apud
1127 4017 1217 4073 Oelele
1236 4020 1259 4088 2,
1278 4020 1328 4072 ast
1349 4033 1398 4086 ge-

259 4087 311 4141 ben
328 4090 399 4143 wohl
416 4090 536 4158 richtiger
553 4091 605 4146 den
622 4091 638 4144 9
656 4105 716 4144 nov.
752 4091 783 4155 2)
805 4089 841 4142 So
858 4090 914 4144 lese
932 4090 973 4144 ich
992 4095 1054 4143 statt
1070 4089 1186 4142 comites.
1223 4088 1254 4152 3)
1274 4087 1310 4140 So
1335 4100 1398 4141 ver·

258 4155 367 4212 bessere
390 4158 432 4213 ioh
455 4159 588 4226 Churring.
623 4159 693 4212 Aber
717 4159 790 4214 diosc
814 4171 908 4214 namen
933 4159 986 4213 und
1010 4157 1052 4213 die
1070 4156 1211 4224 folgenden
1230 4155 1281 4210 der
1296 4153 1397 4223 burgen

259 4225 318 4280 sind
335 4226 400 4280 auch
418 4227 483 4280 noch
502 4233 576 4282 sonst
593 4227 728 4295 unriehlig.
