3028 4878
258 181 329 248 tto
583 208 723 256 renarras
743 210 950 258 meroamusrs.
985 207 1009 274 c,
1028 209 1067 262 lt.

177 363 246 420 nott
261 348 429 437 culpamm
462 348 582 434 virgini
616 348 775 435 gloriose.
817 349 890 431 Quo
915 355 1052 438 peraeta
1078 347 1293 418 confessione
1320 369 1391 418 mo·

259 466 338 516 num
371 447 486 536 posuit
518 464 619 536 super
652 454 751 536 eaput
781 450 872 539 eius,
900 454 934 516 et
959 448 1205 518 absolutionem
1232 448 1316 516 dixit
1338 451 1393 516 in·
1503 457 1504 530 l

259 550 405 634 iungens
419 546 599 634 psalmom:
625 546 851 636 „Benedicam
871 547 1038 617 dominum
1059 550 1094 616 in
1118 548 1206 616 omni
1224 546 1393 636 tempere“
1503 551 1504 600 ἵ

257 663 318 735 pro
352 643 581 714 satisfactione
614 644 808 736 dicendum,
843 647 1076 735 evigilansque
1111 646 1201 714 buno
1233 648 1392 734 psalmum

1503 753 1504 788 l

1503 839 1504 874 l

259 745 404 813 crebrius
430 745 464 812 in
490 744 651 831 reliquum
679 743 878 813 decantavit

333 842 406 911 Hoc
423 860 522 932 anno,
548 848 698 930 tempore
715 845 860 933 augusti,
880 843 1021 932 pestifer
1038 848 1158 912 ventus
1178 860 1270 911 oram
1284 841 1392 930 Aqui-

258 942 422 1028 legr'ensis
447 947 564 1030 portus
590 939 716 1010 afflavit
746 942 787 1010 de
815 945 975 1031 spommis
1002 943 1104 1011 maris
1129 939 1287 1010 Adriatici
1311 960 1393 1031 prc-

260 1041 407 1130 oellcsis,
435 1041 490 1126 qui
509 1041 542 1108 in
562 1039 730 1108 districtus
753 1041 843 1109 illius
860 1042 1035 1130 complexu
1060 1041 1221 1129 plurimos
1247 1042 1282 1108 in
1305 1059 1394 1110 mor-

259 1145 325 1207 tem
352 1141 478 1226 stravit,
505 1138 664 1226 plurimos
690 1141 724 1207 in
750 1141 992 1209 infirmitatibus
1020 1140 1143 1209 diutius
1169 1140 1350 1226 colligavit.

333 1237 409 1305 Dux
436 1238 534 1305 etiarn
562 1234 719 1306 Albertus
743 1241 940 1325 gravissime
965 1240 1163 1328 infrrmatuS,
1191 1238 1393 1308 orationibus

259 1337 492 1422 religiosorum
511 1337 738 1406 communibus
756 1338 839 1407 deus
859 1338 988 1407 distulit
1004 1343 1142 1407 mortem
1161 1338 1246 1427 eius,
1274 1355 1394 1424 quam-

258 1435 310 1502 vis
334 1435 437 1520 longe
464 1440 556 1504 esset
575 1437 705 1523 positus
728 1455 747 1504 a
774 1455 835 1525 spe
856 1439 934 1528 vite,
960 1454 1021 1525 pro
1046 1455 1088 1504 eo
1105 1441 1142 1504 ut
1159 1435 1302 1504 ereditur
1318 1438 1395 1523 quia

258 1539 362 1602 terras
397 1551 476 1602 suas
502 1551 523 1602 a
548 1537 706 1620 contagio
733 1537 1085 1604 excommunicationis
1111 1537 1280 1620 sagaciter
1305 1553 1392 1602 con-

258 1634 421 1721 servavit,
449 1651 515 1720 qua
548 1639 684 1721 propter
708 1636 915 1722 imperatoris
948 1651 1111 1704 excessus
1143 1633 1208 1702 alie
1234 1635 1392 1720 regiones

258 1732 457 1800 tenebantur
489 1732 717 1800 miserabiliter
750 1734 927 1821 implicate.
968 1733 1036 1802 Sed
1072 1732 1114 1800 de
1146 1732 1394 1818 deigratiam

259 1848 392 1898 suarum
410 1836 568 1899 terrerum
587 1830 745 1917 gaudium
768 1833 1023 1923 convalescens,
1046 1831 1257 1920 prospiciens
1277 1830 1394 1922 futura,

258 1928 302 1996 ad
327 1930 484 1997 iuvenum
518 1927 639 1998 ducum
672 1936 821 2016 regimen
848 1937 882 1998 et
906 1934 1157 2005 instaurationem
1184 1930 1324 2000 comites
1350 1930 1393 1998 de

259 2026 512 2112 Sobawenberg
534 2027 626 2096 etde
651 2029 841 2116 Plannberg
853 2031 1006 2118 aliosque
1033 2032 1122 2097 viros
1148 2029 1310 2116 providos
1331 2029 1397 2097 de-

257 2127 405 2215 putavit⁷
439 2131 476 2194 ut
508 2125 660 2195 biberent
694 2129 728 2196 in
761 2131 920 2218 pueritia,
955 2128 1045 2216 quod
1071 2133 1192 2216 postea
1217 2134 1396 2218 ructarent,

257 2225 350 2292 iuxta
384 2221 548 2292 Oratium:
581 2225 785 2316 „Intendant
818 2231 961 2296 animum
996 2226 1115 2296 studiis
1142 2231 1175 2294 et
1201 2226 1304 2294 rebus
1330 2227 1398 2296 bo-

258 2319 403 2392 nestis.“
427 2322 639 2456 „l‘lampueri
660 2331 712 2394 est
730 2324 842 2418 etas‚“
865 2332 903 2395 ut
927 2321 1174 2416 moitov'idius,
1201 2326 1340 2415 „mollis
1368 2333 1402 2395 el

259 2426 337 2509 apta
362 2419 461 2512 capi!

258 2599 311 2670 Dc
341 2603 430 2668 statu
455 2599 616 2670 Mdewiot
647 2603 762 2670 lterum
787 2607 820 2670 et
847 2604 959 2685 finalis
987 2607 1156 2675 concitato
1181 2609 1222 2676 de
1248 2608 1397 2677 moereb

995 2707 1077 2790 Cup.
1102 2707 1161 2775 cit.
1186 2711 1220 2774 el
1242 2707 1397 2776 altimetra.

178 2837 245 2892 tera
334 2814 433 2886 Anno
459 2815 583 2886 domini
609 2818 810 2887 mcccxliii.
836 2821 950 2888 nuncii
976 2820 1149 2890 Ludewioi
1177 2841 1197 2890 a
1218 2824 1314 2891 curia
1339 2825 1397 2892 in-

261 2913 442 2982 efficaciter
458 2921 675 3004 revertuntur,
690 2919 863 3000 negotium
877 2923 1102 2989 retrocessum
1115 2923 1149 2988 in
1165 2939 1279 3007 regem
1289 2923 1397 2990 Fran-

261 3013 313 3080 oie
336 3005 624 3104 contorquentes¹,
653 3015 708 3100 qui
725 3013 848 3082 dudmn
865 3020 1070 3109 promiserat,
1095 3019 1282 3106 quodcum
1305 3021 1397 3090 sedis

260 3110 367 3197 gratie
392 3110 595 3180 reformaret.
631 3109 766 3180 Obstitit
792 3117 889 3182 etiam
910 3117 1002 3203 regis
1019 3118 1239 3188 Bobemorum
1265 3120 1398 3189 instans

260 3209 406 3298 quercla,
434 3228 530 3278 suurn
556 3229 595 3278 oo
622 3210 678 3278 tilii
702 3210 851 3280 dedecus
877 3214 994 3283 ulcisci
1017 3236 1077 3305 per
1097 3218 1254 3286 iustitiam
1271 3226 1399 3308 postu·

186 3336 245 3376 aas.
259 3307 370 3376 lentis.
402 3309 518 3376 Fertur
540 3310 773 3384 niebileninus
797 3328 943 3381 summas
959 3315 1110 3402 pontifex
1127 3319 1301 3386 terminum
1322 3325 1399 3387 sta-

195 3389 226 3443 ¹2
260 3407 376 3494 tuisse,
401 3412 438 3473 ut
464 3424 608 3476 errorem
635 3417 908 3501 recognosceret,
935 3417 1054 3482 terram
1073 3415 1294 3504 Tyrolensem
1314 3417 1399 3486 red-

260 3502 371 3593 deret,
406 3505 577 3592 imperium
603 3508 809 3596 resignarem
842 3515 876 3577 et
899 3510 964 3579 bac
989 3514 1064 3602 via,
1091 3519 1124 3582 et
1148 3531 1217 3582 non
1244 3515 1329 3606 alia,
1359 3533 1399 3584 se

259 3604 399 3689 gratiam
434 3603 654 3675 inventurum.
685 3603 749 3685 Qui
775 3607 963 3695 respondit:
994 3612 1101 3679 dicim
1121 3609 1326 3704 providentie
1351 3615 1403 3682 od

259 3719 385 3768 omnem
409 3706 555 3770 eventum
579 3722 616 3771 se
635 3704 747 3788 polius
771 3705 1011 3777 submissam.
1047 3711 1136 3800 Papa
1162 3713 1399 3782 cancellarium

259 3817 355 3867 suurn
381 3796 551 3870 Albertum
578 3801 619 3870 de
644 3801 860 3894 Hohcnberg,
887 3808 995 3876 solum
1010 3809 1106 3894 ¹inter
1129 3827 1192 3878 eos
1219 3813 1277 3898 qui
1302 3812 1401 3880 missi

259 3896 407 3986 fuerant,
442 3899 670 3970 aLudewicc
704 3900 878 3971 discedere
911 3910 1095 3998 persuasit,
1131 3909 1306 3998 spondens
1330 3911 1398 3980 sibi

259 3995 414 4065 meliusa
434 3997 526 4066 sedis
544 4001 651 4085 gratia
676 3999 927 4087 providendum.
961 4005 1114 4077 Pontifex
1140 4005 1251 4077 denuo
1279 4015 1396 4078 contra

294 4146 325 4211 f)
343 4145 412 4200 baim
436 4147 510 4202 Ceut.
523 4147 600 4226 'ltlart
617 4147 688 4202 Pol:
714 4152 742 4204 io
766 4163 855 4217 regem
878 4153 1037 4212 Francorum
1060 4161 1273 4228 impedimentum
1296 4155 1397 4228 negotii

259 4219 457 4282 retorquentes
474 4227 503 4268 es
520 4219 555 4268 rst
572 4216 627 4270 also
645 4217 716 4271 wobl
733 4233 764 4271 zu
783 4219 872 4272 lesen:
891 4227 988 4291 negotii
1005 4233 1188 4284 retrocessum.
