3096 4882
474 227 537 272 mn.
559 195 682 274 nussam
703 227 865 274 nuooucus
886 229 951 273 aar.
1214 200 1278 270 181

152 368 349 456 accesserat,
377 380 482 452 seque
500 366 543 433 in
565 366 716 434 omnibus
741 365 982 453 obsequentem
1002 369 1201 460 prestiterat,
1231 370 1283 437 si·
1303 386 1371 442 1328

150 465 281 552 mulque
309 469 341 532 et
368 465 549 552 episcopus
576 465 726 533 Venetus
762 465 938 552 digressos
964 465 1114 534 Venetiis
1141 466 1184 536 od
1208 467 1283 536 Lu·-

150 564 301 633 dovicum
319 563 413 635 Pisas
432 563 611 633 contendit.
646 562 773 644 Quibus
792 582 869 632 mox
885 564 1031 633 loannes
1049 585 1146 658 papa,
1164 569 1284 638 notitia

148 663 260 731 habita
268 715 278 752 ,
304 663 442 750 privatis
469 662 741 754 maledictisque,
769 681 989 733 successores
1016 663 1117 735 dedit.
1159 665 1283 735 Terre·

147 761 231 830 bant
261 761 326 828 hec
358 762 422 828 iam
457 764 545 829 omni
580 779 622 830 ex
655 768 749 851 parte
777 763 995 854 christianos,
1030 781 1103 830 oum
1128 766 1193 832 iam
1218 766 1284 834 boe

148 861 293 929 schisma
309 861 344 926 in
365 865 490 928 tantum
507 860 739 951 invalesceret,
766 868 802 928 ut
823 863 970 929 interris
989 862 1122 930 urbibus
1142 867 1283 932 castris-

148 977 212 1047 que
238 958 412 1027 Ludovico
439 961 643 1047 imperioque
671 960 871 1051 laventibus
899 963 1022 1049 spretis
1040 979 1126 1049 pape
1145 962 1282 1031 Ioannis

145 1059 332 1126 interdictis
359 1060 844 1150 excommunicationibusque,
871 1060 1069 1146 religionum
1096 1070 1282 1130 conventus

147 1159 318 1245 ceterique
358 1156 569 1226 basilicarum
611 1175 673 1226 seu
715 1159 914 1248 capellarum
947 1159 1141 1247 parochiani
1172 1161 1283 1230 divina

145 1255 258 1325 officia
285 1255 502 1326 celebrarent.

220 1355 420 1424 Beltraodus
445 1357 479 1423 in
497 1355 625 1424 Italiam
649 1354 827 1424 cardinalis
848 1357 985 1445 primum
1003 1357 1182 1448 Placentia,
1203 1355 1281 1426 inde

146 1453 263 1522 Parme
291 1471 364 1522 oum
390 1455 577 1523 militiarum
604 1471 735 1522 suarum
770 1457 876 1544 copiis
908 1458 1093 1544 persistens
1121 1474 1161 1524 ao
1185 1458 1282 1526 iussu

143 1571 233 1642 pape
252 1552 431 1641 preliorum
449 1555 682 1642 campestrium
700 1553 911 1643 vitabundus
930 1555 1005 1642 plus
1023 1552 1185 1622 Ludcvici
1202 1555 1281 1623 lau-

143 1656 235 1721 tores
263 1653 444 1721 terroribus
481 1672 579 1741 quam
606 1671 769 1722 armorum
798 1654 1065 1722 insecutionibus
1091 1654 1281 1741 impetebat.

145 1749 209 1831 Qui
242 1750 373 1819 demum
398 1750 599 1819 Lombardia
631 1752 825 1843 digressuS,
852 1753 1038 1821 Bononiam
1065 1770 1103 1820 se
1130 1753 1279 1843 contulit,

144 1867 245 1937 quam
272 1844 533 1920 decedentibus¹
560 1851 688 1919 civibus
724 1857 757 1918 et
781 1851 906 1939 populo
937 1853 971 1918 io
1004 1852 1138 1940 plenum
1167 1850 1280 1920 domi-

142 1950 235 2017 nium
252 1952 391 2040 aceepit,
419 1956 554 2018 exteros
575 1951 632 2037 qui
648 1967 709 2038 pro
727 1957 820 2038 parte
843 1947 958 2018 Romei
977 1952 1054 2019 olim
1081 1949 1123 2018 de
1147 1951 1280 2039 Pepolis

140 2049 232 2135 pulsi
247 2046 377 2116 lucrant
400 2049 589 2136 multosque
609 2067 650 2116 ex
675 2049 843 2116 veteribus
871 2051 1079 2136 antiquarum
1106 2067 1280 2118 causarum

142 2147 300 2215 exulibus
326 2147 517 2218 introduxit.
560 2148 676 2234 Ibique
701 2165 761 2237 pro
782 2147 932 2216 Romana
958 2149 1100 2217 eeclesia
1125 2167 1280 2237 papaque

138 2243 271 2313 Ioanne
300 2246 362 2313 sibi
389 2245 503 2314 sedem
536 2247 693 2336 firmavit,
721 2247 858 2316 assidue
886 2267 960 2315 cum
985 2249 1185 2316 Florentinis
1211 2249 1284 2316 Pes

138 2345 265 2413 msinis
294 2344 502 2413 senensibus
531 2351 563 2413 et
591 2346 663 2413 aliis
692 2344 915 2434 undecunque
942 2364 1002 2434 per
1028 2348 1181 2415 Tusciam
1206 2345 1280 2414 Ro-

139 2441 344 2512 mandiolam
364 2449 397 2512 ct
419 2444 598 2512 biarchiam
616 2443 717 2513 Gelfis
737 2444 884 2513 favorem
905 2447 1008 2533 partis
1036 2445 1179 2513 ecclesie
1196 2463 1279 2534 per-

140 2546 303 2610 tractans
342 2543 437 2610 Nunc
461 2560 624 2632 prospera
647 2562 736 2612 nuno
751 2543 894 2612 adversa
909 2546 1111 2633 perpetiens
1138 2545 1301 2625 maxime,

137 2645 275 2729 semper
308 2642 419 2710 aiebat
443 2644 477 2711 in
505 2645 623 2710 sommi
649 2639 711 2710 Dei
738 2643 867 2710 auxiliis
895 2641 1020 2731 iidens,
1049 2645 1104 2729 qui
1130 2659 1279 2710 concus-

137 2759 212 2808 sam
240 2741 417 2809 ecclesiam
443 2741 597 2829 Patrique
631 2741 818 2809 naviculam
843 2758 911 2809 non
939 2743 1042 2826 mergi
1068 2743 1279 2830 permitteret

137 2838 211 2908 Sed
236 2839 338 2928 paulo
365 2846 443 2928 post
467 2841 655 2908 Parmensis
682 2843 797 2908 civitas
826 2841 1055 2908 coniuratione
1077 2838 1277 2930 Robeorom,

135 2937 289 3026 presidio
318 2938 460 3006 ecclesie
486 2939 596 3029 pulso,
622 2939 755 3008 rebellis
783 2938 902 3008 edecta
919 2946 980 3030 est,
1008 2938 1279 3028 moxquedelata

133 3055 170 3105 re
201 3036 246 3104 ad
270 3037 434 3128 legatum,
460 3041 655 3127 episcopum
682 3039 911 3130 Parmenscm,
940 3040 998 3125 qui
1023 3038 1065 3108 de
1090 3038 1278 3108 Robeorom

135 3138 302 3225 prosapia
328 3141 407 3227 erat,
436 3143 567 3225 captum
594 3138 736 3208 retinuit.

210 3235 417 3326 Ludcvicus,
444 3238 497 3303 cui
517 3236 617 3327 nulla,
641 3244 805 3323 quatenus
820 3239 910 3306 vires
931 3240 1182 3328 suppetiissent,
1211 3256 1277 3305 au-

133 3332 234 3402 dacia
268 3335 406 3424 deerat,
441 3353 581 3421 regnum
612 3332 733 3423 Apulia
768 3337 909 3424 aggredi
943 3338 1133 3407 vehementi
1162 3339 1277 3406 animo

132 3433 318 3525 aspirabat,
346 3451 562 3521 quascunque
581 3441 711 3523 poterat
736 3435 770 3502 in
796 3437 879 3504 urbo
906 3438 1021 3525 copias
1050 3437 1277 3505 accumulans

129 3529 302 3601 liebertus
329 3551 426 3623 vero,
462 3533 539 3600 dum
572 3533 629 3601 illo
658 3539 692 3601 et
723 3533 909 3603 divitiarum
936 3542 971 3604 et
996 3539 1140 3605 omnium
1174 3535 1276 3602 terme

131 3633 306 3721 copiarum
334 3631 451 3701 fortior
476 3634 711 3720 patentiorque
740 3642 939 3724 cerneretur,
967 3653 1073 3721 regno
1100 3651 1162 3702 suo
1188 3650 1274 3700 con·

130 3732 257 3800 sistere
274 3747 339 3798 nee
353 3730 439 3798 ultra
457 3730 642 3799 discurrere
663 3731 765 3799 multa
781 3733 956 3822 prudentia
972 3733 1146 3821 disposuit,
1169 3747 1275 3818 seque

130 3847 287 3917 suosque
321 3831 482 3898 continuit
515 3848 588 3898 cum
616 3849 635 3898 a
661 3831 781 3898 Tuscis
809 3838 843 3900 et
869 3832 960 3900 Italic
989 3832 1090 3899 Geltis
1116 3829 1159 3898 ad
1186 3847 1273 3898 con-

129 3928 330 3998 certandum
357 3929 468 3997 multis
487 3929 702 3998 suasionibus
718 3931 940 3999 induceretur.
985 3930 1044 3996 lile
1071 3937 1181 3996 tameo
1206 3930 1274 3995 im-

128 4028 265 4097 mobilis
292 4033 394 4114 atque
416 4029 451 4094 in
469 4045 506 4096 se
525 4030 725 4119 consistens
754 4031 854 4098 urbes
880 4029 1070 4117 provincias
1097 4029 1279 4115 municipia.

129 4131 166 4195 ct
194 4128 350 4197 colonias
376 4145 455 4195 suas
483 4128 627 4218 munire,
655 4129 920 4217 circumvallare,
947 4129 982 4195 in
1006 4127 1165 4213 vigilibus
1191 4145 1274 4216 pre-.

166 4238 202 4305 l)
217 4251 249 4295 se
268 4236 425 4294 dedentibus
441 4237 476 4293 ist
493 4238 554 4293 cine
570 4239 752 4312 vermuthung
770 4239 813 4294 die
830 4236 1038 4295 icdeniallsdem
1050 4239 1109 4292 sinn
1124 4237 1276 4308 cntspnobt.
