3052 4878
481 223 549 267 vrrs
571 221 709 268 nuaovrcr
731 221 840 277 cunam
861 223 920 267 rur.
1199 192 1269 304 ihil

132 358 211 428 Nam
242 355 376 426 iratrcm
403 356 467 426 sibi
494 358 698 428 invidentem
729 365 764 429 et
789 363 922 430 nimium
948 361 1189 450 opprimentem
1214 362 1269 431 vi-

131 459 229 526 riliter
260 464 525 549 oppugnaverat,
553 465 586 526 et
610 461 686 548 ipse
714 464 833 528 terram
858 462 928 528 iuro
954 459 1155 528 hereditario
1181 478 1270 548 pos-

130 556 271 626 sederat.
313 556 356 624 Et
388 558 438 624 sic
464 555 692 627 demonstrata
726 577 788 627 sua
820 561 997 629 severitate
1024 565 1058 628 01
1082 558 1268 650 nobilitate,

128 655 212 724 lama
248 655 337 723 illius
364 656 453 744 oepit
478 657 615 725 avolare
642 665 675 725 ct
700 659 748 725 ire
774 657 816 726 ad
844 665 989 727 exteros.
1038 657 1077 725 In
1104 675 1145 726 eo
1172 676 1269 726 corn-

128 753 348 823 mendabatur
383 755 548 842 sapientia
581 758 743 825 severitas
775 763 809 826 ct
840 759 967 826 iustitia
1006 775 1104 844 quarn
1137 775 1269 845 semper

129 853 256 944 dilexit,
282 857 319 921 ut
342 852 386 921 ad
405 871 480 922 eum
503 855 718 923 inclinaretur
739 856 835 925 lavor
853 863 887 925 01
906 872 1096 925 consensus
1113 858 1268 925 omnium.

131 953 213 1022 Nam
240 953 315 1040 ipse
340 952 476 1020 inclitus
504 953 571 1022 dux
596 956 630 1022 in
660 973 798 1022 uxorem
824 955 919 1024 duxit
943 955 1108 1024 dominam
1133 956 1266 1023 Beatri-

130 1070 199 1120 cem
232 1050 331 1118 liliam
362 1051 501 1120 illustris
529 1052 625 1122 duois
651 1054 806 1140 Palania,
834 1060 869 1122 et
893 1054 1048 1122 dominus
1076 1053 1267 1141 Stephanus

129 1151 195 1219 dux
220 1149 386 1218 inieriorrs
412 1150 565 1219 Bawarie
598 1152 691 1220 duxit
725 1171 874 1221 sororem
901 1155 991 1243 cius,
1018 1151 1174 1221 videlicet
1199 1152 1267 1221 do-

128 1251 249 1317 minam
276 1248 439 1336 Gayttam.
487 1251 529 1318 Et
554 1253 705 1337 quamvis
737 1252 840 1320 inoliti
868 1252 1060 1342 Stephanus
1087 1250 1268 1321 0110110-

128 1351 221 1416 vicus
258 1346 363 1416 duces
397 1354 514 1418 essent
539 1348 735 1441 fratrueles,
762 1351 976 1420 nihilominus
1001 1351 1131 1441 parvuli
1158 1355 1268 1420 tamen

130 1465 242 1518 corum
270 1445 487 1516 allicerentur
512 1448 569 1516 hlii
598 1467 758 1518 sororum.
1335 1449 1339 1460 “

198 1545 327 1613 Varum
346 1544 468 1614 lactum
486 1553 538 1616 001
556 1553 592 1617 ut
608 1553 814 1617 morerentur
831 1547 978 1615 illustres
1001 1547 1108 1616 duces
1125 1547 1266 1616 inienio-

127 1647 168 1713 ris
195 1645 369 1734 Bawaric,
395 1644 552 1715 videlicet
585 1647 740 1716 dominus
776 1643 854 1714 0110
881 1645 1079 1733 magnificus
1106 1665 1165 1714 rex
1191 1648 1266 1715 Un-

128 1745 232 1833 garie,
260 1750 294 1811 01
319 1743 474 1812 dominus
503 1745 693 1835 Stephanus
721 1763 809 1814 anno
839 1744 964 1814 domini
991 1745 1172 1813 millesimo·
1193 1751 1267 1813 trc-

127 1843 313 1911 ccntesimo
340 1836 500 1935 ootavo¹,
528 1846 653 1914 relictis
687 1843 869 1913 heredibus
896 1849 930 1912 et
962 1844 1013 1912 his
1041 1845 1183 1911 minimis
1209 1846 1268 1912 iu-

128 1941 269 2012 venibus
297 1941 406 2010 adhuc
434 1947 468 2010 ct
493 1945 653 2032 parvulis.
698 1943 794 2013 Unde
822 1942 909 2011 lacta
935 1948 987 2012 est
1014 1945 1165 2031 questio:
1192 1945 1269 2030 quis

130 2059 245 2111 eorum
272 2039 409 2110 deberet
436 2058 514 2110 esse
542 2051 630 2112 tutor
656 2043 727 2112 sive
755 2041 937 2110 defensor?

197 2141 242 2209 Et
259 2139 385 2227 placuit
408 2142 513 2230 matri,
541 2149 574 2210 et
595 2142 749 2211 omnibus
774 2141 942 2209 nobilibus
957 2140 1122 2211 inferioris
1142 2143 1269 2210 B-awa-
1370 2135 1375 2147 '

132 2239 178 2307 rie
205 2238 342 2328 placuit,
370 2238 461 2325 quod
487 2239 641 2309 dominus
667 2239 857 2309 Friderious
882 2241 1081 2326 magnificus
1108 2241 1175 2309 dux
1195 2237 1270 2308 Au-

131 2340 223 2406 stric.
262 2337 288 2405 E
313 2342 431 2406 eontra
462 2336 628 2428 displicuit
646 2340 799 2409 omnihus
817 2338 1004 2407 ciuitatibus
1027 2347 1061 2406 01
1076 2331 1224 2408 civibus²
1239 2344 1272 2406 01

129 2435 283 2505 omnibus
302 2435 514 2506 mediocriter
530 2440 696 2508 nobilibus
718 2438 883 2506 inferioris
902 2439 1071 2527 Bawaric,
1096 2445 1129 2505 01
1145 2438 1273 2525 placuit

131 2538 383 2624 prenominatus
409 2535 600 2606 Ludovicus
636 2538 768 2606 inolitus
798 2537 866 2605 dux
893 2539 1075 2624 superioris
1100 2537 1271 2622 Bawarie3

130 2640 162 2702 et
187 2636 239 2702 sic
264 2640 405 2703 vocatus
441 2641 494 2702 est
519 2654 579 2726 pro
608 2642 718 2705 tutore
745 2642 778 2703 et
804 2637 969 2722 assignati
995 2640 1073 2702 sunt
1099 2635 1163 2702 sibi
1187 2653 1271 2723 par-

128 2733 205 2824 uuli,
234 2738 268 2800 et
294 2731 392 2801 datus
421 2737 549 2804 osteis
576 2753 634 2823 pro
663 2734 843 2804 defensore
871 2740 905 2801 et
931 2739 1026 2802 terre.

160 2905 162 2910 ,
200 2829 301 2920 Quod
325 2837 429 2900 mater
453 2834 669 2902 vehementer
696 2833 801 2902 doluit
830 2852 904 2901 oum
922 2833 1075 2902 omnibus
1092 2833 1272 2920 nobilibus,

128 2935 161 2998 et
184 2931 386 3000 invocantes
413 2933 571 3000 auxilium
590 2932 714 3003 domiui
735 2933 891 3001 Friderici
916 2931 1010 3000 ducis
1030 2930 1175 3022 dustria,
1191 2949 1273 3021 pro-

127 3030 297 3098 mittentes
324 3047 399 3097 cum
425 3032 611 3100 iuramento
637 3034 747 3120 ipsum
772 3031 896 3100 habere
913 3037 1000 3100 terre
1022 3037 1056 3100 et
1077 3033 1189 3120 pueris
1212 3048 1273 3119 pro

129 3131 249 3197 tutore.
290 3127 354 3210 Qui
381 3129 523 3200 collecto
541 3131 642 3199 milite
660 3130 819 3199 videlicet
840 3131 1017 3199 comitibus
1045 3130 1166 3220 multis,
1195 3129 1274 3198 leur-

130 3224 262 3295 dalibus
298 3227 459 3296 militibus
494 3235 528 3297 et
562 3229 715 3299 ominibus
748 3229 928 3298 nobilibus
949 3226 1102 3319 hostria,
1140 3228 1273 3318 Styrie,

128 3323 300 3417 Moravie,
337 3325 502 3396 Corinthio
530 3335 564 3396 et
588 3327 756 3398 inferioris
791 3330 944 3396 Bawarie
978 3328 1156 3417 plusquam
1186 3327 1275 3395 mille

129 3423 285 3493 ducentis
321 3426 484 3517 galeatiS,
522 3429 672 3515 exceptis
698 3427 836 3496 infinitis
863 3427 1028 3516 peditibus
1044 3417 1066 3516 ³,
1095 3426 1276 3495 destinauit

129 3541 189 3592 eos
217 3523 262 3592 ad
287 3530 401 3612 partes
428 3523 535 3593 Rheni
568 3544 761 3616 expugnare
788 3526 958 3595 dominum
983 3525 1190 3595 Ludovicum
1216 3527 1275 3600 in-

129 3622 245 3691 clitum
272 3621 390 3691 ducem
417 3626 597 3713 superioris
624 3627 788 3694 Bawarie.
1147 3688 1150 3694 .

206 3719 281 3802 Quo
301 3721 413 3789 audito
432 3729 465 3790 01
482 3725 555 3812 ipse
572 3724 715 3792 collecta
733 3725 857 3815 militia,
884 3723 1041 3792 videlicet
1059 3723 1100 3791 de
1120 3723 1273 3790 11111100-

128 3818 244 3910 berch,
272 3819 314 3888 de
330 3815 593 3912 Slusselberch⁴,
621 3822 663 3891 de
685 3823 830 3910 Neyll'en
853 3829 886 3892 et
907 3840 992 3910 quos
1012 3824 1100 3890 circa
1124 3820 1274 3889 Rhenum

129 3917 258 3988 habere
285 3925 432 4010 poterat,
461 3920 618 4008 obligans
646 3940 684 3990 00
712 3939 857 4013 suaque,
883 3921 930 3990 nil
955 3920 1147 4010 ponderans
1175 3922 1275 3987 vitam

169 4103 202 4172 1)
219 4103 256 4158 101
273 4103 415 4172 unrichtig·
434 4104 522 4161 Stelon
540 4106 610 4161 starb
627 4111 662 4160 im
685 4106 743 4162 dee.
762 4107 837 4174 1310,
855 4103 915 4160 0110
933 4107 968 4159 im
985 4111 1051 4176 sept.
1070 4106 1146 4160 1312.
1191 4106 1222 4173 2)
1241 4106 1276 4158 So

129 4173 199 4295 18οιΞοι
214 4147 464 4296 ilplhsssetlabtgmhhuibus.
507 4176 539 4243 3)
558 4174 593 4228 So
617 4175 673 4231 lese
691 4175 732 4229 iob
756 4178 816 4230 statt
834 4179 1013 4242 pugnatorum.
1056 4175 1088 4240 l]
1107 4175 1142 4228 80
1161 4175 1217 4230 1000
1235 4174 1276 4229 ich
