3028 4878
271 220 343 292 394
599 250 742 298 rennuens
762 251 972 300 rrerouunsrs.
1008 252 1031 316 5,
1049 252 1073 303 t.

163 393 254 463 '1³22
269 389 505 478 aliquantulum
539 407 664 458 moram
696 392 810 482 traxit,
845 391 978 478 rapinas
1013 399 1047 461 et
1071 390 1229 461 incendia
1256 391 1403 459 exercuit

269 490 536 578 circumquaque.
568 487 772 558 Ludewicus
809 507 921 558 secum
947 490 1076 560 habens
1103 509 1218 577 regem
1244 489 1402 558 Bobemie

267 586 448 656 Iohannem
474 593 508 656 et
539 585 729 657 Heinrioum
763 588 881 656 ducem
912 589 1087 679 Bawari'e,
1122 590 1254 658 hostem
1288 605 1402 656 arcere

267 688 394 772 cogitat
419 704 461 754 ne
486 685 659 776 procedat
698 685 775 755 Dux
800 687 996 775 Leupoldus
1021 694 1058 756 ut
1083 687 1288 757 fructuosius
1314 686 1402 753 iratri

267 790 486 876 succurreret,
514 803 636 854 moram
662 783 759 873 lecit;
786 787 935 854 nuntium
962 793 1072 855 tamen
1093 786 1220 877 direxit,
1249 786 1307 874 qui
1332 783 1402 853 lra-

267 885 326 952 tris
353 889 474 952 statum
501 888 534 952 et
558 884 637 952 belli
661 888 792 973 tempus
826 887 1034 973 perquireret
1060 890 1093 953 et
1119 887 1231 954 omnia
1256 882 1320 954 sibi
1346 901 1403 952 re·

266 984 449 1073 nuntiaret,
485 983 560 1070 ipse
592 998 673 1050 vero
707 984 794 1050 eirca
827 985 1081 1074 monasterium,
1116 983 1208 1072 quod
1235 981 1402 1071 Campus-

265 1080 424 1170 Principis
451 1079 579 1172 dicitur,
606 1078 745 1148 reditum
778 1082 883 1148 nuntii
907 1082 1119 1170 prestolatur.
1155 1080 1219 1163 Qui
1243 1084 1278 1149 in
1304 1082 1403 1149 ulau

267 1180 411 1268 quodam
444 1181 585 1268 partium
614 1177 787 1248 Ludewici
813 1181 959 1272 capitur,
987 1185 1020 1250 et
1045 1180 1241 1270 Leupcldus
1271 1180 1313 1248 ab
1340 1196 1402 1248 ex-

265 1280 475 1368 spectatione
501 1296 563 1346 sua
589 1277 772 1348 frustratur.

338 1376 468 1446 Interea
495 1377 616 1445 bellum
641 1375 797 1444 indicitur
819 1381 852 1446 et
870 1377 1057 1447 ratificatur
1092 1375 1268 1465 Missaque
1291 1394 1401 1445 eoram

180 1497 252 1537 surr
263 1475 429 1545 Friderieo
463 1493 590 1544 summo
624 1474 770 1544 diluculo
797 1475 992 1548 celebratur.
1032 1477 1073 1544 Et
1098 1478 1218 1566 positis
1245 1476 1293 1544 ibi
1319 1475 1401 1543 reli-

197 1551 369 1667 28quiis,
402 1574 522 1643 anulus
554 1591 676 1642 aureus
710 1576 783 1642 sive
818 1575 961 1643 circulus
996 1575 1093 1645 simul
1120 1577 1317 1664 apponitur,
1345 1573 1399 1661 qui

261 1692 427 1762 presagus
451 1677 591 1742 eventus
612 1673 699 1740 sicut
721 1674 840 1742 dicitur
859 1675 1075 1762 presignavit
1110 1672 1183 1754 Quo
1210 1672 1399 1740 mirabiliter

261 1773 404 1862 sublato,
432 1773 584 1860 quesitus
612 1772 741 1839 minime
770 1779 823 1840 est
846 1779 1019 1862 repertuS,
1044 1773 1123 1840 licet
1148 1773 1251 1859 aliqui
1276 1770 1397 1839 luerint

259 1871 428 1961 inculpati,
456 1872 512 1959 qui
537 1876 617 1958 post
641 1871 872 1938 tribulationes
892 1873 942 1938 eis
960 1872 1139 1940 suscitatus
1166 1887 1204 1938 se
1229 1871 1394 1939 innocuos

261 1962 509 2038 ostenderunt¹.
552 1969 677 2058 Fertur,
705 1967 795 2057 quod
821 1968 908 2037 idem
935 1989 1047 2039 aurum
1074 1970 1139 2038 hoc
1164 1975 1316 2056 tempore
1342 1969 1396 2035 ni-

260 2069 358 2136 mium
395 2066 571 2157 expalluit,
608 2066 699 2156 quod
733 2069 816 2136 alias
851 2068 932 2136 miro
959 2068 1059 2138 modo
1087 2066 1328 2157 splendescere
1355 2065 1394 2134 ad

258 2183 421 2256 prospera
436 2167 621 2256 consucvit,
649 2170 682 2233 et
698 2167 834 2254 proauis
851 2166 1007 2234 Frideriei
1022 2167 1162 2254 gloriam
1183 2167 1300 2255 sepius
1319 2183 1397 2254 pre-

257 2265 491 2333 monstravcrit
515 2264 754 2352 triumphalem.
796 2263 948 2333 Creditur
981 2268 1067 2334 enim
1095 2265 1248 2334 extitisse
1275 2265 1319 2334 de
1346 2281 1394 2352 eu,

260 2363 359 2451 quod.
378 2369 444 2432 tres
469 2361 563 2450 Magi
588 2362 723 2431 domino
750 2363 950 2432 obtulerunt
993 2364 1065 2433 Nee
1093 2363 1297 2432 mirandum:
1326 2381 1395 2430 eum

259 2462 424 2551 Iosephus
459 2462 584 2531 scribat
618 2461 828 2530 sardooinem
860 2462 1005 2551 lapidem
1039 2464 1074 2530 in
1108 2463 1226 2531 dextro
1257 2462 1393 2530 humero

258 2562 445 2651 pontificis,
472 2577 545 2628 curn
572 2560 769 2629 sacrificium
794 2561 981 2630 sacerdotis
1008 2561 1072 2630 deo
1099 2561 1273 2650 placebat,
1304 2567 1393 2628 tanto

260 2660 440 2750 splendore
466 2661 624 2750 micassc,
652 2658 743 2747 quod
770 2661 867 2728 etiam
893 2659 1010 2747 procul
1034 2662 1154 2748 positis
1182 2661 1255 2728 eius
1283 2659 1393 2728 radius
1496 2715 1497 2758 ,

259 2764 445 2848 appareret
478 2758 674 2844 Egressuris
701 2756 744 2825 ad
777 2759 933 2848 prelium,
969 2760 999 2826 si
1030 2759 1115 2827 deus
1142 2777 1217 2826 cum
1243 2759 1294 2826 eis
1321 2761 1395 2846 erat,
1496 2759 1497 2783 ¹

261 2863 373 2926 tantus
407 2856 518 2942 fulgor
548 2858 582 2924 in
615 2855 782 2945 lapidibus
815 2857 984 2926 rationulis
1017 2857 1223 2947 apparebat,
1249 2862 1286 2924 ut
1312 2855 1395 2925 omni

261 2955 355 3024 fieret
381 2952 578 3022 multitudini
604 2954 823 3045 manifestum,
852 2973 966 3024 eorum
992 2957 1116 3025 auxilio
1139 2955 1238 3023 deum
1264 2954 1392 3023 adesse.
1495 3013 1496 3042 ,

260 3049 392 3122 Asserit
417 3053 526 3140 etiarn,
553 3052 642 3120 hunc
667 3052 830 3139 fulgorem
857 3053 1042 3123 sardocinis
1061 3061 1094 3124 et
1118 3053 1293 3123 rationulis
1319 3069 1393 3121 oes-

262 3169 359 3220 sasse
386 3150 539 3219 ducentis
566 3152 662 3219 annis
688 3157 865 3238 antequam
891 3154 956 3221 ista
982 3154 1197 3246 scripsisset,
1223 3169 1298 3222 oum
1316 3151 1392 3220 deus

262 3251 403 3320 moleste
429 3249 530 3318 terret
555 3251 843 3336 transgressiones
869 3251 967 3337 legis.
1494 3317 1495 3328 ,

335 3348 439 3436 Igitur
464 3347 646 3417 Fridericus
673 3350 763 3418 acies
791 3349 932 3440 ordinat,
960 3354 994 3418 et
1015 3347 1145 3417 tratrem
1170 3367 1267 3418 suum
1289 3347 1391 3416 Hein-
1494 3333 1495 3350 ¹

262 3447 364 3516 rieum
398 3466 470 3516 cum
489 3447 721 3538 ,Stiriensibus
750 3453 783 3516 ct
808 3454 913 3516 turma
946 3447 1088 3536 presulis
1117 3444 1388 3537 Salczpurgensis

262 3547 297 3614 in
331 3548 444 3636 primis
479 3547 660 3615 constituit.
701 3545 904 3615 Ludewicus
929 3564 1011 3616 vero
1037 3546 1260 3615 Bohemornm
1285 3558 1391 3631 regem
1493 3609 1494 3642 3

262 3647 444 3714 exercitum
478 3650 646 3713 curantem
680 3661 754 3712 curn
787 3645 945 3713 Heinrieo
978 3646 1062 3714 duce
1094 3645 1245 3713 Bawarie
1272 3656 1389 3730 genero
1493 3643 1494 3648 ’

262 3762 324 3813 suo
350 3763 410 3832 pro
437 3743 673 3833 principalibus
702 3742 883 3834 deputavit,
911 3743 984 3812 aliis
1000 3743 1175 3830 utrobique
1194 3744 1227 3810 in
1246 3744 1315 3813 suis
1337 3757 1390 3810 or-

262 3842 394 3911 dinibus
422 3843 607 3911 collocatis.
640 3841 777 3930 Utrique
804 3844 901 3910 etiarn
929 3843 1027 3928 signa
1057 3843 1239 3929 imperialia
1274 3838 1389 3928 aquili-

260 3939 332 4010 lera
357 3940 578 4030 preferuntur
612 3938 680 4008 Sed
700 3939 904 4010 Ludewicus
922 3941 1069 4010 habitum
1086 3940 1289 4030 plurificans,
1315 3953 1391 4028 pre-

296 4123 327 4188 l)
346 4123 465 4190 spiretur
483 4127 569 4177 zusatz
588 4123 635 4177 des
651 4121 733 4176 vert:
756 4122 852 4178 Postea
876 4137 948 4178 anno
976 4123 1072 4177 demini
1095 4137 1182 4178 rucco
1183 4122 1217 4176 xl
1219 4138 1253 4175 ιιι
1272 4123 1329 4176 alus
1344 4119 1394 4174 lra-

260 4188 343 4244 tribus
362 4190 477 4256 sublatis,
494 4205 583 4245 aurum
600 4190 668 4258 apud
687 4191 815 4258 quendam
834 4191 1023 4245 sacerdotem·
1015 4206 1042 4244 ιι
1059 4191 1163 4246 nustria
1180 4197 1307 4244 mortuum
1323 4193 1395 4243 iure·

263 4257 341 4325 nitur,
359 4258 509 4314 atelberto
528 4259 588 4315 duci
605 4263 778 4328 presentatur,
797 4260 840 4327 qui
858 4273 936 4328 super
950 4259 1001 4315 bec
1014 4259 1109 4327 gaudio
1120 4261 1226 4313 nimium
1244 4257 1393 4328 replebatur.
1491 4271 1492 4282 ι
