3052 4878
410 195 553 242 cunamen
575 197 612 242 nr
634 197 732 244 aesna
753 198 920 246 rnrucrrun.
1187 172 1232 242 63

103 335 248 418 signare.
275 329 425 402 Audiens
443 333 507 402 hou
523 335 590 404 dux
607 336 776 404 iracundia
790 342 969 427 permotus,
985 340 1125 428 preoipit
1140 357 1233 407 mar·
1252 349 1319 406 tam

103 432 212 502 sealeu
245 449 327 522 suu,
360 438 397 499 ut
431 432 607 502 claustrum
639 437 727 521 ignis
760 434 916 503 incendio
948 443 1175 506 eoneremaret
1200 447 1234 507 et

103 537 259 618 quantum
286 537 404 619 posset
436 539 594 602 vastaret.
644 534 703 602 llle
730 534 918 621 respondit:
951 553 1044 604 nrum
1068 555 1134 604 aon
1160 556 1233 606 esse

102 631 250 698 claustra
278 632 464 715 amedeum
499 633 683 716 destruere,
714 635 749 700 tre
780 650 844 718 quo
872 634 1019 718 plurimu
1043 640 1233 704 sanatorum

102 747 247 814 corpore
271 732 484 813 requiescunt.
511 732 552 799 Et
578 732 749 800 declinans
772 733 806 798 in
822 738 950 821 partem
967 733 1103 802 alteram
1121 735 1231 806 subito

102 828 193 896 audit
227 829 380 896 sinistros
416 847 563 897 rumores
602 832 636 897 iu
670 832 816 898 exercitu
848 849 1049 922 personare,
1075 833 1233 904 videlieet

100 926 299 995 Frideriuum
332 933 365 994 et
390 926 579 1000 Heinrieum
612 927 714 998 dures
739 926 872 997 Austrie
906 931 940 998 in
970 932 1230 1026 medumpam,

101 1034 134 1094 et
159 1043 273 1112 regem
290 1024 484 1093 Ludwieum
510 1034 668 1096 strennue
689 1029 917 1117 triumphasse.
945 1027 1042 1110 Quod
1060 1048 1134 1100 eum
1153 1051 1231 1102 cre-

100 1126 179 1194 dere
213 1125 419 1209 noluissent,
451 1126 518 1194 dua
552 1127 682 1195 nubiles
717 1129 848 1215 optimis
885 1131 979 1216 equis
1011 1133 1161 1200 ascensis
1187 1133 1231 1200 ad

100 1223 340 1312 explorandum
374 1225 423 1291 rei
456 1228 626 1293 veritatem
655 1244 774 1294 versus
800 1228 965 1296 civitatem
991 1218 1231 1299 Mona'eensem

98 1325 247 1392 velocius
274 1329 503 1414 properantes
532 1327 596 1392 citu
620 1327 654 1391 in
677 1327 732 1393 via
750 1325 937 1396 habuerunt
957 1327 1075 1396 obvios
1097 1332 1153 1417 qui
1176 1329 1231 1398 di-

99 1422 230 1512 bebant,
260 1439 296 1489 se
322 1420 447 1490 vidisse
472 1425 506 1490 in
534 1426 665 1492 civitate
691 1426 825 1492 nuntios
851 1426 941 1511 regis
967 1428 1139 1496 victoriam
1166 1446 1231 1497 ex-

99 1522 274 1590 clamasse.
300 1517 363 1600 Qui
389 1523 497 1589 statim
524 1524 678 1590 conversi
704 1521 747 1590 ad
773 1541 854 1591 suus
881 1526 975 1591 eitius
1003 1525 1172 1594 redierunt
1197 1533 1232 1594 et

99 1620 256 1688 dieebant
287 1637 399 1687 verum
433 1637 509 1688 esse
541 1620 631 1708 quod
656 1620 743 1690 lama
766 1622 900 1710 publiea
924 1624 1138 1711 personabat.
1171 1625 1230 1694 Isti

98 1725 209 1787 autem
235 1717 277 1785 de
303 1720 472 1806 insperato
495 1725 528 1787 et
545 1720 746 1788 lamentabili
773 1739 853 1788 easu
877 1721 1067 1812 perturbati,
1093 1725 1127 1789 in
1153 1741 1229 1791 me-

98 1817 154 1886 dio
176 1819 284 1885 noetis
311 1818 443 1886 silentiu
470 1825 642 1887 moventes
661 1837 698 1888 se
717 1818 759 1887 de
782 1820 869 1911 loeo,
894 1819 936 1888 ad
958 1825 1071 1909 partes
1096 1822 1230 1892 Swevle

97 1934 158 2006 per
182 1917 269 1984 viam
296 1935 362 2004 qua
386 1923 559 2006 venerant,
586 1917 765 1987 rediemnt.

173 2015 242 2083 Sed
267 2031 332 2101 ega
356 2033 429 2082 oum
455 2034 565 2084 essem
592 2023 670 2085 tune
693 2020 849 2105 temporis
871 2024 904 2087 et
929 2017 1046 2088 eadem
1070 2025 1170 2087 noete
1196 2020 1230 2087 in

97 2115 209 2184 Puoeh
235 2116 384 2202 proxima
409 2115 488 2183 villa
511 2121 546 2182 et
563 2115 607 2182 ibi
628 2115 795 2184 laboriose
820 2121 993 2204 grangiam
1017 2117 1228 2207 custodirem,

97 2214 188 2281 multi
220 2215 315 2302 quasi
340 2212 455 2281 lirriosi
488 2215 672 2282 transibant
696 2215 913 2286 incendentes
940 2217 1053 2305 villas,
1079 2223 1116 2284 ut
1141 2219 1229 2302 ignis

97 2313 224 2382 luceret
258 2313 306 2380 eis
332 2331 392 2400 per
418 2318 565 2403 noctem,
593 2313 659 2381 duo
687 2320 847 2402 ceperunt
872 2333 945 2407 me,
972 2318 1085 2383 tertius
1112 2315 1229 2383 laneea

98 2429 149 2478 me
173 2411 334 2502 plagavit,
362 2416 395 2479 et
420 2411 475 2479 illa
501 2417 601 2479 neate
628 2415 723 2499 quasi
748 2431 834 2481 unus
856 2412 898 2481 de
924 2416 1045 2482 scurris
1068 2412 1114 2481 lui
1139 2414 1228 2481 dua-

98 2508 158 2578 bus
184 2511 312 2578 vieibus
339 2508 537 2578 denudatus.
564 2508 636 2590 Que
653 2517 761 2579 tamen
780 2515 889 2580 omnia
911 2515 1005 2600 parvi
1025 2510 1228 2602 nundinum

97 2608 243 2677 viderem
268 2609 343 2678 illos
370 2626 489 2678 versos
515 2612 549 2678 in
575 2608 687 2696 lugam
706 2616 741 2678 et
760 2627 874 2696 regem
900 2617 1050 2679 nastrum
1074 2609 1230 2678 nobiliter

98 2707 328 2797 triumphasse.

170 2807 303 2875 interim
330 2807 375 2874 hii
403 2812 469 2875 tres
495 2808 673 2896 principes,
700 2806 856 2875 videlieet
871 2825 930 2875 rex
951 2806 1142 2898 Ladarma
1169 2825 1229 2875 rex

98 2904 255 2974 Bohemie
273 2911 307 2974 et
322 2904 496 2974 Heinrieus
513 2904 581 2974 dux
606 2906 758 2972 Bawaria
783 2914 863 2994 pust
885 2908 1055 2974 victoriam
1076 2905 1119 2975 de
1137 2922 1227 2975 novo

101 3003 368 3094 confederantur,
396 3003 458 3072 sed
482 3022 551 3072 nun
571 3005 672 3072 multo
695 3011 775 3092 post
791 3006 877 3073 inter
899 3023 959 3074 eus
978 3007 1071 3094 pacis
1097 3005 1229 3073 vineula

100 3101 335 3172 dissolvuntur.
369 3103 464 3171 Unde
491 3121 550 3170 rex
574 3103 733 3172 Buhemie
760 3102 877 3172 ducem
903 3103 1092 3172 Heinrieum
1118 3105 1228 3192 capti-

99 3218 174 3268 vum
199 3221 293 3270 suum
319 3203 392 3270 sine
419 3203 505 3270 soitu
530 3204 620 3288 regis
647 3208 682 3269 et
707 3204 778 3270 eius
801 3220 981 3293 eonsensu,
1008 3202 1228 3272 mediantibus
1248 3215 1316 3272 1323

100 3299 241 3394 arbitris,
268 3319 329 3389 pro
357 3299 553 3387 quibusdam
579 3303 694 3369 eastris
721 3301 784 3368 sibi
811 3301 1037 3371 adiacentibus
1064 3302 1164 3371 solvit
1190 3321 1230 3371 ae
1247 3299 1321 3408 sagr.

99 3397 233 3468 liberum
266 3399 398 3468 dimisit.
445 3397 542 3482 Quod
577 3417 636 3468 rex
662 3417 743 3486 egre
776 3398 887 3469 serens
917 3407 950 3468 et
983 3401 1089 3469 doluit
1120 3401 1227 3470 vehe-

100 3504 223 3566 menter
248 3505 283 3568 et
309 3517 378 3567 nun
402 3515 517 3588 parum
544 3517 581 3567 sa
607 3501 713 3586 ipsum
741 3498 1001 3590 reprehendens,
1024 3499 1144 3568 duetus
1166 3517 1229 3587 pe-

101 3597 235 3668 nitentia
267 3599 357 3687 quod
393 3598 509 3667 ambus
544 3597 646 3666 duces
678 3615 746 3666 non
772 3601 922 3685 eaptivos
947 3602 981 3667 in
1005 3599 1140 3688 propria
1165 3615 1229 3685 po-

102 3699 217 3766 testate
244 3691 437 3766 tenuisset¹.

167 3793 318 3866 Preterea
335 3813 395 3864 rex
411 3813 483 3863 oum
499 3796 611 3863 divina
621 3795 803 3882 opitulante
819 3797 927 3881 gratia
943 3797 975 3862 in
987 3795 1093 3882 prelia
1111 3796 1229 3860 trium-

101 3889 243 3984 phasset,
271 3913 340 3965 non
367 3897 451 3962 sieut
477 3893 591 3962 debuit
617 3901 651 3962 et
676 3896 822 3981 oportuit
845 3911 1008 3962 uouuessa
1034 3891 1096 3960 sibi
1122 3894 1230 3977 gratia

102 3990 270 4063 utebatur.
293 3995 463 4063 Debuerat
490 3994 576 4061 enim
601 3999 679 4081 post
704 3995 874 4062 viatoriam
900 4009 976 4060 mox
1002 4008 1117 4058 omues
1145 3990 1229 4058 lmes

102 4091 195 4172 regul
219 4093 410 4180 diligentius
436 4093 668 4184 perlustrasse,
697 4094 774 4180 quia
801 4098 877 4160 tune
898 4107 1014 4158 revera
1032 4091 1138 4158 omnis
1162 4108 1230 4178 po-

144 4210 171 4276 l]
188 4218 308 4271 tenuisset
325 4216 387 4270 ielrlt
405 4218 432 4270 iu
451 4216 497 4270 der
515 4214 552 4268 lrs.
