3028 4878
452 229 599 276 romandus
620 229 827 277 rrcrorrmnsrs.
863 229 887 298 6,
907 230 945 283 12.
1192 203 1263 270 ddi)

172 359 174 366 ’
202 369 276 438 Ηοο
296 369 394 438 ctiam
420 386 520 458 anno,
543 375 692 457 tempore
716 372 812 461 iunii,
839 373 1045 461 principibus
1063 371 1262 441 electoribus
1280 375 1345 429 ¹³4³

126 467 170 538 de
191 487 273 557 rege
294 468 520 557 tractantibus,
547 466 624 536 dum
647 471 744 537 simul
761 489 864 559 prope
884 471 1124 541 confluentiam
1145 472 1178 538 in
1198 488 1262 559 po·
1288 460 1342 498 ¹¹³³·

126 570 230 638 merlo
257 567 422 636 llensensi
448 568 682 658 consisterent,
708 568 909 638 Ludewious
937 570 1120 640 adveniens
1147 571 1262 658 inopi-

124 673 204 736 nate
231 685 344 736 eorum
369 667 577 754 propositum
603 665 712 736 taccta
742 669 906 738 modestia
931 671 1124 760 interrupit,
1151 686 1262 757 spon·-

125 766 212 836 dens
247 785 284 835 se
318 771 433 835 sancte
467 768 579 834 matris
614 766 757 836 ecclesie
793 771 930 854 gratiam
966 772 1054 838 omni
1088 770 1263 837 conamine

126 867 348 955 quesitorem,
376 883 557 951 eorumque
582 882 620 932 sc
646 866 781 934 nutibus
809 875 908 956 atquc
937 869 1084 937 consiliis
1112 868 1263 936 submis-

126 983 249 1034 smnm.
282 965 323 1034 Et
338 963 471 1034 rediens
488 963 531 1031 ad
557 970 671 1052 partes
688 965 838 1056 Noricas,
866 985 940 1035 cum
961 966 1262 1056 Ratisponcnsibus

125 1065 194 1132 litis
208 1065 378 1132 materiam
392 1062 578 1150 exorditur,
607 1081 672 1150 que
698 1064 776 1132 licet
801 1067 948 1152 graviter
964 1086 984 1134 a
1000 1064 1188 1156 primordiis
1208 1072 1263 1134 te·-

125 1169 270 1253 ureretur,
297 1160 362 1231 deo
380 1167 490 1230 tamen
505 1162 650 1252 volente,
678 1163 721 1231 ad
739 1171 868 1254 tempus
886 1166 1011 1234 biennii
1028 1173 1081 1234 est
1101 1170 1264 1252 treugata.

200 1262 402 1331 Ludewicus
435 1261 642 1348 Ungarorum
676 1281 736 1330 rex
769 1265 939 1352 precipitis
974 1265 1072 1334 animi
1099 1282 1172 1333 oum
1196 1266 1263 1332 im-

124 1378 244 1430 menso
280 1362 427 1430 exercitu
462 1359 590 1428 vadens
626 1359 668 1428 ad
702 1369 815 1449 partes
849 1364 1103 1453 Transilvanas,
1131 1363 1263 1432 amissis

125 1460 276 1549 pluribus
298 1459 395 1528 rediit
420 1459 575 1548 lremens,
604 1464 637 1526 et
659 1459 839 1528 vindictam
859 1461 1009 1550 quotidie
1028 1462 1213 1531 meditatur.

202 1559 240 1627 ln
258 1559 406 1647 partibus
425 1557 653 1646 superioribus
669 1558 840 1627 llarinlhie
866 1561 931 1628 hoo
957 1566 1104 1648 tempore
1131 1559 1263 1647 quidam

124 1657 324 1747 desperatus
358 1676 417 1746 per
448 1656 627 1726 fenestram
659 1658 806 1726 ecclesie
831 1659 1002 1728 cuiusdam
1027 1663 1061 1728 in
1086 1660 1264 1746 imaginem

125 1757 317 1826 dulcissime
339 1756 445 1824 Maria
472 1756 611 1841 virginis
626 1756 727 1824 telum
753 1759 858 1827 torsit..
890 1758 1004 1848 Filius,
1032 1759 1144 1826 matris
1171 1759 1263 1826 iniu-

124 1857 206 1924 riam
232 1874 301 1925 uon
328 1855 449 1944 terens,
475 1847 824 1944 presbytero‘cuidam
845 1864 939 1946 rapto
957 1859 1119 1947 apparuit,
1147 1865 1181 1927 et
1206 1860 1263 1926 in-

124 1954 354 2042 dignationem
388 1972 480 2023 suam
516 1971 616 2041 super
648 1971 757 2039 genus
790 1949 968 2024 humanum
1000 1956 1139 2026 effusam
1166 1959 1264 2045 qnasi

124 2055 190 2122 iam
203 2054 246 2123 ad
263 2054 458 2143 perditionis
473 2051 660 2120 barathrum
678 2052 868 2124 declaravit.
902 2056 1007 2124 Beata
1027 2056 1134 2146 virgo,
1160 2062 1264 2125 matcr

124 2156 245 2245 gratio,
272 2159 376 2221 mater
401 2151 643 2240 misericordie,
669 2171 804 2240 precum
831 2173 964 2222 suarum
990 2158 1204 2243 oppositione
1231 2160 1265 2222 et

123 2253 229 2342 prolis
256 2253 518 2341 amplexatione,
546 2269 642 2337 qrram
670 2251 772 2319 nichil
798 2252 940 2322 honorat
972 2254 1131 2340 negando
1166 2255 1263 2344 lulius,

125 2353 367 2420 instantissime
394 2350 451 2419 lilii
477 2351 558 2417 iram
584 2350 756 2435 mitigavit.
790 2351 969 2441 Presbyter
989 2371 1145 2422 reversus
1165 2352 1207 2421 ad
1226 2370 1264 2420 sc

124 2453 253 2541 ipsum,
279 2451 421 2519 letanias
449 2455 481 2517 et
508 2449 678 2517 orationes
711 2450 837 2537 populo
871 2453 1039 2539 persuasit
1071 2458 1104 2519 et
1134 2451 1264 2521 indixit.

124 2551 168 2619 llt
184 2551 256 2639 ipse
280 2549 412 2638 quidem
439 2553 518 2636 post
539 2549 787 2635 perceptionem
814 2552 962 2637 corporis
989 2548 1112 2618 domini
1137 2552 1171 2618 in
1197 2551 1265 2618 mi-

123 2650 264 2718 nisterio
298 2648 411 2717 altaris
446 2646 584 2715 calicem
619 2663 754 2714 sumens
762 2698 772 2736 ,
809 2650 905 2735 quasi
940 2650 1106 2717 tenerrimi
1139 2647 1264 2734 agnelli

125 2747 325 2834 sanguinem
358 2746 494 2834 respicit
529 2763 746 2835 exerescere,
780 2746 827 2814 ita
859 2753 894 2815 ut
928 2766 970 2816 ex
997 2765 1055 2816 ore
1082 2749 1205 2816 eiceret
1230 2753 1266 2815 ct

123 2847 273 2917 horreret
281 2869 290 2934 ;
318 2846 374 2933 qui
409 2862 518 2932 usque
552 2843 668 2933 hodic,
695 2845 728 2912 in
761 2846 953 2914 miraculum
979 2852 1012 2914 et
1038 2846 1264 2915 fulcimentum

125 2945 314 3015 Christiane
340 2944 428 3034 lidei,
455 2944 549 3013 visus
575 2962 594 3010 a
615 2943 765 3031 pluribus
789 2953 1015 3015 conservatur.

199 3044 273 3112 Hoc
299 3050 448 3132 tempore
474 3044 561 3112 inter
586 3041 753 3111 Bohemos
781 3050 814 3111 ct
839 3041 1013 3113 Australes
1040 3046 1073 3112 in
1100 3046 1197 3113 metis
1225 3063 1263 3114 se

122 3143 398 3234 contingentibus
414 3141 615 3228 residentes,
631 3141 760 3209 scilicet
775 3141 816 3210 de
832 3141 1031 3230 Rosenberg
1050 3149 1082 3211 ct
1101 3143 1143 3213 dc
1162 3144 1264 3212 Wal-

126 3261 175 3333 sc,
204 3260 315 3328 grave·
334 3241 530 3310 disturbium
557 3245 608 3308 est
627 3246 787 3330 exortmn,
815 3242 906 3328 quod
932 3243 1121 3311 nullatenus
1149 3244 1263 3312 extin-

126 3340 296 3429 guendum
324 3341 397 3409 sine
425 3346 581 3408 terrarum
607 3339 755 3425 periculo
779 3339 961 3411 videbatur.
1001 3341 1069 3410 Sed
1095 3338 1262 3432 hibertus,

125 3441 302 3527 alloquens
336 3439 493 3508 Karclum
525 3436 765 3527 marchionem,
793 3438 936 3507 breviter
961 3439 1002 3508 ad
1030 3439 1144 3508 ledera
1169 3443 1263 3529 pacis

124 3539 298 3627 negotium
325 3540 433 3606 traxit.
477 3537 545 3606 Sed
572 3542 605 3605 et
631 3533 713 3612 alias
739 3537 825 3603 inter
851 3555 932 3605 suos
961 3537 1105 3606 crebrius
1132 3539 1263 3607 exube-

125 3645 240 3707 rantes
275 3655 444 3726 spummas
474 3639 578 3705 litium
612 3636 722 3720 rigore
754 3639 973 3723 persuasione
999 3639 1160 3726 patientia
1187 3639 1265 3726 equi

125 3737 359 3806 moderaminis
376 3737 576 3824 consopivit,
596 3736 685 3801 iuxta
706 3734 927 3826 Salomonem,
956 3738 1010 3824 qui
1032 3735 1128 3804 dicit:
1153 3733 1264 3826 „Om-

125 3855 187 3906 nes
214 3837 331 3904 semite
357 3835 445 3904 illius
472 3829 647 3923 pacifice.“

201 3935 316 4004 lienus
342 3933 510 4003 inundans
536 3933 602 4002 hoc
628 3938 776 4018 tempore
802 3935 924 4018 pontes
952 3935 985 3997 et
1010 3930 1143 4001 edihoia
1162 3933 1263 4003 multa

126 4039 395 4222 stralrlrtperator,
422 4128 567 4215 receptis
595 4126 872 4195 ambasiatoribus
905 4128 994 4213 regis
1030 4127 1186 4221 Francie,
1221 4131 1263 4199 de

124 4233 265 4302 obtentu
287 4228 395 4317 gratie
417 4225 507 4295 sedis
527 4224 712 4314 apostolice
741 4243 834 4313 spem
861 4229 1024 4316 concepit,
1051 4247 1150 4315 quam
1178 4231 1265 4299 sicut

158 4357 290 4398 uounrnmr
307 4352 409 4395 ronnas
429 4339 451 4389 l.
1033 4338 1066 4390 29
