3044 4882
460 220 602 268 nonninus
622 220 829 270 vrcroamnsus.
864 221 889 289 2,
908 223 931 275 v.
1197 195 1268 268 319

132 357 239 426 decim
264 357 431 428 vexillulis
456 358 552 440 lateri
577 361 736 449 principis
761 361 953 452 adherebit3
980 361 1099 452 reliqui
1118 365 1267 455 comites,

133 458 261 525 scilicet
296 458 491 546 Tyrolensis
529 460 586 545 qui
620 465 706 527 terre
741 460 946 547 lantgravius
986 469 1040 530 est
1075 480 1147 530 cum
1182 463 1267 551 aliie,

131 554 292 626 officiales
330 561 431 644 atque
465 557 596 627 nobiles
633 575 706 625 cum
742 561 811 628 suis
845 561 951 645 signis
988 567 1111 649 quanto
1146 562 1267 629 cultius

129 661 288 743 poterunt
319 656 460 744 principi
495 673 533 725 se
576 657 794 742 coniungunt.
834 657 995 728 Rusticus·
1024 665 1133 728 autem
1168 678 1269 748 super

128 753 273 843 lapidem
300 754 424 822 sedens
458 753 609 824 Sclavice
639 756 874 845 proclamabit:
910 759 992 846 (luis
1025 762 1076 826 est
1105 760 1182 842 isto
1214 759 1268 843 qvi

123 853 339 938 progreditur
362 854 411 920 cic
435 854 615 923 incedens?
648 855 688 922 Et
714 855 935 944 respondetur
952 877 971 926 a
990 857 1267 926 consedentibus:

128 950 197 1018 Istc
228 955 280 1020 est
306 953 464 1038 princeps
497 957 593 1022 terre.
635 952 692 1022 nd
719 953 809 1041 quod
843 956 918 1024 ille:
952 956 1051 1024 Estne
1082 957 1186 1023 iustus
1216 957 1268 1023 iu-

128 1051 206 1133 dec,
232 1067 370 1136 patereris
394 1050 535 1119 sulutem
555 1052 674 1138 patric,
700 1054 895 1121 conditionis
920 1053 1034 1136 libere,
1065 1058 1103 1121 ut
1124 1057 1169 1121 sit
1192 1056 1267 1141 dip-

127 1150 219 1217 nur?
247 1149 347 1217 Estne
382 1147 566 1218 Christiane
599 1150 707 1219 cultor
733 1151 811 1233 fidei
836 1156 869 1220 et
893 1153 1073 1236 deferrmr?
1108 1151 1267 1241 Respon-

127 1246 227 1323 dctur
252 1249 293 1316 ab
320 1248 489 1317 omnibus:
516 1249 577 1318 list
601 1253 634 1316 ct
656 1252 727 1318 crit.
759 1247 803 1347 At
817 1247 891 1318 ilie:
917 1251 1007 1338 Eupo
1033 1269 1096 1337 quo
1122 1253 1192 1319 ture
1216 1270 1267 1320 mc

126 1346 173 1414 cb
197 1346 367 1415 boebede
392 1364 544 1416 emouere
569 1346 687 1416 debent
710 1351 838 1434 quero?
872 1349 995 1418 Dicunt
1020 1367 1154 1420 omnes:
1187 1352 1268 1418 dvm

92 1527 95 1532 ¹
126 1447 276 1514 debarim
309 1448 495 1533 ccccptrrtc,
525 1447 673 1514 ionum
704 1446 769 1515 biis
803 1448 1032 1531 discuteretis,
1065 1453 1098 1517 et
1126 1449 1268 1516 uectibus

124 1544 244 1632 guidus
279 1546 435 1631 prinecps
472 1546 575 1631 suerit
605 1547 794 1627 investitam
829 1545 935 1630 societ
971 1565 1099 1633 quoquc
1138 1549 1267 1615 domum

124 1661 225 1712 suum
258 1642 394 1711 dbcrum
427 1647 460 1712 et
490 1644 613 1730 Meque
643 1642 771 1712 imbuto.
815 1644 857 1713 Et
894 1647 1037 1714 rusticus
1070 1646 1137 1714 levi
1168 1646 1267 1733 nlapa

126 1742 208 1812 data
233 1743 372 1831 principi
397 1742 521 1812 bonum
545 1743 687 1811 iudicem
712 1743 805 1813 iubet
838 1761 936 1835 esse,
972 1750 1006 1812 et
1039 1762 1183 1830 surgens
1209 1746 1266 1812 iu-

124 1843 251 1910 mentis
296 1840 454 1930 predictis
493 1842 557 1912 sibi
597 1845 763 1934 attractis,
804 1844 947 1932 principi
985 1843 1097 1912 locum
1139 1843 1266 1932 prebet.

123 1941 286 2028 Princeps
314 1946 407 2009 stans
435 1960 535 2031 super
565 1941 728 2032 lapidem,
763 1941 888 2010 nudum
921 1944 955 2011 in
986 1961 1086 2011 manu
1119 1941 1266 2028 gladium

122 2040 268 2129 babens,
291 2040 389 2108 vertit
406 2057 443 2108 sc
470 2039 513 2109 ad
539 2057 669 2109 omnem
692 2046 830 2131 partem,
850 2059 964 2110 ensem
979 2041 1125 2124 vibrans,
1144 2047 1266 2109 osten-

124 2138 213 2206 dens
239 2140 361 2208 iustum
387 2137 528 2208 iudicem
557 2138 709 2208 omnibus
735 2157 773 2209 se
800 2139 953 2208 iuturum.
994 2141 1036 2208 Et
1062 2142 1147 2211 sicut
1164 2139 1267 2208 fertur

124 2244 261 2327 spectat
286 2239 384 2305 etiam
411 2237 453 2306 ad
479 2239 567 2306 buno
592 2239 706 2305 ritum:
741 2240 895 2328 princeps
928 2257 970 2306 cx
1001 2240 1091 2328 pileo
1117 2239 1264 2308 rusticali

123 2355 214 2424 aque
241 2335 361 2422 frigide
387 2343 501 2425 potum
527 2335 617 2427 iacit,
645 2342 681 2403 ut
705 2338 850 2426 populus
877 2355 1019 2405 cernens
1046 2356 1114 2406 non
1141 2339 1183 2406 ad
1208 2339 1265 2406 vi-

121 2453 201 2504 num
230 2436 263 2502 in
290 2453 357 2523 quo
384 2441 437 2504 est
463 2437 608 2504 ebrietas
635 2442 762 2526 estnet,
798 2435 859 2505 sed
892 2437 926 2504 in
959 2436 1024 2504 biis
1052 2455 1117 2524 que
1143 2437 1264 2506 natalis

123 2537 237 2622 gignit
262 2534 382 2603 humus
408 2533 452 2603 ad
476 2537 544 2604 vite
572 2535 835 2603 sustentaculum
861 2540 1081 2604 contentetur.
1124 2535 1265 2626 Insuper

123 2633 283 2704 Sclavioa
309 2651 375 2722 qua
401 2634 454 2702 bic
478 2635 580 2701 utitur
605 2633 847 2724 prolocutione,
881 2635 915 2701 in
942 2639 1127 2722 conspectu
1153 2636 1264 2722 impc-

121 2734 247 2803 ratoris
273 2732 406 2801 cuilibet
432 2733 619 2820 quervdanti
646 2731 688 2800 de
723 2750 778 2822 se,
814 2738 849 2800 et
880 2750 949 2802 non
981 2734 1016 2800 iu
1050 2732 1165 2819 lingua
1200 2732 1265 2803 elia

121 2831 292 2902 tenebitur
318 2830 531 2920 respondere.
566 2831 690 2918 Sicque
716 2831 941 2900 incendiarius
968 2849 1066 2919 qucm
1092 2830 1205 2899 dicunt
1221 2831 1264 2900 ud

120 2930 190 3000 boc
215 2932 289 2998 iure
316 2935 483 3020 statutum,
509 2931 658 2998 incensis
686 2931 851 3018 aliquibus
878 2929 962 3000 iocis
988 2949 1048 3020 pro
1079 2932 1266 3000 reverentia

120 3030 294 3120 principis,
322 3029 413 3116 quod
439 3029 481 3097 de
515 3029 658 3097 adversa
693 3037 800 3100 ortum
835 3035 887 3098 est
921 3029 1165 3099 consuetudine
1195 3048 1265 3098 uon

121 3129 166 3200 de
192 3131 277 3198 iure.
313 3128 364 3195 De
392 3135 502 3197 monte
520 3129 677 3217 princeps
696 3138 854 3218 propcrat
871 3128 913 3196 ad
931 3130 1108 3197 ecclesiam
1127 3129 1264 3197 Solicn-

122 3223 215 3297 sem1
243 3244 308 3315 que
335 3227 500 3314 quondam
527 3226 710 3316 pontificali
734 3229 840 3315 viguit
865 3227 1039 3318 dignitate,
1066 3232 1100 3296 et
1122 3228 1264 3296 ecclesie

123 3325 252 3396 subluit
283 3325 527 3416 Laureaoensi‚
563 3343 628 3413 quc
659 3326 912 3413 quatuordecim
946 3327 1160 3395 ecclesiarum
1193 3328 1265 3415 pri-

122 3432 249 3494 matum
267 3427 383 3494 tenuit.
416 3426 480 3493 Ubi
505 3425 619 3513 presul
644 3423 789 3497 officium
816 3426 919 3494 misse
944 3424 999 3492 vel
1025 3423 1157 3510 dignior
1183 3443 1265 3512 pre-

121 3524 213 3594 latus
250 3522 448 3615 celebrabit,
483 3523 670 3592 astantibus
703 3525 841 3614 prelatis
875 3532 980 3612 terre,
1018 3525 1197 3612 prepositis
1233 3530 1266 3591 et

122 3621 315 3712 abbatibus
341 3624 522 3711 principem
556 3624 642 3691 sicut
674 3624 708 3691 in
742 3623 828 3691 libro
863 3622 1046 3712 pontificali
1078 3623 1266 3690 continetur

121 3724 271 3812 positum
299 3720 408 3788 adbuc
433 3723 467 3789 in
492 3721 644 3790 vestibus
670 3722 883 3791 rusticalibus
905 3721 1093 3790 benedicet.
1127 3720 1265 3789 Peracto

122 3821 189 3890 hoc
215 3818 329 3888 cilicio
355 3820 419 3888 hec
443 3825 560 3889 vestes
586 3820 677 3889 iuxta
704 3822 873 3890 camerarii
908 3819 1154 3910 providenciam
1180 3837 1265 3909 pau·

123 3919 262 4008 peribus
301 3925 379 3986 sunt
418 3917 585 3987 donande.
633 3916 718 3990 Aliis
760 3937 893 4008 quoque
929 3921 1084 4008 princeps
1119 3917 1264 3986 induviis

125 4022 310 4088 exornatus
336 4017 379 4086 ad
406 4017 523 4106 epulas
550 4017 689 4099 accedit,
722 4018 795 4087 ubi·
813 4017 1038 4086 marschalcus
1064 4019 1265 4086 camerarius

159 4167 347 4290 iJSZpgspbsen
366 4167 517 4235 liiagoniurt
535 4169 588 4222 und
607 4169 642 4222 St.
661 4167 723 4223 Veit
740 4170 802 4233 liegt
820 4167 865 4222 das
884 4167 960 4222 Sani·
978 4169 1043 4223 oder
1056 4167 1174 4234 Zoilield‚
1192 4182 1265 4222 cam-

121 4252 171 4306 pus
209 4254 244 4292 or
264 4253 279 4290 n
296 4253 302 4288 r
321 4279 325 4287 .
