3052 4878
453 211 568 258 nrconm
589 213 632 258 ιιι.
655 211 794 259 eoraonr.
817 214 949 262 nrnnrrc.
1229 187 1269 256 81

130 366 197 416 noe
221 349 302 434 ipse,
326 365 389 435 per
411 367 506 418 mom
526 354 669 437 protiom
689 354 724 420 te
740 351 941 420 Lembordto
951 370 1072 438 potem
1093 355 1265 439 posuisset,
1284 367 1348 421 ιιιι

130 448 180 515 sio
194 449 286 534 quood
301 454 542 534 omuesportos
558 451 782 536 sepube'fero
797 455 894 518 oront
906 453 1097 536 introducto,
1124 457 1157 522 et
1171 455 1269 522 sineret
1415 443 1417 450 ’

124 546 438 633 pooifioectoebont,
465 552 498 616 ot
514 550 647 616 oioome's
664 549 962 630 sotsobedteboot,·
987 553 1060 636 quis
1085 556 1174 620 esset
1194 571 1266 620 mo*

129 646 192 714 dus
217 645 439 729 euticetem
463 648 535 733 ipso
560 653 645 716 esset
668 650 703 716 ie
713 651 888 734 procinctu
909 650 1004 716 coedi
1028 651 1076 718 od
1099 669 1266 736 eoronam,

128 746 348 812 conservande
360 744 617 815 Lembordrom
605 765 638 814 te
646 765 734 832 poco
743 753 825 834 post
839 765 932 816 seem
945 752 1137 818 recessum?
1160 749 1266 817 Lum-

127 842 225 911 bardi
244 859 311 931 per
337 861 386 935 sc,
406 842 642 918 Citramontani
667 865 728 934 per
748 864 797 937 se,
825 853 1064 916 convenerunt.
1089 848 1131 917 Et
1146 831 1267 936 postea

127 942 238 1010 voluit
261 960 330 1032 reu,
358 897 449 1030 quod
476 945 572 1012 simul
599 951 724 1013 essent.
750 902 797 1014 Ε(
818 964 877 1034 ιιι
903 963 941 1012 se
961 951 1000 1014 ιι
1026 945 1121 1014 simul
1148 965 1266 1016 omnes

127 1041 427 1132 concordaverunt,
455 1042 546 1130 quod
569 1043 611 1112 de
636 1046 724 1112 omni
746 1047 878 1112 civitate
901 1046 1044 1112 maiores
1063 1044 1105 1113 de
1124 1053 1265 1134 utraque
1316 1093 1320 1100 -

125 1147 224 1228 parte
251 1157 365 1208 secum
383 1139 530 1232 duceret,
559 1144 636 1229 quia
661 1143 708 1210 illi
735 1151 828 1211 erant
854 1144 909 1231 ιιιιι
936 1142 1103 1212 iaciebant
1126 1144 1264 1236 bugam,

126 1243 162 1306 et
188 1238 252 1307 hoc
270 1243 520 1328 cum'expensis
540 1259 673 1309 suarum
695 1243 871 1333 civitatum,
900 1248 933 1310 et
953 1242 1044 1330 quod
1062 1261 1150 1311 unus
1172 1250 1267 1312 esset

124 1337 272 1406 vicarius
294 1339 459 1425 generalis
481 1357 554 1408 cum
574 1359 695 1426 magna
718 1348 820 1426 gente
848 1340 1146 1430 stipendiariorum.
1171 1343 1267 1411 Istud

125 1437 304 1506 consilium
336 1437 490 1507 dominus
523 1457 582 1507 rex
610 1439 825 1531 approbavit
859 1446 892 1508 et
918 1439 1085 1509 dommum
1113 1446 1266 1511 comitem

127 1534 301 1604 Sabaudie
325 1537 482 1605 vicarium
509 1539 700 1625 generalem
728 1541 917 1628 constituit,
946 1541 1002 1626 ιιιιι
1029 1538 1174 1607 debebat
1198 1541 1265 1608 ba-

123 1633 208 1710 bere
224 1635 311 1704 mille
329 1637 533 1722 quingentos
555 1639 686 1725 equites
707 1645 852 1707 armatos
876 1637 919 1707 ad
937 1655 1123 1730 expensas
1119 1641 1265 1707 omnium

122 1734 296 1802 civitatum
322 1734 540 1826 Lumbardie,
571 1736 831 1805 secundusne
782 1744 883 1805 ratam
910 1736 1095 1805 cuiuslibet.
1133 1738 1175 1805 Et
1199 1737 1265 1805 ista

123 1833 296 1921 stipendia
321 1836 447 1922 recepit
473 1835 542 1903 dict
529 1841 582 1902 tus
602 1852 716 1904 comes
741 1854 802 1924 per
828 1835 1004 1923 aliquodt
1006 1852 1133 1925 empus.

201 1931 253 1999 De
270 1931 369 2000 modo
392 1933 538 2020 eligendi
555 1935 643 2025 illos,
665 1937 721 2021 qui
740 1935 862 2003 dictum
882 1952 995 2021 regern
1017 1934 1059 2004 ιιι
1083 1953 1177 2003 suam
1202 1952 1263 2003 oc-

122 2049 242 2099 ronam
269 2029 437 2108 debebant
468 2035 576 2124 sequi,
603 2032 736 2101 luerunt.
761 2035 853 2102 multi
879 2035 982 2102 multa
1007 2032 1170 2124 dicentes,
1199 2051 1267 2120 ιιιιι

118 2129 230 2215 longa
262 2135 377 2198 essent
412 2149 577 2200 enarrare
617 2131 685 2201 Sed
721 2133 901 2201 lrnaliter
892 2152 925 2201 rn
955 2132 1019 2201 hoc
1046 2133 1263 2222 devenerunt,

121 2227 219 2316 quod
244 2248 416 2318 unapars
443 2231 585 2317 eligeret
611 2231 717 2322 aliam,
744 2219 901 2301 videlicet
920 2231 1061 2319 Guelphi
1080 2251 1146 2300 xxv
1169 2232 1264 2299 Gue-

119 2327 269 2418 belincs,
298 2332 331 2396 ιι
357 2329 531 2398 Guebelini
556 2349 622 2398 xxv
648 2330 828 2418 Guelpbcs.
857 2328 1050 2400 Ordinatum
1075 2333 1160 2400 enim
1181 2337 1262 2421 erat,

119 2425 218 2514 quod
244 2429 488 2515 quinquaginta
514 2429 557 2498 de
580 2428 772 2498 Mediolano
800 2429 967 2499 dcminum
993 2447 1107 2516 regem
1134 2448 1263 2517 seque-

119 2531 251 2595 rentur.
277 2526 338 2594 Per
365 2526 535 2616 Guelphos
564 2528 691 2596 electus
719 2534 772 2597 est
797 2529 950 2598 dominns
968 2527 1138 2596 Mattheus
1157 2528 1262 2596 Vice-

54 2989 60 3000 ,
116 2927 175 2990 tes
205 2921 358 3013 Guelpbi,
386 2923 477 3010 qucd
499 2923 571 2995 ¹lere
599 2942 727 3014 omnes,
754 2931 912 3012 quantum
937 2923 979 2994 ad
1004 2926 1113 3012 capita
1137 2941 1262 3011 eorum,

117 3019 165 3088 do
184 3019 384 3090 Mediolano
400 3021 612 3113 recedebant,
641 3028 674 3091 et
695 3024 809 3112 plures
837 3023 1011 3093 Guebelini
1036 3023 1262 3112 remanebant,

1 3125 2 3129 ’
116 3122 203 3208 quia
227 3119 342 3208 plures
369 3121 571 3190 intraverant
597 3129 675 3190 tuno
701 3122 876 3190 Guebolini
897 3121 1123 3190 Mediolanum
1151 3141 1264 3208 quan-

114 3225 191 3288 tum
220 3217 262 3286 ad
289 3220 408 3310 capita,
437 3238 535 3308 quam
562 3220 706 3289 luissent
731 3220 773 3288 de
796 3221 954 3309 Guelphis
976 3221 1027 3288 his
1048 3219 1176 3310 diebuS,
1203 3238 1262 3287 re-

112 3317 287 3409 putabant
313 3336 351 3386 se
378 3325 547 3410 gravatos
576 3326 609 3389 et
628 3325 708 3390 tunc
734 3326 938 3406 rogaverunt
964 3319 1142 3410 dominum,
1171 3318 1262 3406 quod

114 3417 211 3486 alius
244 3415 365 3485 modus
391 3419 594 3487 inveniretur
620 3418 784 3510 eligendi,
813 3421 892 3506 quin
918 3418 1107 3487 notabiliter
1134 3437 1262 3504 grava-

113 3516 263 3602 bantur.v
287 3515 383 3584 Licet
409 3516 561 3586 dominus
589 3537 647 3586 rex
673 3536 742 3586 non
767 3518 909 3586 libenter
934 3520 1124 3607 mutaverit,
1152 3524 1262 3584 tamen

113 3613 164 3683 ad
183 3616 379 3683 instantiam
405 3618 535 3684 comitis
558 3616 726 3685 Sabaudie
749 3619 862 3686 vicarii
882 3617 1050 3704 generalis
1070 3623 1103 3684 et
1121 3616 1261 3682 aliorum

113 3713 466 3804 Citramontanorum,
503 3717 559 3803 qui
585 3716 660 3804 plus
693 3715 829 3785 domino
857 3716 1000 3785 Gnidoni
1026 3715 1183 3783 favebant
1208 3713 1260 3780 his

112 3813 243 3882 diebus
277 3815 448 3901 propter
439 3833 503 3883 ram
529 3814 617 3883 dicta
643 3833 742 3902 quam
769 3815 904 3884 dominc
931 3814 1097 3903 Mattheo,
1123 3813 1262 3879 mutavit

112 3911 279 3980 dominus
305 3910 450 4003 modum,
478 3918 511 3981 et
538 3914 714 4000 elegerunt
739 3915 843 4005 aliter,
870 3917 917 3982 ita
937 3912 1027 4000 qnod
1051 3910 1259 4002 credebatur,

113 4009 216 4099 quod
241 4011 415 4096 negotium
441 4012 528 4080 bene
555 4017 667 4081 staret.

197 4109 343 4177 Domino
354 4108 563 4199 disponente
585 4129 622 4180 se
642 4111 684 4180 ad
705 4088 886 4200 recessum,
906 4109 1006 4198 pauci
1029 4111 1124 4176 eraut
1140 4107 1197 4195 qui
1214 4109 1260 4176 li·-

112 4209 242 4276 benter
269 4216 498 4295 sequerentur.
526 4209 667 4299 Guelplri
689 4229 758 4279 non
776 4210 880 4277 libent
867 4215 915 4278 ιιι
939 4206 1147 4278 dimittebant
1173 4208 1260 4275 civi-

157 4330 295 4372 nonnum
312 4333 415 4374 ronnas
430 4331 454 4376 1.
1048 4319 1063 4373 6
