3028 4878
496 251 622 296 nrcnnnn
645 251 875 296 r-rsnerronnnsts.
1190 219 1262 290 463

126 385 289 455 Videlicet
311 405 384 455 cum
407 388 498 456 cives
519 389 784 477 Herbipotenses
803 389 909 464 felicis
927 388 1175 458 recordacionis
1195 389 1262 458 do·-

124 489 245 554 minum
273 503 386 554 eorum
412 486 634 556 Hermannnm
661 487 703 556 de
729 489 935 575 Lobdoburg
961 491 1153 578 episcopum
1173 488 1264 557 Har-

122 585 332 674 bipelensem
358 589 392 653 in
418 587 548 674 palacio
574 586 695 655 ibidem
723 590 951 677 captivassent
961 581 981 678 ¹,
1008 606 1069 676 pro
1101 607 1143 656 eo
1173 587 1264 676 quod

125 686 216 752 cives
244 693 276 751 ct
303 686 469 753 civitatem
495 685 625 754 ibidem·
646 704 767 776 capere
787 688 981 777 conabatur,
1010 687 1051 754 de
1069 705 1136 774 quo
1153 693 1262 755 tanen

121 785 299 872 premuniti
326 785 445 852 multos
472 785 591 853 milites
620 792 653 854 et
677 787 860 872 armigeros
877 787 1037 875 episcopi,
1066 785 1261 853 subintran-

124 888 176 950 tes
196 883 239 950 ob
255 882 330 974 boo,
357 885 390 950 in
405 889 508 971 ponte
523 883 619 970 biogi
636 889 712 952 ante
740 891 773 952 et
798 891 885 953 retro
912 903 972 973 per
995 886 1085 953 cives
1102 886 1263 973 eapoicse

122 981 320 1064 conclusos,
356 983 583 1070 precipitando
610 990 644 1052 et
677 984 761 1052 alias
794 983 1000 1053 occiderunt.
1041 983 1130 1052 Idem
1158 985 1263 1052 ceiam

124 1080 281 1150 volentes
315 1079 424 1150 iacere
458 1083 621 1172 episcopo
647 1085 831 1174 captivato,
858 1085 924 1152 nisi
951 1083 1042 1170 qnod
1067 1085 1139 1172 ipse
1167 1084 1263 1171 epis-

123 1197 250 1271 copm,
284 1185 415 1268 tempus
442 1184 609 1267 sagaciter
635 1181 846 1273 redimendo,
878 1181 976 1250 valde
1011 1191 1107 1251 eante
1135 1182 1263 1250 civibus

124 1281 176 1348 sic
200 1281 367 1367 persuasit
392 1279 555 1348 dicendo:
580 1280 681 1350 Sinite
706 1300 756 1348 me
780 1284 904 1365 cicere,
930 1287 964 1349 et
986 1286 1149 1363 cestrum,
1176 1282 1266 1366 praed

122 1377 216 1446 cotes
241 1382 275 1444 et
297 1381 427 1447 deitate
452 1382 669 1465 supereminet
692 1385 724 1447 et
748 1385 798 1447 est
821 1398 932 1466 proce,
956 1399 1018 1466 per
1042 1382 1141 1448 eitum
1157 1397 1264 1447 mecm

124 1477 279 1561 obtinere,
304 1483 337 1546 et
360 1479 389 1545 si
409 1479 525 1564 placet
549 1480 696 1547 demoliri
711 1484 834 1546 curete.
870 1477 967 1560 Quod
991 1479 1263 1548 animadverten-

125 1583 178 1644 tes
198 1578 302 1666 cives,
330 1579 523 1666 episcopum
542 1597 642 1667 snper
658 1597 725 1646 nna
741 1579 846 1646 burda
866 1578 1036 1663 alligatum
1060 1578 1102 1646 ed
1119 1582 1264 1646 castrum

125 1676 234 1765 ipsum
261 1674 433 1745 obtinendi
459 1677 570 1745 studio
597 1683 722 1746 temere
744 1677 964 1746 adduxerunt.
999 1678 1092 1744 Tunc
1113 1677 1178 1764 ipsi
1201 1695 1263 1744 ea-

125 1781 275 1844 strenses
309 1774 416 1843 calide
451 1777 703 1866 pretenderunt,
737 1777 827 1864 quod
854 1776 896 1844 ad
922 1779 1049 1844 iussum
1075 1774 1265 1843 huiusmodi

124 1875 178 1944 sui
204 1873 330 1942 domini
356 1877 405 1942 sio
431 1877 552 1964 captivi
579 1881 723 1944 castrum
749 1878 832 1966 ipsis
864 1875 993 1943 civibus
1021 1875 1195 1960 assignare
1221 1872 1264 1940 de

125 1975 197 2041 inre
215 1979 334 2041 etcum
360 1973 490 2043 honore
516 1993 583 2043 non
611 1979 763 2064 possent
796 1975 1035 2043 Niobilominns
1054 1980 1164 2042 tamon
1182 1991 1264 2062 pre-

128 2071 266 2140 tendere
294 2073 506 2164 studuerunt,
539 2073 634 2163 qnod·
657 2077 684 2144 si
710 2075 799 2142 idem
825 2074 979 2143 dominns
1006 2073 1191 2140 dissolutus
1219 2072 1263 2140 n-

125 2171 206 2239 bere
244 2171 313 2239 deri
338 2171 371 2239 id
397 2173 544 2264 iuberet,
572 2191 614 2241 ex
641 2179 718 2242 tunc
743 2191 805 2242 eos
838 2175 959 2242 virtute
986 2171 1086 2241 hulde
1113 2190 1174 2240 sne
1200 2171 1265 2239 hoc

125 2269 238 2338 iacere
257 2268 395 2339 forsitan
412 2279 592 2360 oporteret.
617 2272 748 2341 Deinde
765 2291 898 2362 quoqne
916 2275 988 2360 ipse
1000 2271 1154 2339 dominns
1169 2271 1265 2358 epis-

129 2387 248 2461 copus,
275 2372 434 2439 inlocali
460 2371 570 2440 medio
596 2373 683 2440 inter
714 2379 858 2440 castrum
886 2377 918 2439 ct
945 2373 1035 2438 cives
1064 2369 1265 2438 obsessores

126 2471 231 2538 castri
264 2485 333 2538 non
367 2471 439 2538 sine
473 2472 695 2558 promissione
720 2489 781 2559 prc
808 2470 935 2539 civibus
963 2487 1063 2557 snper
1090 2485 1130 2536 eo
1157 2471 1265 2536 inter-

125 2569 285 2638 veniente
309 2568 505 2659 dissolutus
527 2569 683 2639 dimissus
702 2569 809 2637 iuerat
824 2589 843 2637 a
861 2568 1090 2636 castrensibus
1107 2567 1266 2655 predictis

125 2669 217 2737 intus
243 2669 351 2756 ipsum
384 2674 528 2736 castrum
556 2671 606 2737 sic
631 2675 794 2737 retentum
825 2670 976 2756 protinus
1004 2668 1139 2734 viriiiter
1165 2674 1266 2753 atque

129 2774 228 2842 caute
248 2773 420 2858 attractus,
441 2769 586 2837 motibus
614 2769 747 2856 quidem
763 2767 903 2835 dirarum
920 2783 1072 2853 guerram
1094 2764 1265 2834 hincinde

127 2866 276 2954 desuper
302 2867 502 2936 subsecutis.

203 2963 384 3054 Propterea
404 2966 446 3033 ab
468 2984 509 3034 eo
532 2971 681 3054 tempore
699 2967 780 3035 citra
798 2964 841 3034 dc
860 2983 926 3052 quo
941 2969 1018 3033 sunt
1036 2962 1134 3032 modo
1156 2959 1268 3054 [anno

130 3063 255 3134 domini
281 3057 481 3156 m.cee.xt.²]
509 3070 638 3132 eentum
666 3067 753 3156 anni,
779 3067 877 3133 immo
904 3064 1016 3153 plures
1044 3063 1150 3151 elapsi
1177 3060 1268 3150 qnod

128 3153 265 3232 nullus³
292 3165 524 3252 episcoporum
550 3163 843 3252 Herbipotensium
869 3164 902 3230 in
930 3181 990 3231 sua
1018 3164 1151 3231 civitate
1177 3161 1268 3229 Her·-

127 3263 296 3352 bipolensi
321 3265 357 3330 in
381 3264 513 3352 palacio
537 3263 592 3332 vel
618 3263 695 3331 alibi
723 3281 796 3332 enm
824 3261 991 3331 domicilio
1011 3278 1073 3332 suc
1099 3278 1268 3349 persona·

127 3361 203 3430 liter
228 3361 377 3431 residere
404 3363 540 3430 curavit

205 3459 283 3549 Ipse
302 3461 415 3549 itaque
433 3461 588 3530 dominus
604 3455 682 3529 Otto
700 3461 770 3528 suis
798 3464 830 3526 et
855 3459 1105 3548 progenitorum
1133 3475 1269 3526 snorum

128 3560 255 3629 meritis
280 3559 389 3629 taliter
410 3563 444 3628 in
467 3561 663 3650 episcopatu
678 3556 912 3647 Herbipotensi
933 3563 1149 3646 prosperatus
1163 3555 1270 3624 tuisse

131 3661 351 3728 communiter
371 3659 537 3728 iudicatur
560 3665 594 3727 et
616 3665 695 3747 post
717 3675 756 3726 se
776 3675 982 3725 communem
1004 3654 1270 3723 benedictionem

128 3757 271 3846 reliquit.
311 3758 385 3827 Deo
411 3761 537 3845 gratias
564 3765 598 3827 et
623 3758 761 3845 reliqna.
799 3754 895 3824 Unde
929 3770 1046 3823 omnes
1077 3753 1269 3822 christicole

131 3862 167 3926 et
191 3857 366 3946 potissime
391 3858 582 3927 Franeones
615 3855 873 3926 misericordiam
899 3852 954 3923 dci
980 3853 1171 3942 suppliciter
1204 3851 1269 3922 de-

166 4073 199 4141 1)
217 4073 275 4129 dies
298 4075 410 4144 geschab
434 4073 503 4129 wohl
527 4076 555 4128 in
582 4076 634 4130 den
657 4075 753 4129 tetzten
770 4073 861 4128 iahren
881 4070 928 4125 des
946 4067 1059 4122 biscbots
1076 4067 1205 4123 Hennam
1224 4068 1271 4123 der

130 4157 172 4198 am
189 4143 206 4196 2
223 4143 294 4198 mirz
313 4144 380 4198 test
406 4142 490 4208 starb;
517 4150 587 4199 etwa
615 4145 682 4200 1250
705 4145 756 4197 wie
778 4143 937 4198 Ussermann
961 4139 1092 4192 annimmt.
1128 4137 1225 4204 2),das
1242 4140 1270 4192 in

129 4211 524 4349 pstprpffirplpiprgpppptlcssene
547 4214 582 4268 ist
601 4215 760 4268 randzusatz.
796 4211 844 4288 Ι3)
863 4207 949 4262 nultus
969 4205 1031 4260 tebit
1049 4209 1076 4259 in
1096 4204 1196 4262 derhs.
1215 4205 1269 4260 und
