3044 4882
419 250 561 297 rounuuus
582 250 788 297 ururoxrrusrs.
824 251 848 317 2,
867 251 891 303 3.
1166 224 1234 294 307

108 396 174 459 suut
196 387 349 478 professi.
383 387 564 477 Quingenti
591 395 624 458 ot
649 393 828 477 sexaginta
853 393 1004 482 episcopi
1027 400 1061 461 et
1081 391 1233 484 abbatae,

109 497 135 557 et
158 489 209 558 alii
241 488 361 576 prelati
394 491 480 558 circa
506 490 594 557 milla
620 489 666 557 ibi
693 489 797 559 luisse
823 500 1015 580 narrantur,
1044 511 1087 560 ex
1113 493 1233 579 quibus

107 597 228 656 centurn
253 587 288 655 lx
313 587 442 656 infulati
470 588 594 656 diversi
621 595 728 657 status
754 594 870 660 rnortis
897 591 1042 660 debitunt
1071 592 1233 660 exsolve-

106 694 182 755 runt.
222 687 283 754 Pro
318 687 469 756 subsidio
503 695 588 755 terre
623 694 738 756 sancte
768 688 813 758 ibi
839 690 900 758 luit
925 692 1080 778 imposita
1105 689 1233 758 decimu

106 785 298 856 sexannnlis.
333 788 450 857 Forma
469 787 642 856 electionis
661 787 791 875 papalis
816 791 913 858 etiarn
939 789 984 856 ibi
1011 790 1098 858 clare
1126 790 1234 858 extitit

106 885 246 974 dillrrritu,
273 893 310 954 ut
336 903 463 954 errores
489 887 575 954 circa
602 905 674 954 earu
700 888 734 953 in
759 893 928 974 postorum
955 887 1158 956 tollerentur.

171 984 288 1053 Soluto
316 985 459 1054 concilio
484 1004 571 1074 papa
596 985 787 1054 Losunnnnr
821 1005 858 1056 se
884 989 1061 1078 transtulit,
1087 987 1143 1055 ubi
1170 987 1232 1056 sibi
1250 993 1314 1046 ¹2⁷5

103 1102 156 1152 rex
172 1103 245 1152 cunr
264 1103 387 1171 magua
405 1083 559 1152 decorrtia
577 1084 734 1152 obviavit.
760 1085 801 1153 Et
821 1089 907 1154 inter
923 1087 1045 1156 rnultos
1071 1092 1232 1155 tractatus
1253 1075 1310 1115 ΟΜ·

102 1201 182 1273 pupn
208 1201 321 1270 regem
347 1183 391 1266 ad
425 1200 580 1251 coronam
606 1184 733 1272 imperii
758 1186 884 1275 invitat,
911 1193 948 1254 ut
975 1185 1171 1254 Christianis
1199 1187 1234 1254 in

103 1291 181 1350 terra
217 1289 333 1350 sancta
359 1302 379 1350 a
405 1282 598 1351 sarracenis
632 1284 839 1373 constrictis,
868 1290 901 1352 et
926 1287 1081 1374 sepulcro
1109 1284 1235 1354 domini

103 1383 288 1472 subveniat,
325 1381 517 1450 thesaurum
553 1385 661 1449 suncti
687 1383 773 1450 Petri
800 1383 862 1451 sibi
889 1402 1047 1452 asserens
1075 1401 1234 1452 reserun-

101 1480 183 1549 dun.
223 1479 293 1549 Rex
324 1499 398 1549 curu
431 1482 617 1549 rnuturitnte
648 1480 823 1569 respondit
849 1500 946 1570 papo,
982 1483 1146 1550 inclinans
1172 1501 1233 1570 pro

100 1581 264 1649 oblatione
291 1585 382 1648 tante
407 1581 523 1668 gratio,
551 1579 614 1647 sibi
642 1587 792 1648 uentrunr
819 1581 934 1649 borurn
961 1589 1150 1670 competere
1178 1581 1233 1649 di-

101 1697 189 1769 none,
217 1680 294 1766 quia
319 1678 455 1748 Ronranr
480 1681 536 1747 vix
562 1680 683 1766 aliquis
701 1681 884 1767 priscorum
910 1682 1041 1747 venerit
1066 1681 1139 1748 sine
1165 1681 1233 1748 hn-

100 1779 183 1846 mani
202 1778 367 1846 cllusione
385 1779 561 1864 sanguinis
579 1796 643 1845 nec
659 1794 817 1847 coronam
834 1778 975 1868 adeptus
986 1779 1082 1847 luerit
1098 1784 1234 1867 propter

99 1877 328 1946 obsistentiarn
353 1876 584 1946 Rornanorum.
616 1877 687 1944 Nec
701 1879 734 1943 iu
759 1884 911 1966 promptu
929 1885 966 1946 ut
988 1880 1061 1947 sine
1084 1877 1233 1965 periculo

97 1984 306 2065 pertranseat
338 1978 483 2045 asseruit
514 1981 638 2043 tantum
670 1977 806 2044 ruilitenr
832 1995 870 2046 se
903 1977 1036 2045 babere.
1076 1976 1144 2045 Sed
1170 1993 1235 2044 noc

98 2075 310 2144 transiretare
345 2076 408 2144 sibi
441 2074 606 2144 arbitrans
642 2081 830 2163 competere
862 2077 963 2166 dixit,
991 2077 1068 2163 quia
1094 2093 1234 2162 regnurn

96 2177 127 2243 in
142 2173 338 2242 rllernaunio
355 2175 505 2263 partibus
526 2173 612 2242 adeo
631 2172 846 2243 dilaceratum
864 2182 897 2243 et
914 2175 1110 2243 convulsum
1129 2179 1233 2263 essct,

96 2272 185 2361 quod
219 2273 452 2343 relorurntione
486 2273 638 2359 indigeat
672 2279 705 2340 et
739 2273 878 2342 medela.
921 2273 1073 2344 Ceterum
1100 2273 1143 2342 ad
1170 2273 1253 2342 hec¹

96 2375 253 2442 etomnia
274 2372 377 2442 volita
398 2372 489 2441 sedis
508 2390 570 2441 suo
597 2377 746 2459 tempore
771 2374 968 2460 promittens
995 2391 1032 2440 sc
1056 2373 1133 2440 totis
1159 2378 1233 2440 stu-

94 2471 157 2540 diis
176 2473 365 2560 pariturum.
392 2472 481 2560 Papa
497 2477 676 2539 contentus
688 2471 750 2538 bac
769 2472 990 2559 responsione
1002 2472 1074 2540 eius
1089 2471 1234 2538 electio-

94 2589 171 2638 nenr
198 2564 397 2660 approbavit
423 2577 456 2638 et
482 2571 679 2638 auctoritate
706 2571 891 2657 apostolica
919 2570 1135 2638 conlirnrnvit.
1163 2568 1235 2636 Rex

93 2668 240 2738 ecclesie
267 2675 386 2738 terram
412 2668 638 2739 Romaniolarn
664 2667 809 2736 reddidit
834 2669 994 2757 apriscis
1019 2669 1234 2756 imperatori·
1361 2687 1363 2694 ·

94 2769 158 2836 bns
185 2785 401 2860 possessam,
429 2787 503 2837 cunr
530 2766 731 2855 quibusdam
757 2768 882 2836 iuribus
911 2773 944 2836 et
969 2767 1172 2857 advocatiis,
1200 2772 1237 2834 et.

92 2869 167 2936 iura
201 2869 344 2936 ecclesie
379 2867 678 2956 subscriptionibus
713 2867 892 2936 roboravit.
938 2866 1019 2936 Post
1051 2867 1113 2936 hec
1146 2885 1235 2954 papa

93 2967 194 3035 liliaru
221 2969 313 3053 regis
341 2967 409 3036 lilio
436 2967 547 3035 Raroli
574 2967 664 3052 rogis
692 2965 802 3034 Sicilie
829 2966 979 3035 bortatur
1004 2967 1235 3035 matrimonia-

93 3064 168 3134 liter
204 3067 344 3156 soclari,
379 3067 519 3135 solerter
549 3064 710 3133 allectans
744 3083 804 3155 per
837 3065 902 3134 boc
937 3065 1093 3134 Karolurn
1118 3072 1236 3134 onuba

93 3183 209 3252 regern
234 3163 419 3251 Arragonie
445 3165 613 3234 roborare.
644 3163 729 3232 Huic
755 3182 814 3232 rex
839 3165 960 3252 placito
982 3166 1158 3251 acquievit.
1193 3164 1236 3232 Et

93 3266 203 3350 pactis
231 3265 381 3352 coniugii
414 3263 549 3332 firmatis
575 3279 664 3351 papn
689 3262 833 3351 ltaliam,
860 3281 921 3330 rex
944 3263 979 3328 in
1005 3259 1235 3332 Alamanniara
1359 3288 1363 3292 ·

95 3369 147 3431 est
175 3381 343 3453 reversus,
369 3366 461 3432 iuxta
486 3362 687 3430 versiculum
713 3361 844 3447 Virgilii
870 3362 1040 3446 cogitans:

193 3463 357 3553 „Parcere
385 3463 552 3530 subiectis
571 3467 605 3529 et
629 3460 799 3528 debellare
825 3455 1025 3547 superbos.“

170 3559 270 3630 Anno
308 3560 432 3630 domini
463 3560 656 3630 uncclxxv.
695 3559 876 3645 Gregorius
911 3575 998 3646 papa
1033 3556 1170 3625 moritur
1203 3560 1236 3624 ct
1252 3570 1318 3625 rure

97 3660 251 3728 succedit
276 3661 490 3730 Innocentius
517 3661 663 3750 quintus.

172 3756 345 3829 Australes
376 3760 523 3828 nobilem
556 3760 660 3825 virum
690 3756 731 3824 de
757 3752 998 3842 Wolgersdorl
1020 3752 1168 3837 dirigunt
1192 3747 1236 3818 ud

96 3849 284 3949 Rudollurn,
309 3860 402 3927 venlt
428 3861 526 3927 etiarn
552 3855 732 3925 Hertnidus
758 3854 801 3923 de
821 3853 991 3922 Wildonin
1013 3851 1059 3920 de
1086 3848 1235 3938 partibus

98 3949 201 4029 Stiria
230 3957 276 4026 ad
310 3957 477 4042 eundern,¹
502 3963 642 4043 uterquc
674 3973 809 4022 snorum
835 3951 1066 4022 contribrdianr
1091 3955 1124 4018 et
1150 3953 1236 4018 terro

98 4057 271 4139 angariam
297 4055 522 4144 deplorantes,
550 4056 622 4140 regi
648 4055 733 4121 inter
760 4057 872 4121 colora
896 4051 1065 4119 dicentes:
1092 4051 1236 4116 cortor-

92 4156 178 4230 peot
201 4159 233 4222 ct
256 4158 424 4242 oppressis
457 4160 524 4221 tom
558 4153 732 4220 cwdelt'tcr
755 4169 819 4237 per
844 4149 1040 4218 Ottolturom
1064 4163 1130 4216 coo
1156 4163 1236 4216 wsutc-

98 4255 216 4318 crrrrot
238 4257 272 4321 cl
295 4256 387 4339 repca?
410 4255 567 4321 tantillam
591 4269 659 4318 coc
681 4251 855 4336 requirat?
887 4248 958 4321 Rex
975 4247 1117 4316 collecto
1136 4263 1236 4314 exor-

974 4351 1032 4410 20*
