3002 4880
284 247 331 318 30
595 272 739 318 cnaorrca
761 272 797 316 or.
819 272 917 318 oesrrs
937 271 1105 318 rnrrcrrun.

282 411 446 481 habentes
485 410 617 480 solliciti
649 412 715 478 sint
754 415 788 477 et
821 411 937 477 intenti
974 411 1062 478 circa
1102 409 1298 480 electionem
1333 411 1401 478 novi

282 512 393 600 regis,
421 509 520 578 talem
547 510 674 598 eligant
699 510 755 597 qui
781 510 934 577 virtutum
966 511 1072 594 gratia
1097 510 1239 600 polleat,
1272 510 1331 577 Dei
1362 510 1401 576 ti-

283 628 407 678 morem
434 609 565 699 babeat,
594 610 716 696 quique
741 607 889 697 preditus
916 609 1093 695 sapientia,
1119 616 1156 676 ιιι
1181 612 1264 677 sciat
1288 609 1402 696 guber-

282 727 362 778 nare
388 711 484 796 regni
509 710 648 794 negotia
673 713 706 776 et
731 724 791 796 per
817 725 890 775 eum
917 713 1022 775 status
1049 709 1177 794 imperii
1196 709 1402 797 prosperitate

283 808 401 878 llorcat
427 814 460 876 ot
485 807 715 876 nichilominus
741 805 893 893 proficiat
918 805 1068 874 felicibus
1096 807 1317 876 incrementis.

357 906 529 978 Electores
570 923 651 975 vero
695 904 885 973 mandatum
930 901 1116 1018 Apostolici
1158 923 1228 974 non
1267 908 1404 992 segniter

284 1005 521 1118 adimplentes,
557 1023 629 1072 cum
664 1010 778 1074 essent
804 1006 1000 1090 congregati
1025 1006 1060 1071 in
1084 1003 1336 1095 Franchentnrt,
1358 1006 1404 1070 irr-

283 1110 404 1174 vocato
431 1105 564 1172 nomine
590 1103 722 1172 Domini
746 1102 934 1171 Heinrioum
961 1105 1112 1171 comitem
1139 1102 1181 1173 de
1195 1102 1404 1192 Liitzeburch,
1486 1107 1487 1156 l

201 1207 389 1272 1308virmn
425 1205 589 1272 sincerum
624 1208 657 1270 ot
691 1203 961 1293 illustrissimum,
995 1205 1029 1270 r'rr
1061 1219 1175 1288 regem
1210 1200 1407 1272 concorditer

200 1295 266 1339 W·
230 1304 469 1418 ,elegeram
495 1300 648 1370 Exauditi
668 1307 744 1370 sunt
760 1319 820 1389 pro
836 1304 1020 1370 reverentia
1039 1320 1111 1392 sua,
1139 1301 1314 1388 elegerunt
1331 1303 1407 1369 enim

284 1405 389 1471 virum
414 1401 588 1490 perutilem
614 1399 657 1470 ad
683 1399 907 1514 regnandum3
939 1403 1052 1490 virum,
1079 1402 1223 1492 inquam,
1251 1420 1324 1470 oum
1350 1416 1408 1487 quo

284 1507 356 1571 erat
388 1501 500 1590 Deus,
535 1501 590 1587 qui
624 1501 735 1568 omnia
771 1502 841 1568 cius
873 1516 976 1587 opera
1015 1498 1196 1590 dirigebat,
1232 1502 1290 1588 qui
1321 1502 1408 1568 etiam

282 1601 389 1670 Deum
415 1597 530 1670 dilexit
553 1598 777 1669 vehementer.
804 1598 1027 1684 Diligentibus
1054 1601 1139 1667 enim
1161 1599 1280 1687 Deum,
1310 1599 1410 1669 omnia

284 1704 505 1789 cooperantur
531 1701 564 1767 in
590 1699 723 1768 bonum.
750 1696 847 1766 Unde
875 1703 1077 1787 cooperante
1099 1698 1242 1767 Domino
1270 1698 1314 1767 ad
1340 1703 1411 1767 vota

285 1799 348 1868 sibi
375 1801 486 1867 omnia
511 1796 753 1866 succedebant.

357 1897 479 1964 Verum
504 1897 638 1964 illustris
665 1893 826 1963 xudottus
857 1895 925 1964 dux
949 1896 1102 1964 Bawarie
1135 1913 1275 1963 cernens
1305 1910 1411 1980 rogem

283 1997 359 2064 letis
403 1994 614 2064 successibus
654 1994 836 2064 Romanum
873 1995 1042 2083 imperium
1076 1994 1283 2084 gubernare,
1320 1994 1412 2062 hlium

284 2113 380 2164 suum
406 2093 513 2162 adbuc
540 2094 696 2162 tenellum
722 2093 787 2160 lrlie
810 2095 892 2182 eius,
920 2093 1141 2162 mediantibus
1166 2093 1319 2161 honestis
1342 2093 1412 2158 viris

284 2211 354 2262 rem
395 2191 572 2279 agentibus
604 2194 743 2281 partium
778 2198 1008 2283 utrarumque,
1036 2211 1097 2280 per
1123 2191 1414 2279 desponsationem

282 2292 431 2379 legitime
458 2292 609 2382 sociavit,
636 2290 721 2359 dans
756 2292 786 2358 ei
811 2310 872 2381 pro
906 2291 984 2360 dote
1011 2309 1085 2358 cum
1110 2310 1209 2360 manu
1234 2294 1326 2376 regis
1353 2289 1414 2358 do-

284 2393 417 2460 minium
453 2389 568 2459 Palatii
609 2389 697 2478 apud
730 2389 879 2459 Rhenum
912 2391 973 2460 sub
1008 2390 1218 2479 cyrographo
1253 2396 1287 2458 at
1323 2394 1415 2458 cauto

201 2511 266 2554 ror.
285 2490 474 2560 testimonio
499 2481 711 2558 litterarum1.

221 2567 256 2621 ²⁸
358 2589 538 2659 Lndwious
569 2605 651 2658 vero
681 2587 793 2672 junior
828 2586 896 2656 dux
927 2592 962 2654 et
1000 2603 1113 2656 eomes
1147 2587 1317 2656 Palatinus
1352 2603 1417 2654 non
1491 2609 1492 2628 ι

287 2692 357 2758 erat
380 2691 416 2758 in
442 2689 582 2757 consilio
610 2703 723 2756 eorum
748 2684 934 2754 huiusmodi
961 2686 1188 2754 tractantibus.
1215 2684 1278 2767 Qui
1301 2686 1417 2755 videns

286 2787 423 2858 distrahi
460 2793 494 2854 et
528 2786 570 2855 ad
603 2803 719 2853 manns
757 2785 883 2853 alienas
919 2783 1053 2852 devolvi
1088 2803 1129 2854 ea
1160 2785 1250 2854 bona
1282 2804 1349 2873 qno
1379 2783 1418 2852 ad

287 2905 360 2954 enm
383 2889 458 2970 juro
483 2883 682 2953 hereditario
708 2883 934 2973 pertinebant,
968 2901 1046 2952 mox
1076 2885 1245 2953 iracundie
1279 2883 1417 2953 stimulis

284 2986 451 3073 incitatus,
473 2976 566 3070 'capit
592 3001 664 3050 cum
690 2981 790 3049 fratre
813 3000 875 3052 suo
893 2980 1035 3051 Rudolio
1054 2985 1200 3070 graviter
1215 2982 1419 3052 discordare.

284 3082 327 3151 Et
360 3081 480 3150 abhinc
513 3087 585 3149 orta
619 3085 671 3149 est
701 3081 786 3149 inter
819 3100 878 3151 eos
913 3098 996 3150 seva
1021 3084 1208 3173 contentio,
1236 3101 1301 3170 que
1329 3100 1419 3151 nun-

287 3199 383 3268 quarn
420 3179 580 3250 ambobus
616 3180 803 3248 viventibus
836 3182 987 3269 expirare
1021 3183 1128 3269 potuit
1153 3198 1270 3270 nsque.
1322 3179 1420 3263 Quod

284 3298 398 3348 verum
434 3278 536 3346 tuisse
569 3280 650 3347 nulli
687 3278 820 3347 dubium
855 3286 921 3369 est,
956 3281 1041 3347 sient
1073 3285 1195 3369 postca
1228 3283 1274 3348 rei
1312 3283 1419 3350 exitus

286 3377 521 3466 comprobavit.
552 3377 594 3445 Ει
618 3396 691 3445 oum
713 3381 782 3462 jam
807 3395 866 3467 per
883 3379 1007 3446 nullum
1025 3378 1158 3448 modum
1175 3385 1318 3469 possent
1333 3397 1421 3450 con-

286 3476 442 3567 cordare,
477 3478 576 3544 variis
611 3479 721 3545 causis
760 3477 990 3567 exigentibus,
1025 3495 1090 3565 quo
1129 3495 1254 3548 censeo
1286 3479 1421 3548 silentio

284 3577 455 3667 preterire,
477 3576 590 3661 iunior
616 3574 683 3644 dux
707 3575 888 3645 Lndwious
914 3577 1062 3664 postulat
1086 3583 1214 3666 partem
1240 3595 1360 3669 rerum,
1390 3581 1423 3644 et

286 3675 464 3746 dominium
496 3692 609 3743 eorum
636 3676 772 3761 requirit
804 3673 906 3745 dividi
938 3681 1017 3744 eta
1051 3693 1088 3744 se
1120 3679 1262 3744 invicem
1287 3679 1422 3765 penitus

285 3776 442 3864 separari.
468 3775 509 3842 Et
535 3791 607 3842 cum
635 3775 740 3862 ceptis
759 3773 864 3842 nollet
886 3773 1060 3864 desistere,
1088 3774 1241 3845 dominus
1258 3774 1424 3844 Rudolius

207 3879 209 3882 ’
285 3874 353 3943 dux
385 3875 498 3943 sanior·
524 3879 557 3941 et
581 3874 752 3963 maturior,
779 3874 890 3942 sciens
922 3872 1011 3941 tratri
1044 3892 1106 3942 suo
1142 3875 1221 3943 utile
1248 3892 1316 3944 non
1343 3891 1424 3942 esso

286 3972 376 4061 quod
410 3972 575 4062 postulat,
608 3970 669 4042 sed
703 3976 824 4060 postea
858 3974 1062 4060 experientia
1098 3972 1216 4042 doctus
1243 3975 1326 4042 sciat
1352 3990 1426 4042 non

286 4070 444 4159 expedire
472 4073 623 4159 cuiquam
656 4071 698 4140 de
725 4068 811 4139 laoili
847 4072 1003 4140 recedere
1030 4072 1071 4141 ab
1098 4073 1214 4163 amico,
1241 4075 1310 4142 suis
1335 4089 1425 4161 pre-

320 4233 351 4296 t)
370 4231 463 4286 Dioser
486 4232 641 4300 aberertrag
664 4231 688 4286 d.
713 4231 736 4284 d.
762 4231 898 4287 Franhlnrt
920 4233 954 4286 28
979 4247 1040 4286 rror.
1068 4233 1227 4289 tabescent
1250 4231 1359 4288 Fischer
1385 4231 1426 4285 iti.

285 4300 359 4356 Sahr.
378 4301 403 4369 2,
420 4300 479 4356 525.
515 4301 604 4370 Vergl.
622 4300 716 4356 0elolo
735 4301 829 4370 Script.
849 4302 921 4358 Boio.
938 4302 964 4370 2,
983 4301 1041 4357 125.
