3002 4880
230 147 276 217 36
542 173 684 220 enncnrcn
707 174 743 218 nn
764 172 863 218 oesrrs
882 170 1049 218 rnrncrruu.

147 326 212 382 1313
230 314 359 402 ingredi
385 315 610 402 peregrinam,
647 331 720 380 cum
748 313 905 378 comitatu
938 329 999 380 sno
1027 310 1152 379 tardius
1179 313 1356 398 incessere,

151 411 209 457 ⁰⁰²·
232 431 451 500 congressum
485 415 686 481 exercituum
719 411 924 500 protelantes
933 463 943 500 ,
976 415 1013 479 ut
1039 428 1081 478 cx
1107 409 1266 478 dilatione
1291 411 1359 476 Ba-

232 515 314 582 wari
348 514 508 601 incipiant
542 514 576 578 in
611 509 985 599 sumptibusdeircere,
1013 514 1046 577 et
1073 509 1302 577 deficientibus
1328 509 1360 574 in

233 615 391 702 expensis
413 610 601 680 omnimode
623 610 861 699 dissolvantur,
889 614 922 677 ct
945 610 995 676 sic
1021 608 1175 677 hostibus
1197 611 1267 676 suis
1288 607 1361 675 dis-

233 713 351 800 sipatis
378 729 416 778 ac
441 711 620 778 imminutis
645 710 780 797 possint
804 714 922 776 terram
946 706 1073 776 facilius
1099 710 1222 776 intrare
1249 711 1282 775 ot
1306 712 1363 774 tu-

233 813 300 879 tius
327 810 500 878 rebellare.
535 808 607 877 Hec
633 811 874 899 cogitaverunt,
903 813 937 876 et
961 813 1162 877 erraverunt.
1205 806 1282 874 Non
1307 807 1363 896 sic,

150 979 155 990 ,
233 929 301 980 non
328 911 388 999 sic,
416 913 468 976 set
493 908 585 976 Deus
614 908 708 975 aliter
734 906 907 975 ordinavit.

307 1011 482 1078 Exercitus
514 1008 601 1074 enirn
625 1007 841 1074 Bawarorum
866 1006 1049 1094 permixtus
1075 1024 1148 1075 cnm
1177 1007 1308 1076 chvis
1335 1010 1367 1074 et

234 1110 388 1198 Francis,
415 1106 608 1174 frendentes
636 1110 669 1174 ot
700 1108 855 1174 atrociter
881 1107 1067 1195 sevientes,
1095 1109 1200 1194 parati
1225 1105 1366 1174 hostium

237 1219 364 1276 cuneos
382 1211 570 1295 penetrare,
596 1204 694 1273 avida
712 1205 944 1294 expectatione
967 1204 1146 1273 adventurn
1165 1202 1368 1273 Australium

235 1305 478 1396 prestolantes,
511 1304 672 1393 optabant
705 1322 851 1392 pugnam
887 1305 982 1371 citius
1015 1302 1084 1371 ireri
1110 1310 1143 1372 et
1170 1305 1367 1392 condictum,

236 1425 303 1493 qua
329 1404 385 1471 din
411 1403 558 1471 frustrati
584 1403 716 1471 suerent
742 1409 775 1470 et
801 1401 954 1470 fraudati.
981 1401 1048 1470 Sed
1075 1407 1109 1470 et
1134 1402 1201 1472 dux
1226 1403 1369 1472 Ludwi-

238 1523 308 1594 ouS,
336 1505 388 1572 oui
416 1521 542 1571 summa
570 1521 649 1570 cura
675 1507 746 1570 erat
773 1502 814 1570 de
839 1502 956 1592 prelio,
984 1519 1125 1569 cernens
1143 1507 1272 1591 tempus
1297 1503 1368 1570 sine

237 1603 378 1672 utilitate
412 1603 506 1690 prelii
532 1603 750 1692 pertransire,
779 1606 812 1668 et
837 1600 942 1668 duces
966 1597 1103 1668 Austris
1130 1619 1168 1669 se
1193 1602 1281 1670 velle
1310 1619 1370 1669 ca-

236 1703 424 1791 inmpniose
440 1703 686 1792 circumvenire,
710 1701 885 1769 consilium
902 1701 1040 1786 requirit
1058 1719 1077 1768 a
1095 1703 1175 1790 suis,
1195 1703 1369 1789 inquiens:

237 1802 411 1870 Decernite
446 1818 565 1878 omnes,
589 1802 668 1885 qnid
696 1800 813 1882 locere
846 1797 1037 1882 debeamus,
1070 1817 1111 1866 ne
1142 1800 1371 1886 temptandis

238 1901 412 1980 eeercr'tm,
430 1903 497 1965 tom
514 1897 678 1965 lcdomoae
688 1901 887 1980 contractos,
903 1901 1086 1981 evacuetur,
1101 1901 1219 1965 etatem
1233 1899 1372 1966 utilitate

131 2063 134 2069 .
213 1999 331 2085 ¹prelii
352 1999 483 2083 penites
508 1997 715 2064 dissolvatur.
741 1996 823 2065 Mox
841 1995 952 2064 divina
969 2000 1075 2083 gratia
1099 1999 1284 2086 inspirante
1313 2015 1372 2064 sa-

239 2117 318 2165 num
345 2097 519 2164 consilium
545 2098 768 2185 reperierunt,
803 2095 894 2183 quod
920 2095 987 2164 dux
1010 2095 1192 2164 Ludwicus
1224 2102 1373 2164 secutus.

239 2196 423 2281 Elegernnt
440 2194 481 2262 de
498 2195 652 2263 omnibus
671 2196 728 2283 qui
745 2200 973 2262 convenerant
992 2213 1072 2263 cccc
1093 2197 1182 2264 viros
1202 2201 1234 2263 et
1250 2195 1373 2273 fortic-

240 2313 307 2385 res,
335 2294 377 2362 ad
399 2293 614 2382 pugnandum
640 2295 761 2382 optimc
787 2293 974 2385 expeditos,
1002 2294 1075 2362 aliis
1095 2295 1247 2363 omnibus
1263 2296 1375 2364 ticen-

242 2396 342 2485 tratis,
371 2394 454 2462 olam
482 2393 617 2460 dicens:
644 2411 681 2460 se
705 2393 787 2460 celle
811 2395 936 2460 intrare
954 2394 1121 2478 quondum
1145 2395 1288 2461 insulam
1311 2411 1374 2480 pro

241 2495 412 2580 cepensts,
446 2494 611 2561 neminem
647 2493 733 2560 scire
766 2492 903 2582 volens,
939 2494 1088 2580 exceptis
1121 2495 1254 2584 pauciS,
1286 2483 1376 2580 qno¹

240 2594 431 2682 processuri
459 2598 593 2682 essent,
622 2609 823 2680 quousque
855 2591 897 2658 ad
923 2592 1034 2659 iocum
1060 2589 1157 2659 iuturi
1184 2593 1375 2662 certaminis

235 2692 449 2760 devenirent.
473 2692 577 2782 Igitur
594 2689 748 2759 omnibus
765 2692 916 2759 ascensis
936 2691 1032 2777 equis
1054 2696 1086 2758 ct
1104 2693 1215 2758 stricte
1244 2691 1375 2779 cinctis,

243 2799 277 2859 ct
300 2792 410 2859 multis
430 2790 624 2857 mirantibus
644 2808 710 2877 quo
734 2792 809 2858 ituri
832 2794 964 2878 essent,
992 2791 1054 2857 iter
1074 2807 1170 2857 suum
1196 2789 1377 2859 dessectunt

242 2896 359 2958 contra
384 2888 613 2978 Mospurgam,
641 2889 697 2956 nbi
720 2892 809 2957 trans
828 2888 968 2956 Yseram
993 2891 1167 2956 maximum
1195 2891 1378 2957 exercitum

242 2985 455 3076 Australium,
475 2987 692 3078 Ungarorum,
713 2988 938 3077 Bawarorum,
963 2987 1158 3058 swevorum
1182 2994 1215 3056 et
1238 2989 1378 3057 aliorum

243 3086 419 3154 multorum
446 3085 577 3153 obviam
603 3085 798 3155 habuerunt.
831 3085 913 3155 ldec
941 3092 1050 3155 autern
1078 3079 1236 3156 occultc²
1262 3093 1296 3155 et
1321 3089 1378 3154 in-

244 3189 376 3273 sperate
402 3185 468 3251 iliis
494 3185 599 3253 voluit
625 3186 770 3275 obviare,
798 3203 840 3252 ne
867 3188 1093 3255 innotesceret
1111 3187 1165 3253 vel
1183 3186 1379 3274 proderetur

245 3283 388 3352 ducibus
412 3279 562 3372 Austrie,
592 3286 648 3370 qui
674 3290 762 3354 retro
789 3287 822 3352 in
850 3284 983 3353 Surevia
1010 3303 1166 3372 magnum
1193 3285 1381 3354 habuerunt
1490 3349 1491 3384 ,

246 3385 437 3472 exercitum,
464 3382 654 3452 volentibus
679 3386 714 3451 in
740 3383 936 3452 adiutorium
958 3383 1170 3452 interioribus
1190 3385 1381 3452 subvenire.
1490 3435 1491 3456 r

245 3482 312 3572 Hii,
341 3483 369 3548 si
396 3483 614 3551 rescivissent
639 3481 735 3551 ducis
764 3482 981 3574 descensum,
1005 3482 1158 3570 proiecto
1185 3485 1294 3571 ipsum
1321 3485 1379 3551 in-

247 3582 355 3651 secuti
386 3579 530 3648 inissent
562 3586 595 3649 et
626 3600 646 3648 a
680 3587 777 3668 tergo
818 3600 890 3649 curn
926 3599 967 3650 eo
1002 3581 1119 3650 fortius
1153 3581 1381 3650 dimicassent.

248 3679 317 3750 Sed
343 3679 477 3748 volente
503 3679 647 3748 Domino
674 3682 769 3749 aliter
794 3681 1019 3766 contingebat.

321 3778 405 3846 Nam
437 3797 510 3846 cum
538 3779 605 3849 dux
629 3778 810 3848 Luduions
844 3798 917 3847 curn
947 3781 1018 3848 suis
1044 3779 1192 3848 interiori
1220 3781 1382 3849 exercitui

244 3881 313 3964 jam
348 3879 577 3969 appropiaret,
613 3883 648 3946 ut
681 3896 742 3948 eos
776 3877 889 3946 andire
921 3879 976 3947 vel
1001 3878 1114 3946 videre
1139 3881 1324 3970 potuisset,
1354 3881 1383 3950 si

166 4002 229 4046 xcv.
249 3977 301 4046 sol
338 3995 432 4045 suum
467 3977 594 4046 radium
628 3995 696 4045 non
730 3983 909 4068 negasset,
938 3979 1016 4066 quia
1041 3978 1098 4045 illa
1124 3977 1178 4046 dic
1206 3985 1240 4046 et
1265 3979 1382 4047 eadem
1490 4019 1491 4028 κ

192 4058 209 4112 ⁹
249 4075 332 4144 hora
357 4075 410 4143 his
433 4077 660 4146 accidentibus
677 4078 829 4147 intensus
847 4082 904 4146 atr
923 4078 1124 4148 luminosum
1140 4077 1228 4146 diem
1253 4078 1382 4146 obscu-

284 4187 314 4252 t)
334 4185 454 4252 quasis.
488 4190 519 4256 2)
538 4191 647 4247 occultis
664 4187 718 4244 hs.-
