<?xml version="1.0" encoding="UTF-8"?>
<!DOCTYPE html PUBLIC "-//W3C//DTD XHTML 1.0 Transitional//EN"
    "http://www.w3.org/TR/xhtml1/DTD/xhtml1-transitional.dtd">
<html xmlns="http://www.w3.org/1999/xhtml" xml:lang="en" lang="en">
 <head>
  <title>
</title>
<meta http-equiv="Content-Type" content="text/html;charset=utf-8" />
  <meta name='ocr-system' content='tesseract 3.04.00' />
  <meta name='ocr-capabilities' content='ocr_page ocr_carea ocr_par ocr_line ocrx_word'/>
</head>
<body>
  <div class='ocr_page' id='page_1' title='image "./fontesrerumgerm02hubegoog_0442.png"; bbox 0 0 3028 4878; ppageno 0'>
   <div class='ocr_carea' id='block_1_1' title="bbox 442 173 1247 261">
    <p class='ocr_par' dir='ltr' id='par_1_1' title="bbox 442 173 1247 261">
     <span class='ocr_line' id='line_1_1' title="bbox 442 173 1247 261; baseline 0.001 -21"><span class='ocrx_word' id='word_1_1' title='bbox 442 195 586 242; x_wconf 83' lang='lat' dir='ltr'>nonnanes</span> <span class='ocrx_word' id='word_1_2' title='bbox 607 197 816 244; x_wconf 83' lang='lat' dir='ltr'>meroarnnsrs.</span> <span class='ocrx_word' id='word_1_3' title='bbox 854 201 877 261; x_wconf 84' lang='lat'>5,</span> <span class='ocrx_word' id='word_1_4' title='bbox 898 201 921 250; x_wconf 87' lang='lat'>5.</span> <span class='ocrx_word' id='word_1_5' title='bbox 1177 173 1247 242; x_wconf 85' lang='grc'>397</span> 
     </span>
    </p>
   </div>
   <div class='ocr_carea' id='block_1_2' title="bbox 108 331 1332 3679">
    <p class='ocr_par' dir='ltr' id='par_1_2' title="bbox 115 331 1331 619">
     <span class='ocr_line' id='line_1_2' title="bbox 187 331 1331 428; baseline 0.01 -28"><span class='ocrx_word' id='word_1_6' title='bbox 187 331 260 401; x_wconf 88' lang='lat' dir='ltr'>Hoc</span> <span class='ocrx_word' id='word_1_7' title='bbox 278 349 366 400; x_wconf 91' lang='lat' dir='ltr'>anno</span> <span class='ocrx_word' id='word_1_8' title='bbox 390 334 479 400; x_wconf 84' lang='lat' dir='ltr'><strong>misit</strong></span> <span class='ocrx_word' id='word_1_9' title='bbox 503 332 668 420; x_wconf 89' lang='lat' dir='ltr'>Rupertus</span> <span class='ocrx_word' id='word_1_10' title='bbox 695 354 753 403; x_wconf 86' lang='lat' dir='ltr'>rex</span> <span class='ocrx_word' id='word_1_11' title='bbox 780 337 880 407; x_wconf 86' lang='lat' dir='ltr'>filium</span> <span class='ocrx_word' id='word_1_12' title='bbox 908 357 1002 408; x_wconf 92' lang='lat' dir='ltr'>suum</span> <span class='ocrx_word' id='word_1_13' title='bbox 1030 359 1102 408; x_wconf 91' lang='lat' dir='ltr'>cum</span> <span class='ocrx_word' id='word_1_14' title='bbox 1128 357 1251 428; x_wconf 91' lang='lat' dir='ltr'>magna</span> <span class='ocrx_word' id='word_1_15' title='bbox 1267 349 1331 404; x_wconf 79' lang='lat'><strong>¹323</strong></span> 
     </span>
     <span class='ocr_line' id='line_1_3' title="bbox 116 429 1250 532; baseline 0.008 -34"><span class='ocrx_word' id='word_1_16' title='bbox 116 429 226 498; x_wconf 91' lang='lat' dir='ltr'>classe</span> <span class='ocrx_word' id='word_1_17' title='bbox 253 433 286 498; x_wconf 90' lang='lat' dir='ltr'>in</span> <span class='ocrx_word' id='word_1_18' title='bbox 314 431 470 521; x_wconf 88' lang='lat' dir='ltr'>Siciliam,</span> <span class='ocrx_word' id='word_1_19' title='bbox 499 433 553 518; x_wconf 87' lang='lat' dir='ltr'>qui</span> <span class='ocrx_word' id='word_1_20' title='bbox 581 430 792 520; x_wconf 90' lang='lat' dir='ltr'>depopulatis</span> <span class='ocrx_word' id='word_1_21' title='bbox 819 439 928 506; x_wconf 90' lang='lat' dir='ltr'>multis</span> <span class='ocrx_word' id='word_1_22' title='bbox 956 439 1166 532; x_wconf 84' lang='lat' dir='ltr'>diocesibus,</span> <span class='ocrx_word' id='word_1_23' title='bbox 1194 442 1250 507; x_wconf 90' lang='lat' dir='ltr'>ni-</span> 
     </span>
     <span class='ocr_line' id='line_1_4' title="bbox 115 529 936 619; baseline 0.013 -25"><span class='ocrx_word' id='word_1_24' title='bbox 115 529 177 596; x_wconf 89' lang='lat' dir='ltr'>chil</span> <span class='ocrx_word' id='word_1_25' title='bbox 204 530 293 598; x_wconf 92' lang='lat' dir='ltr'>aliud</span> <span class='ocrx_word' id='word_1_26' title='bbox 321 547 440 619; x_wconf 80' lang='lat' dir='ltr'>agenS,</span> <span class='ocrx_word' id='word_1_27' title='bbox 467 531 641 617; x_wconf 79' lang='lat' dir='ltr'><strong>Neapolim</strong></span> <span class='ocrx_word' id='word_1_28' title='bbox 669 538 722 600; x_wconf 91' lang='lat' dir='ltr'>est</span> <span class='ocrx_word' id='word_1_29' title='bbox 747 531 936 605; x_wconf 87' lang='lat' dir='ltr'>reversus¹.</span> 
     </span>
    </p>

    <p class='ocr_par' dir='ltr' id='par_1_3' title="bbox 108 626 1250 1881">
     <span class='ocr_line' id='line_1_5' title="bbox 186 626 1249 725; baseline 0.009 -30"><span class='ocrx_word' id='word_1_30' title='bbox 186 626 257 696; x_wconf 88' lang='lat' dir='ltr'>Rex</span> <span class='ocrx_word' id='word_1_31' title='bbox 274 629 494 696; x_wconf 90' lang='lat' dir='ltr'>Bohemornm</span> <span class='ocrx_word' id='word_1_32' title='bbox 512 628 554 696; x_wconf 91' lang='lat' dir='ltr'>ad</span> <span class='ocrx_word' id='word_1_33' title='bbox 577 628 707 697; x_wconf 84' lang='lat' dir='ltr'>beatam</span> <span class='ocrx_word' id='word_1_34' title='bbox 732 634 896 719; x_wconf 88' lang='lat' dir='ltr'>virginem</span> <span class='ocrx_word' id='word_1_35' title='bbox 922 637 955 704; x_wconf 97' lang='lat' dir='ltr'>in</span> <span class='ocrx_word' id='word_1_36' title='bbox 982 638 1157 725; x_wconf 87' lang='lat' dir='ltr'>ciuitatem,</span> <span class='ocrx_word' id='word_1_37' title='bbox 1185 655 1249 725; x_wconf 82' lang='lat' dir='ltr'>qaue</span> 
     </span>
     <span class='ocr_line' id='line_1_6' title="bbox 113 721 1250 825; baseline 0.009 -33"><span class='ocrx_word' id='word_1_38' title='bbox 113 723 216 814; x_wconf 88' lang='lat' dir='ltr'>Rupis</span> <span class='ocrx_word' id='word_1_39' title='bbox 243 728 350 795; x_wconf 91' lang='lat' dir='ltr'>sancti</span> <span class='ocrx_word' id='word_1_40' title='bbox 376 724 542 795; x_wconf 86' lang='lat' dir='ltr'>Amatoris</span> <span class='ocrx_word' id='word_1_41' title='bbox 570 721 709 795; x_wconf 86' lang='lat' dir='ltr'>dicitnr²</span> <span class='ocrx_word' id='word_1_42' title='bbox 733 749 874 818; x_wconf 80' lang='lat' dir='ltr'>peregre</span> <span class='ocrx_word' id='word_1_43' title='bbox 899 734 1130 825; x_wconf 88' lang='lat' dir='ltr'>proficiscens,</span> <span class='ocrx_word' id='word_1_44' title='bbox 1158 738 1250 804; x_wconf 89' lang='lat' dir='ltr'>venit</span> 
     </span>
     <span class='ocr_line' id='line_1_7' title="bbox 114 823 1249 920; baseline 0.008 -29"><span class='ocrx_word' id='word_1_45' title='bbox 114 823 154 891; x_wconf 96' lang='lat' dir='ltr'>ad</span> <span class='ocrx_word' id='word_1_46' title='bbox 182 843 294 910; x_wconf 88' lang='lat' dir='ltr'>regem</span> <span class='ocrx_word' id='word_1_47' title='bbox 320 826 470 912; x_wconf 85' lang='lat' dir='ltr'>Francia,</span> <span class='ocrx_word' id='word_1_48' title='bbox 498 825 661 894; x_wconf 91' lang='lat' dir='ltr'>icrtunam</span> <span class='ocrx_word' id='word_1_49' title='bbox 688 827 765 896; x_wconf 90' lang='lat' dir='ltr'>belli</span> <span class='ocrx_word' id='word_1_50' title='bbox 792 836 825 897; x_wconf 92' lang='lat' dir='ltr'>et</span> <span class='ocrx_word' id='word_1_51' title='bbox 852 832 942 920; x_wconf 84' lang='lat' dir='ltr'>quod</span> <span class='ocrx_word' id='word_1_52' title='bbox 964 833 1153 901; x_wconf 88' lang='lat' dir='ltr'>Heinrionm</span> <span class='ocrx_word' id='word_1_53' title='bbox 1182 834 1249 902; x_wconf 83' lang='lat' dir='ltr'>dri-</span> 
     </span>
     <span class='ocr_line' id='line_1_8' title="bbox 113 923 1248 1020; baseline 0.01 -31"><span class='ocrx_word' id='word_1_54' title='bbox 113 940 185 990; x_wconf 91' lang='lat' dir='ltr'>cem</span> <span class='ocrx_word' id='word_1_55' title='bbox 213 925 377 1011; x_wconf 90' lang='lat' dir='ltr'>captivum</span> <span class='ocrx_word' id='word_1_56' title='bbox 405 923 590 1011; x_wconf 86' lang='lat' dir='ltr'>abduxerit,</span> <span class='ocrx_word' id='word_1_57' title='bbox 620 930 784 1013; x_wconf 76' lang='lat' dir='ltr'>exposuit.</span> <span class='ocrx_word' id='word_1_58' title='bbox 820 928 882 1011; x_wconf 83' lang='lat' dir='ltr'>Qui</span> <span class='ocrx_word' id='word_1_59' title='bbox 907 935 1075 1020; x_wconf 74' lang='lat' dir='ltr'>persuasit</span> <span class='ocrx_word' id='word_1_60' title='bbox 1097 951 1170 1000; x_wconf 95' lang='lat' dir='ltr'>eum</span> <span class='ocrx_word' id='word_1_61' title='bbox 1193 933 1248 1000; x_wconf 82' lang='lat' dir='ltr'>di-</span> 
     </span>
     <span class='ocr_line' id='line_1_9' title="bbox 113 1021 1248 1117; baseline 0.008 -29"><span class='ocrx_word' id='word_1_62' title='bbox 113 1021 317 1090; x_wconf 91' lang='lat' dir='ltr'>mittendum.</span> <span class='ocrx_word' id='word_1_63' title='bbox 354 1021 451 1102; x_wconf 85' lang='lat' dir='ltr'>Quod</span> <span class='ocrx_word' id='word_1_64' title='bbox 478 1029 512 1089; x_wconf 91' lang='lat' dir='ltr'>et</span> <span class='ocrx_word' id='word_1_65' title='bbox 537 1022 655 1091; x_wconf 91' lang='lat' dir='ltr'>iactum</span> <span class='ocrx_word' id='word_1_66' title='bbox 683 1027 793 1093; x_wconf 91' lang='lat' dir='ltr'>estin</span> <span class='ocrx_word' id='word_1_67' title='bbox 819 1031 910 1116; x_wconf 89' lang='lat' dir='ltr'>regis</span> <span class='ocrx_word' id='word_1_68' title='bbox 936 1033 1140 1117; x_wconf 76' lang='lat' dir='ltr'>reversione,</span> <span class='ocrx_word' id='word_1_69' title='bbox 1168 1033 1248 1099; x_wconf 88' lang='lat' dir='ltr'>tali-</span> 
     </span>
     <span class='ocr_line' id='line_1_10' title="bbox 110 1119 1250 1211; baseline 0.01 -24"><span class='ocrx_word' id='word_1_70' title='bbox 110 1119 173 1188; x_wconf 92' lang='lat' dir='ltr'>bus</span> <span class='ocrx_word' id='word_1_71' title='bbox 207 1123 390 1188; x_wconf 88' lang='lat' dir='ltr'>interiectis</span> <span class='ocrx_word' id='word_1_72' title='bbox 426 1121 693 1211; x_wconf 78' lang='lat' dir='ltr'>conditionibuS,</span> <span class='ocrx_word' id='word_1_73' title='bbox 719 1129 756 1192; x_wconf 91' lang='lat' dir='ltr'>ut</span> <span class='ocrx_word' id='word_1_74' title='bbox 782 1126 885 1195; x_wconf 90' lang='lat' dir='ltr'>duces</span> <span class='ocrx_word' id='word_1_75' title='bbox 911 1126 1044 1196; x_wconf 83' lang='lat' dir='ltr'>Austrie</span> <span class='ocrx_word' id='word_1_76' title='bbox 1072 1129 1250 1198; x_wconf 83' lang='lat' dir='ltr'>redderent</span> 
     </span>
     <span class='ocr_line' id='line_1_11' title="bbox 110 1219 1248 1318; baseline 0.011 -34"><span class='ocrx_word' id='word_1_77' title='bbox 110 1219 311 1287; x_wconf 85' lang='lat' dir='ltr'>munitiones</span> <span class='ocrx_word' id='word_1_78' title='bbox 333 1225 365 1287; x_wconf 91' lang='lat' dir='ltr'>et</span> <span class='ocrx_word' id='word_1_79' title='bbox 387 1219 485 1307; x_wconf 90' lang='lat' dir='ltr'>opida</span> <span class='ocrx_word' id='word_1_80' title='bbox 508 1220 550 1288; x_wconf 96' lang='lat' dir='ltr'>ad</span> <span class='ocrx_word' id='word_1_81' title='bbox 577 1239 717 1306; x_wconf 87' lang='lat' dir='ltr'>regnum</span> <span class='ocrx_word' id='word_1_82' title='bbox 742 1223 955 1294; x_wconf 90' lang='lat' dir='ltr'>Bohemicum</span> <span class='ocrx_word' id='word_1_83' title='bbox 983 1230 1178 1318; x_wconf 79' lang='lat' dir='ltr'>spectantia,</span> <span class='ocrx_word' id='word_1_84' title='bbox 1207 1229 1248 1296; x_wconf 86' lang='lat' dir='ltr'>ab</span> 
     </span>
     <span class='ocr_line' id='line_1_12' title="bbox 110 1315 1248 1417; baseline 0.01 -34"><span class='ocrx_word' id='word_1_85' title='bbox 110 1319 188 1384; x_wconf 93' lang='lat' dir='ltr'>olim</span> <span class='ocrx_word' id='word_1_86' title='bbox 214 1315 347 1386; x_wconf 82' lang='lat' dir='ltr'>Austrie</span> <span class='ocrx_word' id='word_1_87' title='bbox 375 1317 514 1385; x_wconf 90' lang='lat' dir='ltr'>ducibus</span> <span class='ocrx_word' id='word_1_88' title='bbox 541 1319 698 1408; x_wconf 84' lang='lat' dir='ltr'>obligata,</span> <span class='ocrx_word' id='word_1_89' title='bbox 726 1323 863 1411; x_wconf 87' lang='lat' dir='ltr'>insuper</span> <span class='ocrx_word' id='word_1_90' title='bbox 888 1331 921 1392; x_wconf 92' lang='lat' dir='ltr'>et</span> <span class='ocrx_word' id='word_1_91' title='bbox 940 1328 1160 1394; x_wconf 90' lang='lat' dir='ltr'>instrumenta</span> <span class='ocrx_word' id='word_1_92' title='bbox 1181 1327 1248 1417; x_wconf 90' lang='lat' dir='ltr'>illa,</span> 
     </span>
     <span class='ocr_line' id='line_1_13' title="bbox 110 1415 1249 1512; baseline 0.009 -30"><span class='ocrx_word' id='word_1_93' title='bbox 110 1435 175 1502; x_wconf 84' lang='lat' dir='ltr'>que</span> <span class='ocrx_word' id='word_1_94' title='bbox 204 1435 262 1484; x_wconf 89' lang='lat' dir='ltr'>rex</span> <span class='ocrx_word' id='word_1_95' title='bbox 288 1415 443 1484; x_wconf 90' lang='lat' dir='ltr'>Albertus</span> <span class='ocrx_word' id='word_1_96' title='bbox 470 1417 590 1484; x_wconf 92' lang='lat' dir='ltr'>dicitnr</span> <span class='ocrx_word' id='word_1_97' title='bbox 616 1421 801 1488; x_wconf 90' lang='lat' dir='ltr'>extorsisse</span> <span class='ocrx_word' id='word_1_98' title='bbox 828 1440 847 1489; x_wconf 92' lang='lat' dir='ltr'>a</span> <span class='ocrx_word' id='word_1_99' title='bbox 869 1423 1035 1512; x_wconf 80' lang='lat' dir='ltr'>bohemis,</span> <span class='ocrx_word' id='word_1_100' title='bbox 1063 1432 1099 1494; x_wconf 94' lang='lat' dir='ltr'>ut</span> <span class='ocrx_word' id='word_1_101' title='bbox 1125 1425 1249 1494; x_wconf 94' lang='lat' dir='ltr'>nullum</span> 
     </span>
     <span class='ocr_line' id='line_1_14' title="bbox 109 1514 1249 1612; baseline 0.01 -31"><span class='ocrx_word' id='word_1_102' title='bbox 109 1517 176 1582; x_wconf 93' lang='lat' dir='ltr'>nisi</span> <span class='ocrx_word' id='word_1_103' title='bbox 204 1514 246 1584; x_wconf 90' lang='lat' dir='ltr'>de</span> <span class='ocrx_word' id='word_1_104' title='bbox 271 1516 360 1585; x_wconf 93' lang='lat' dir='ltr'>linea</span> <span class='ocrx_word' id='word_1_105' title='bbox 387 1517 438 1583; x_wconf 92' lang='lat' dir='ltr'>sui</span> <span class='ocrx_word' id='word_1_106' title='bbox 464 1517 620 1601; x_wconf 89' lang='lat' dir='ltr'>germinis</span> <span class='ocrx_word' id='word_1_107' title='bbox 647 1518 681 1583; x_wconf 97' lang='lat' dir='ltr'>in</span> <span class='ocrx_word' id='word_1_108' title='bbox 698 1535 759 1586; x_wconf 93' lang='lat' dir='ltr'>sue</span> <span class='ocrx_word' id='word_1_109' title='bbox 787 1524 871 1586; x_wconf 89' lang='lat' dir='ltr'>terre</span> <span class='ocrx_word' id='word_1_110' title='bbox 894 1529 926 1590; x_wconf 90' lang='lat' dir='ltr'>et</span> <span class='ocrx_word' id='word_1_111' title='bbox 944 1525 1040 1608; x_wconf 89' lang='lat' dir='ltr'>regni</span> <span class='ocrx_word' id='word_1_112' title='bbox 1068 1525 1249 1612; x_wconf 84' lang='lat' dir='ltr'>principem</span> 
     </span>
     <span class='ocr_line' id='line_1_15' title="bbox 109 1613 1249 1704; baseline 0.006 -23"><span class='ocrx_word' id='word_1_113' title='bbox 109 1620 332 1702; x_wconf 87' lang='lat' dir='ltr'>acceptarent.</span> <span class='ocrx_word' id='word_1_114' title='bbox 373 1613 499 1694; x_wconf 82' lang='lat' dir='ltr'>Quibus</span> <span class='ocrx_word' id='word_1_115' title='bbox 536 1615 688 1683; x_wconf 94' lang='lat' dir='ltr'>omnibus</span> <span class='ocrx_word' id='word_1_116' title='bbox 723 1615 764 1683; x_wconf 89' lang='lat' dir='ltr'>ad</span> <span class='ocrx_word' id='word_1_117' title='bbox 792 1620 882 1704; x_wconf 89' lang='lat' dir='ltr'>regis</span> <span class='ocrx_word' id='word_1_118' title='bbox 909 1620 1130 1689; x_wconf 89' lang='lat' dir='ltr'>Bohemorum</span> <span class='ocrx_word' id='word_1_119' title='bbox 1157 1622 1249 1690; x_wconf 92' lang='lat' dir='ltr'>desi-</span> 
     </span>
     <span class='ocr_line' id='line_1_16' title="bbox 108 1711 1248 1801; baseline 0.007 -22"><span class='ocrx_word' id='word_1_120' title='bbox 108 1711 237 1780; x_wconf 91' lang='lat' dir='ltr'>derium</span> <span class='ocrx_word' id='word_1_121' title='bbox 266 1713 442 1801; x_wconf 79' lang='lat' dir='ltr'>explicitis,</span> <span class='ocrx_word' id='word_1_122' title='bbox 469 1712 645 1781; x_wconf 90' lang='lat' dir='ltr'>Heinrious</span> <span class='ocrx_word' id='word_1_123' title='bbox 661 1713 743 1781; x_wconf 89' lang='lat' dir='ltr'>liber</span> <span class='ocrx_word' id='word_1_124' title='bbox 766 1721 798 1783; x_wconf 91' lang='lat' dir='ltr'>et</span> <span class='ocrx_word' id='word_1_125' title='bbox 819 1719 953 1788; x_wconf 93' lang='lat' dir='ltr'>omnino</span> <span class='ocrx_word' id='word_1_126' title='bbox 970 1720 1100 1788; x_wconf 90' lang='lat' dir='ltr'>solutus</span> <span class='ocrx_word' id='word_1_127' title='bbox 1119 1721 1152 1788; x_wconf 93' lang='lat' dir='ltr'>in</span> <span class='ocrx_word' id='word_1_128' title='bbox 1171 1717 1248 1787; x_wconf 84' lang='lat' dir='ltr'>An-</span> 
     </span>
     <span class='ocr_line' id='line_1_17' title="bbox 109 1813 498 1881; baseline 0.008 -3"><span class='ocrx_word' id='word_1_129' title='bbox 109 1813 226 1880; x_wconf 90' lang='lat' dir='ltr'>striam</span> <span class='ocrx_word' id='word_1_130' title='bbox 254 1819 306 1880; x_wconf 92' lang='lat' dir='ltr'>est</span> <span class='ocrx_word' id='word_1_131' title='bbox 331 1829 498 1881; x_wconf 75' lang='lat' dir='ltr'>reversus·</span> 
     </span>
    </p>

    <p class='ocr_par' dir='ltr' id='par_1_4' title="bbox 108 1907 1332 3679">
     <span class='ocr_line' id='line_1_18' title="bbox 186 1907 1332 2001; baseline 0.005 -23"><span class='ocrx_word' id='word_1_132' title='bbox 186 1907 285 1979; x_wconf 86' lang='lat' dir='ltr'>Anno</span> <span class='ocrx_word' id='word_1_133' title='bbox 319 1911 546 1980; x_wconf 91' lang='lat' dir='ltr'>m.ccc.xx.iiii.</span> <span class='ocrx_word' id='word_1_134' title='bbox 572 1909 767 1998; x_wconf 90' lang='lat' dir='ltr'>Leupoldns</span> <span class='ocrx_word' id='word_1_135' title='bbox 802 1914 1001 2001; x_wconf 86' lang='lat' dir='ltr'>colloquium</span> <span class='ocrx_word' id='word_1_136' title='bbox 1034 1915 1148 1984; x_wconf 92' lang='lat' dir='ltr'>habuit</span> <span class='ocrx_word' id='word_1_137' title='bbox 1174 1933 1246 1984; x_wconf 93' lang='lat' dir='ltr'>cum</span> <span class='ocrx_word' id='word_1_138' title='bbox 1264 1931 1332 1984; x_wconf 79' lang='lat' dir='ltr'>taen</span> 
     </span>
     <span class='ocr_line' id='line_1_19' title="bbox 109 2008 1323 2103; baseline 0.004 -25"><span class='ocrx_word' id='word_1_139' title='bbox 109 2028 192 2096; x_wconf 89' lang='lat' dir='ltr'>rege</span> <span class='ocrx_word' id='word_1_140' title='bbox 211 2011 347 2077; x_wconf 84' lang='lat' dir='ltr'>Franoie</span> <span class='ocrx_word' id='word_1_141' title='bbox 370 2012 404 2077; x_wconf 93' lang='lat' dir='ltr'>in</span> <span class='ocrx_word' id='word_1_142' title='bbox 426 2008 604 2098; x_wconf 89' lang='lat' dir='ltr'>Campanie</span> <span class='ocrx_word' id='word_1_143' title='bbox 626 2012 760 2097; x_wconf 88' lang='lat' dir='ltr'>oppido,</span> <span class='ocrx_word' id='word_1_144' title='bbox 789 2011 878 2098; x_wconf 87' lang='lat' dir='ltr'>qnod</span> <span class='ocrx_word' id='word_1_145' title='bbox 905 2015 1039 2082; x_wconf 88' lang='lat' dir='ltr'>Barrum</span> <span class='ocrx_word' id='word_1_146' title='bbox 1067 2032 1168 2103; x_wconf 90' lang='lat' dir='ltr'>snper</span> <span class='ocrx_word' id='word_1_147' title='bbox 1184 2012 1248 2082; x_wconf 86' lang='lat' dir='ltr'>m-</span> <span class='ocrx_word' id='word_1_148' title='bbox 1270 2015 1323 2054; x_wconf 74' lang='lat' dir='ltr'>ma</span> 
     </span>
     <span class='ocr_line' id='line_1_20' title="bbox 108 2107 1248 2199; baseline 0.004 -21"><span class='ocrx_word' id='word_1_149' title='bbox 108 2111 185 2178; x_wconf 90' lang='lat' dir='ltr'>bam</span> <span class='ocrx_word' id='word_1_150' title='bbox 214 2107 349 2196; x_wconf 88' lang='lat' dir='ltr'>dieitur,</span> <span class='ocrx_word' id='word_1_151' title='bbox 378 2113 411 2176; x_wconf 88' lang='lat' dir='ltr'>et</span> <span class='ocrx_word' id='word_1_152' title='bbox 436 2109 469 2175; x_wconf 93' lang='lat' dir='ltr'>in</span> <span class='ocrx_word' id='word_1_153' title='bbox 498 2111 700 2176; x_wconf 89' lang='lat' dir='ltr'>monasterio</span> <span class='ocrx_word' id='word_1_154' title='bbox 728 2108 963 2181; x_wconf 87' lang='lat' dir='ltr'>Clare-Vallis.</span> <span class='ocrx_word' id='word_1_155' title='bbox 998 2112 1150 2199; x_wconf 81' lang='lat' dir='ltr'>Regnum</span> <span class='ocrx_word' id='word_1_156' title='bbox 1175 2111 1248 2182; x_wconf 87' lang='lat' dir='ltr'>Ro-</span> 
     </span>
     <span class='ocr_line' id='line_1_21' title="bbox 109 2206 1250 2280; baseline 0.002 -2"><span class='ocrx_word' id='word_1_157' title='bbox 109 2226 282 2278; x_wconf 91' lang='lat' dir='ltr'>manorum</span> <span class='ocrx_word' id='word_1_158' title='bbox 306 2209 392 2276; x_wconf 91' lang='lat' dir='ltr'>sicut</span> <span class='ocrx_word' id='word_1_159' title='bbox 408 2207 510 2274; x_wconf 87' lang='lat' dir='ltr'>lentur</span> <span class='ocrx_word' id='word_1_160' title='bbox 528 2206 570 2275; x_wconf 90' lang='lat' dir='ltr'>ad</span> <span class='ocrx_word' id='word_1_161' title='bbox 584 2208 732 2275; x_wconf 84' lang='lat' dir='ltr'>Francos</span> <span class='ocrx_word' id='word_1_162' title='bbox 749 2211 835 2276; x_wconf 92' lang='lat' dir='ltr'>sicut</span> <span class='ocrx_word' id='word_1_163' title='bbox 858 2211 933 2278; x_wconf 94' lang='lat' dir='ltr'>olim</span> <span class='ocrx_word' id='word_1_164' title='bbox 951 2218 1146 2280; x_wconf 88' lang='lat' dir='ltr'>conuertere</span> <span class='ocrx_word' id='word_1_165' title='bbox 1161 2214 1250 2280; x_wconf 88' lang='lat' dir='ltr'>nite-</span> 
     </span>
     <span class='ocr_line' id='line_1_22' title="bbox 108 2306 1251 2399; baseline -0.001 -22"><span class='ocrx_word' id='word_1_166' title='bbox 108 2309 219 2396; x_wconf 87' lang='lat' dir='ltr'>batur,</span> <span class='ocrx_word' id='word_1_167' title='bbox 237 2311 274 2373; x_wconf 94' lang='lat' dir='ltr'>ut</span> <span class='ocrx_word' id='word_1_168' title='bbox 284 2306 347 2373; x_wconf 92' lang='lat' dir='ltr'>sibi</span> <span class='ocrx_word' id='word_1_169' title='bbox 355 2307 534 2375; x_wconf 85' lang='lat' dir='ltr'>vicariatus</span> <span class='ocrx_word' id='word_1_170' title='bbox 542 2308 807 2395; x_wconf 84' lang='lat' dir='ltr'>committeretur,</span> <span class='ocrx_word' id='word_1_171' title='bbox 824 2314 857 2374; x_wconf 93' lang='lat' dir='ltr'>et</span> <span class='ocrx_word' id='word_1_172' title='bbox 867 2310 917 2375; x_wconf 91' lang='lat' dir='ltr'>sic</span> <span class='ocrx_word' id='word_1_173' title='bbox 927 2308 1095 2378; x_wconf 82' lang='lat' dir='ltr'>fratrissui</span> <span class='ocrx_word' id='word_1_174' title='bbox 1113 2327 1251 2399; x_wconf 89' lang='lat' dir='ltr'>exemp-</span> 
     </span>
     <span class='ocr_line' id='line_1_23' title="bbox 109 2403 1249 2497; baseline 0 -22"><span class='ocrx_word' id='word_1_175' title='bbox 109 2409 157 2477; x_wconf 88' lang='lat' dir='ltr'>tio</span> <span class='ocrx_word' id='word_1_176' title='bbox 169 2406 297 2474; x_wconf 86' lang='lat' dir='ltr'>iacilior</span> <span class='ocrx_word' id='word_1_177' title='bbox 308 2409 513 2493; x_wconf 89' lang='lat' dir='ltr'>sequeretur.</span> <span class='ocrx_word' id='word_1_178' title='bbox 541 2403 638 2484; x_wconf 84' lang='lat' dir='ltr'>Quod</span> <span class='ocrx_word' id='word_1_179' title='bbox 652 2423 725 2471; x_wconf 89' lang='lat' dir='ltr'>curn</span> <span class='ocrx_word' id='word_1_180' title='bbox 736 2409 1009 2492; x_wconf 86' lang='lat' dir='ltr'>consequentiam</span> <span class='ocrx_word' id='word_1_181' title='bbox 1024 2425 1092 2475; x_wconf 95' lang='lat' dir='ltr'>non</span> <span class='ocrx_word' id='word_1_182' title='bbox 1103 2408 1249 2497; x_wconf 88' lang='lat' dir='ltr'>baberet,</span> 
     </span>
     <span class='ocr_line' id='line_1_24' title="bbox 108 2503 1325 2592; baseline -0.001 -18"><span class='ocrx_word' id='word_1_183' title='bbox 108 2506 199 2574; x_wconf 90' lang='lat' dir='ltr'>datis</span> <span class='ocrx_word' id='word_1_184' title='bbox 222 2504 284 2572; x_wconf 92' lang='lat' dir='ltr'>sibi</span> <span class='ocrx_word' id='word_1_185' title='bbox 300 2506 442 2572; x_wconf 90' lang='lat' dir='ltr'>invicem</span> <span class='ocrx_word' id='word_1_186' title='bbox 460 2503 661 2592; x_wconf 90' lang='lat' dir='ltr'>muneribus,</span> <span class='ocrx_word' id='word_1_187' title='bbox 679 2509 712 2570; x_wconf 91' lang='lat' dir='ltr'>et</span> <span class='ocrx_word' id='word_1_188' title='bbox 727 2503 860 2571; x_wconf 84' lang='lat' dir='ltr'>Francis</span> <span class='ocrx_word' id='word_1_189' title='bbox 875 2504 1155 2573; x_wconf 87' lang='lat' dir='ltr'>Theutonicorum</span> <span class='ocrx_word' id='word_1_190' title='bbox 1168 2507 1250 2592; x_wconf 87' lang='lat' dir='ltr'>glo-</span> <span class='ocrx_word' id='word_1_191' title='bbox 1322 2549 1325 2556; x_wconf 67' lang='grc'><strong><em>»</em></strong></span> 
     </span>
     <span class='ocr_line' id='line_1_25' title="bbox 110 2602 1250 2690; baseline 0 -17"><span class='ocrx_word' id='word_1_192' title='bbox 110 2607 194 2673; x_wconf 90' lang='lat' dir='ltr'>riam</span> <span class='ocrx_word' id='word_1_193' title='bbox 222 2609 255 2672; x_wconf 90' lang='lat' dir='ltr'>et</span> <span class='ocrx_word' id='word_1_194' title='bbox 275 2604 458 2690; x_wconf 91' lang='lat' dir='ltr'>potentiam</span> <span class='ocrx_word' id='word_1_195' title='bbox 486 2602 743 2690; x_wconf 87' lang='lat' dir='ltr'>admirantibus,</span> <span class='ocrx_word' id='word_1_196' title='bbox 775 2603 983 2670; x_wconf 88' lang='lat' dir='ltr'>abinvicem</span> <span class='ocrx_word' id='word_1_197' title='bbox 1011 2603 1250 2673; x_wconf 89' lang='lat' dir='ltr'>discesserunt.</span> 
     </span>
     <span class='ocr_line' id='line_1_26' title="bbox 109 2699 1249 2791; baseline -0.002 -20"><span class='ocrx_word' id='word_1_198' title='bbox 109 2701 307 2791; x_wconf 91' lang='lat' dir='ltr'>Leupoldns</span> <span class='ocrx_word' id='word_1_199' title='bbox 333 2706 413 2788; x_wconf 92' lang='lat' dir='ltr'>post</span> <span class='ocrx_word' id='word_1_200' title='bbox 445 2700 508 2768; x_wconf 90' lang='lat' dir='ltr'>hec</span> <span class='ocrx_word' id='word_1_201' title='bbox 540 2700 641 2768; x_wconf 83' lang='lat' dir='ltr'>fertur</span> <span class='ocrx_word' id='word_1_202' title='bbox 667 2699 808 2787; x_wconf 89' lang='lat' dir='ltr'>quedam</span> <span class='ocrx_word' id='word_1_203' title='bbox 835 2704 997 2787; x_wconf 90' lang='lat' dir='ltr'>prestigia</span> <span class='ocrx_word' id='word_1_204' title='bbox 1023 2719 1249 2791; x_wconf 84' lang='lat' dir='ltr'>comparasse,</span> 
     </span>
     <span class='ocr_line' id='line_1_27' title="bbox 108 2798 1250 2890; baseline -0.003 -19"><span class='ocrx_word' id='word_1_205' title='bbox 108 2809 146 2871; x_wconf 91' lang='lat' dir='ltr'>ut</span> <span class='ocrx_word' id='word_1_206' title='bbox 165 2803 298 2870; x_wconf 82' lang='lat' dir='ltr'>fratrem</span> <span class='ocrx_word' id='word_1_207' title='bbox 314 2801 472 2888; x_wconf 88' lang='lat' dir='ltr'>eriperet;</span> <span class='ocrx_word' id='word_1_208' title='bbox 501 2817 565 2887; x_wconf 84' lang='lat' dir='ltr'>que</span> <span class='ocrx_word' id='word_1_209' title='bbox 593 2801 641 2866; x_wconf 90' lang='lat' dir='ltr'>vir</span> <span class='ocrx_word' id='word_1_210' title='bbox 667 2798 774 2868; x_wconf 93' lang='lat' dir='ltr'>solide</span> <span class='ocrx_word' id='word_1_211' title='bbox 798 2798 874 2866; x_wconf 90' lang='lat' dir='ltr'>srdei</span> <span class='ocrx_word' id='word_1_212' title='bbox 902 2818 969 2868; x_wconf 96' lang='lat' dir='ltr'>non</span> <span class='ocrx_word' id='word_1_213' title='bbox 993 2800 1182 2890; x_wconf 81' lang='lat' dir='ltr'>admittens,</span> <span class='ocrx_word' id='word_1_214' title='bbox 1211 2819 1250 2868; x_wconf 91' lang='lat' dir='ltr'>se</span> 
     </span>
     <span class='ocr_line' id='line_1_28' title="bbox 109 2896 1249 2987; baseline -0.004 -17"><span class='ocrx_word' id='word_1_215' title='bbox 109 2901 249 2970; x_wconf 93' lang='lat' dir='ltr'>domino</span> <span class='ocrx_word' id='word_1_216' title='bbox 268 2899 407 2968; x_wconf 87' lang='lat' dir='ltr'>iideliter</span> <span class='ocrx_word' id='word_1_217' title='bbox 427 2896 679 2966; x_wconf 86' lang='lat' dir='ltr'>commendavit.</span> <span class='ocrx_word' id='word_1_218' title='bbox 713 2897 860 2966; x_wconf 87' lang='lat' dir='ltr'>Consors</span> <span class='ocrx_word' id='word_1_219' title='bbox 880 2898 1048 2987; x_wconf 84' lang='lat' dir='ltr'>Friderici,</span> <span class='ocrx_word' id='word_1_220' title='bbox 1076 2900 1141 2967; x_wconf 84' lang='lat' dir='ltr'>filia</span> <span class='ocrx_word' id='word_1_221' title='bbox 1160 2901 1249 2986; x_wconf 88' lang='lat' dir='ltr'>regis</span> 
     </span>
     <span class='ocr_line' id='line_1_29' title="bbox 109 2997 1250 3086; baseline -0.003 -17"><span class='ocrx_word' id='word_1_222' title='bbox 109 2999 302 3086; x_wconf 83' lang='lat' dir='ltr'>Arrogonie</span> <span class='ocrx_word' id='word_1_223' title='bbox 327 2997 518 3086; x_wconf 86' lang='lat' dir='ltr'>Elizabeth,</span> <span class='ocrx_word' id='word_1_224' title='bbox 542 2997 833 3084; x_wconf 86' lang='lat' dir='ltr'>peregrinationes</span> <span class='ocrx_word' id='word_1_225' title='bbox 860 2999 983 3065; x_wconf 89' lang='lat' dir='ltr'>ieiunia</span> <span class='ocrx_word' id='word_1_226' title='bbox 1010 3000 1250 3084; x_wconf 87' lang='lat' dir='ltr'>castigationes</span> 
     </span>
     <span class='ocr_line' id='line_1_30' title="bbox 109 3095 1251 3183; baseline -0.004 -15"><span class='ocrx_word' id='word_1_227' title='bbox 109 3099 198 3168; x_wconf 93' lang='lat' dir='ltr'>adeo</span> <span class='ocrx_word' id='word_1_228' title='bbox 236 3113 357 3183; x_wconf 90' lang='lat' dir='ltr'>graves</span> <span class='ocrx_word' id='word_1_229' title='bbox 393 3097 456 3163; x_wconf 91' lang='lat' dir='ltr'>sibi</span> <span class='ocrx_word' id='word_1_230' title='bbox 490 3096 690 3183; x_wconf 85' lang='lat' dir='ltr'>assumpsit,</span> <span class='ocrx_word' id='word_1_231' title='bbox 716 3102 753 3163; x_wconf 93' lang='lat' dir='ltr'>ut</span> <span class='ocrx_word' id='word_1_232' title='bbox 788 3097 908 3164; x_wconf 92' lang='lat' dir='ltr'>nimius</span> <span class='ocrx_word' id='word_1_233' title='bbox 944 3095 1041 3164; x_wconf 88' lang='lat' dir='ltr'>iletus</span> <span class='ocrx_word' id='word_1_234' title='bbox 1067 3099 1161 3165; x_wconf 87' lang='lat' dir='ltr'>visus</span> <span class='ocrx_word' id='word_1_235' title='bbox 1188 3097 1251 3164; x_wconf 91' lang='lat' dir='ltr'>sibi</span> 
     </span>
     <span class='ocr_line' id='line_1_31' title="bbox 108 3191 1250 3281; baseline -0.004 -14"><span class='ocrx_word' id='word_1_236' title='bbox 108 3194 487 3266; x_wconf 86' lang='lat' dir='ltr'>ademeritsacnltatem.</span> <span class='ocrx_word' id='word_1_237' title='bbox 520 3194 652 3262; x_wconf 88' lang='lat' dir='ltr'>Interea</span> <span class='ocrx_word' id='word_1_238' title='bbox 669 3191 872 3262; x_wconf 89' lang='lat' dir='ltr'>Ludcwicus</span> <span class='ocrx_word' id='word_1_239' title='bbox 901 3203 1044 3263; x_wconf 90' lang='lat' dir='ltr'>castrum</span> <span class='ocrx_word' id='word_1_240' title='bbox 1071 3197 1250 3281; x_wconf 88' lang='lat' dir='ltr'>Burgouie</span> 
     </span>
     <span class='ocr_line' id='line_1_32' title="bbox 110 3291 1250 3383; baseline -0.004 -17"><span class='ocrx_word' id='word_1_241' title='bbox 110 3297 287 3383; x_wconf 82' lang='lat' dir='ltr'>obsidens,</span> <span class='ocrx_word' id='word_1_242' title='bbox 315 3294 359 3362; x_wconf 92' lang='lat' dir='ltr'>nil</span> <span class='ocrx_word' id='word_1_243' title='bbox 384 3293 543 3381; x_wconf 69' lang='lat' dir='ltr'>proiecit,</span> <span class='ocrx_word' id='word_1_244' title='bbox 572 3293 650 3379; x_wconf 83' lang='lat' dir='ltr'>quia</span> <span class='ocrx_word' id='word_1_245' title='bbox 671 3291 883 3359; x_wconf 89' lang='lat' dir='ltr'>Burcbardus</span> <span class='ocrx_word' id='word_1_246' title='bbox 900 3292 941 3360; x_wconf 91' lang='lat' dir='ltr'>de</span> <span class='ocrx_word' id='word_1_247' title='bbox 956 3294 1166 3383; x_wconf 88' lang='lat' dir='ltr'>Hellerbacb,</span> <span class='ocrx_word' id='word_1_248' title='bbox 1195 3295 1250 3380; x_wconf 88' lang='lat' dir='ltr'>qui</span> 
     </span>
     <span class='ocr_line' id='line_1_33' title="bbox 108 3389 1249 3477; baseline -0.003 -14"><span class='ocrx_word' id='word_1_249' title='bbox 108 3395 193 3463; x_wconf 94' lang='lat' dir='ltr'>illnd</span> <span class='ocrx_word' id='word_1_250' title='bbox 219 3395 351 3461; x_wconf 94' lang='lat' dir='ltr'>nomine</span> <span class='ocrx_word' id='word_1_251' title='bbox 367 3392 487 3460; x_wconf 94' lang='lat' dir='ltr'>ducum</span> <span class='ocrx_word' id='word_1_252' title='bbox 506 3389 638 3459; x_wconf 85' lang='lat' dir='ltr'>Austrie</span> <span class='ocrx_word' id='word_1_253' title='bbox 656 3391 769 3477; x_wconf 85' lang='lat' dir='ltr'>tenuit,</span> <span class='ocrx_word' id='word_1_254' title='bbox 799 3397 957 3457; x_wconf 89' lang='lat' dir='ltr'>strennue</span> <span class='ocrx_word' id='word_1_255' title='bbox 975 3395 1137 3460; x_wconf 90' lang='lat' dir='ltr'>resistens</span> <span class='ocrx_word' id='word_1_256' title='bbox 1154 3393 1249 3460; x_wconf 84' lang='lat' dir='ltr'>Len-&#39;-</span> 
     </span>
     <span class='ocr_line' id='line_1_34' title="bbox 109 3485 1249 3582; baseline -0.004 -20"><span class='ocrx_word' id='word_1_257' title='bbox 109 3494 205 3582; x_wconf 89' lang='lat' dir='ltr'>poldi</span> <span class='ocrx_word' id='word_1_258' title='bbox 234 3493 478 3560; x_wconf 88' lang='lat' dir='ltr'>exsolutionem</span> <span class='ocrx_word' id='word_1_259' title='bbox 506 3489 722 3577; x_wconf 88' lang='lat' dir='ltr'>exspectavit.</span> <span class='ocrx_word' id='word_1_260' title='bbox 756 3485 818 3567; x_wconf 85' lang='lat' dir='ltr'>om</span> <span class='ocrx_word' id='word_1_261' title='bbox 842 3506 914 3555; x_wconf 92' lang='lat' dir='ltr'>cum</span> <span class='ocrx_word' id='word_1_262' title='bbox 936 3492 1082 3558; x_wconf 90' lang='lat' dir='ltr'>exercitu</span> <span class='ocrx_word' id='word_1_263' title='bbox 1109 3493 1249 3578; x_wconf 92' lang='lat' dir='ltr'>copioso</span> 
     </span>
     <span class='ocr_line' id='line_1_35' title="bbox 109 3586 1251 3679; baseline -0.006 -18"><span class='ocrx_word' id='word_1_264' title='bbox 109 3595 271 3679; x_wconf 85' lang='lat' dir='ltr'>veniens,</span> <span class='ocrx_word' id='word_1_265' title='bbox 298 3589 523 3658; x_wconf 48' lang='lat' dir='ltr'>Ludeuicum*</span> <span class='ocrx_word' id='word_1_266' title='bbox 548 3586 590 3656; x_wconf 94' lang='lat' dir='ltr'>de</span> <span class='ocrx_word' id='word_1_267' title='bbox 625 3587 863 3674; x_wconf 89' lang='lat' dir='ltr'>campestribus</span> <span class='ocrx_word' id='word_1_268' title='bbox 899 3587 1066 3673; x_wconf 88' lang='lat' dir='ltr'>abigebat.</span> <span class='ocrx_word' id='word_1_269' title='bbox 1110 3587 1251 3656; x_wconf 89' lang='lat' dir='ltr'>Moritur</span> 
     </span>
    </p>
   </div>
   <div class='ocr_carea' id='block_1_3' title="bbox 106 3711 1252 4248">
    <p class='ocr_par' dir='ltr' id='par_1_5' title="bbox 106 3711 1252 4248">
     <span class='ocr_line' id='line_1_36' title="bbox 145 3711 1250 3782; baseline -0.005 -10"><span class='ocrx_word' id='word_1_270' title='bbox 145 3719 177 3782; x_wconf 84' lang='grc'>1)</span> <span class='ocrx_word' id='word_1_271' title='bbox 197 3719 261 3772; x_wconf 89' lang='lat' dir='ltr'>llier</span> <span class='ocrx_word' id='word_1_272' title='bbox 278 3717 352 3770; x_wconf 90' lang='lat' dir='ltr'>stand</span> <span class='ocrx_word' id='word_1_273' title='bbox 371 3715 437 3770; x_wconf 90' lang='lat' dir='ltr'>noch</span> <span class='ocrx_word' id='word_1_274' title='bbox 457 3718 516 3769; x_wconf 88' lang='lat' dir='ltr'>eine</span> <span class='ocrx_word' id='word_1_275' title='bbox 533 3716 596 3768; x_wconf 90' lang='lat' dir='ltr'>ietzt</span> <span class='ocrx_word' id='word_1_276' title='bbox 618 3711 832 3766; x_wconf 88' lang='lat' dir='ltr'>durcbstrichene</span> <span class='ocrx_word' id='word_1_277' title='bbox 850 3712 983 3766; x_wconf 87' lang='lat' dir='ltr'>naclrricbt</span> <span class='ocrx_word' id='word_1_278' title='bbox 1000 3727 1052 3765; x_wconf 89' lang='lat' dir='ltr'>von</span> <span class='ocrx_word' id='word_1_279' title='bbox 1072 3713 1119 3766; x_wconf 85' lang='lat' dir='ltr'>der</span> <span class='ocrx_word' id='word_1_280' title='bbox 1137 3715 1250 3768; x_wconf 85' lang='lat' dir='ltr'>canoni-</span> 
     </span>
     <span class='ocr_line' id='line_1_37' title="bbox 107 3781 1251 3850; baseline -0.005 -9"><span class='ocrx_word' id='word_1_281' title='bbox 107 3789 198 3842; x_wconf 86' lang='lat' dir='ltr'>sation</span> <span class='ocrx_word' id='word_1_282' title='bbox 224 3785 271 3838; x_wconf 84' lang='lat' dir='ltr'>des</span> <span class='ocrx_word' id='word_1_283' title='bbox 297 3785 355 3838; x_wconf 89' lang='lat' dir='ltr'>heil.</span> <span class='ocrx_word' id='word_1_284' title='bbox 381 3785 504 3838; x_wconf 82' lang='lat' dir='ltr'>Thomas:</span> <span class='ocrx_word' id='word_1_285' title='bbox 529 3785 607 3837; x_wconf 80' lang='lat' dir='ltr'>Anno</span> <span class='ocrx_word' id='word_1_286' title='bbox 631 3781 729 3834; x_wconf 89' lang='lat' dir='ltr'>domini</span> <span class='ocrx_word' id='word_1_287' title='bbox 746 3782 931 3834; x_wconf 85' lang='lat' dir='ltr'>mcccxxxiii.</span> <span class='ocrx_word' id='word_1_288' title='bbox 950 3786 1066 3850; x_wconf 89' lang='lat' dir='ltr'>tempore</span> <span class='ocrx_word' id='word_1_289' title='bbox 1084 3783 1167 3834; x_wconf 89' lang='lat' dir='ltr'>martii</span> <span class='ocrx_word' id='word_1_290' title='bbox 1185 3797 1251 3850; x_wconf 83' lang='lat' dir='ltr'>papa</span> 
     </span>
     <span class='ocr_line' id='line_1_38' title="bbox 108 3848 1251 3917; baseline -0.003 -11"><span class='ocrx_word' id='word_1_291' title='bbox 108 3855 278 3908; x_wconf 79' lang='lat' dir='ltr'>canonizaut</span> <span class='ocrx_word' id='word_1_292' title='bbox 295 3852 398 3906; x_wconf 87' lang='lat' dir='ltr'>beatum</span> <span class='ocrx_word' id='word_1_293' title='bbox 416 3852 538 3906; x_wconf 83' lang='lat' dir='ltr'>Thomam</span> <span class='ocrx_word' id='word_1_294' title='bbox 557 3851 589 3904; x_wconf 89' lang='lat' dir='ltr'>de</span> <span class='ocrx_word' id='word_1_295' title='bbox 609 3849 711 3916; x_wconf 86' lang='lat' dir='ltr'>Aquino</span> <span class='ocrx_word' id='word_1_296' title='bbox 731 3849 859 3901; x_wconf 83' lang='lat' dir='ltr'>Aninione</span> <span class='ocrx_word' id='word_1_297' title='bbox 900 3848 948 3902; x_wconf 93' lang='lat' dir='ltr'>Ubi</span> <span class='ocrx_word' id='word_1_298' title='bbox 966 3849 1095 3902; x_wconf 86' lang='lat' dir='ltr'>lohannes</span> <span class='ocrx_word' id='word_1_299' title='bbox 1114 3851 1251 3917; x_wconf 88' lang='lat' dir='ltr'>episcopus</span> 
     </span>
     <span class='ocr_line' id='line_1_39' title="bbox 108 3915 1251 3975; baseline -0.003 -1"><span class='ocrx_word' id='word_1_300' title='bbox 108 3923 256 3975; x_wconf 82' lang='lat' dir='ltr'>Brixiensts</span> <span class='ocrx_word' id='word_1_301' title='bbox 281 3933 429 3974; x_wconf 86' lang='lat' dir='ltr'>sermonem</span> <span class='ocrx_word' id='word_1_302' title='bbox 455 3920 575 3973; x_wconf 83' lang='lat' dir='ltr'>babuisse</span> <span class='ocrx_word' id='word_1_303' title='bbox 603 3918 697 3971; x_wconf 85' lang='lat' dir='ltr'>dicitnr</span> <span class='ocrx_word' id='word_1_304' title='bbox 721 3915 752 3968; x_wconf 87' lang='lat' dir='ltr'>ad</span> <span class='ocrx_word' id='word_1_305' title='bbox 777 3916 874 3970; x_wconf 89' lang='lat' dir='ltr'>clerum</span> <span class='ocrx_word' id='word_1_306' title='bbox 897 3917 929 3969; x_wconf 88' lang='lat' dir='ltr'>de</span> <span class='ocrx_word' id='word_1_307' title='bbox 953 3916 1040 3970; x_wconf 89' lang='lat' dir='ltr'>verbis</span> <span class='ocrx_word' id='word_1_308' title='bbox 1058 3917 1206 3970; x_wconf 87' lang='lat' dir='ltr'>Salomonis</span> <span class='ocrx_word' id='word_1_309' title='bbox 1224 3919 1251 3970; x_wconf 93' lang='lat' dir='ltr'>in</span> 
     </span>
     <span class='ocr_line' id='line_1_40' title="bbox 106 3984 1252 4056; baseline -0.004 -13"><span class='ocrx_word' id='word_1_310' title='bbox 106 3991 287 4054; x_wconf 88' lang='lat' dir='ltr'>Ecclesiaste,</span> <span class='ocrx_word' id='word_1_311' title='bbox 316 3990 358 4056; x_wconf 90' lang='lat' dir='ltr'>qui</span> <span class='ocrx_word' id='word_1_312' title='bbox 377 3989 451 4042; x_wconf 86' lang='lat' dir='ltr'>dicit:</span> <span class='ocrx_word' id='word_1_313' title='bbox 480 3987 597 4049; x_wconf 81' lang='lat' dir='ltr'>Quesiuit</span> <span class='ocrx_word' id='word_1_314' title='bbox 615 3984 694 4039; x_wconf 89' lang='lat' dir='ltr'>rerba</span> <span class='ocrx_word' id='word_1_315' title='bbox 712 3985 784 4038; x_wconf 89' lang='lat' dir='ltr'>utilia</span> <span class='ocrx_word' id='word_1_316' title='bbox 809 3990 835 4038; x_wconf 89' lang='lat' dir='ltr'>et</span> <span class='ocrx_word' id='word_1_317' title='bbox 852 3987 1008 4052; x_wconf 83' lang='lat' dir='ltr'>conseripsit</span> <span class='ocrx_word' id='word_1_318' title='bbox 1026 3997 1162 4038; x_wconf 86' lang='lat' dir='ltr'>sermones</span> <span class='ocrx_word' id='word_1_319' title='bbox 1179 3987 1252 4038; x_wconf 84' lang='lat' dir='ltr'>veri-</span> 
     </span>
     <span class='ocr_line' id='line_1_41' title="bbox 107 4052 1251 4123; baseline -0.004 -12"><span class='ocrx_word' id='word_1_320' title='bbox 107 4064 165 4111; x_wconf 84' lang='lat' dir='ltr'>tate</span> <span class='ocrx_word' id='word_1_321' title='bbox 201 4058 286 4119; x_wconf 84' lang='lat' dir='ltr'>lenos,</span> <span class='ocrx_word' id='word_1_322' title='bbox 304 4058 331 4110; x_wconf 92' lang='lat' dir='ltr'>in</span> <span class='ocrx_word' id='word_1_323' title='bbox 351 4055 441 4123; x_wconf 90' lang='lat' dir='ltr'>quibus</span> <span class='ocrx_word' id='word_1_324' title='bbox 461 4069 520 4109; x_wconf 88' lang='lat' dir='ltr'>eum</span> <span class='ocrx_word' id='word_1_325' title='bbox 540 4071 556 4109; x_wconf 91' lang='lat' dir='ltr'>a</span> <span class='ocrx_word' id='word_1_326' title='bbox 573 4055 726 4108; x_wconf 86' lang='lat' dir='ltr'>sinceritate</span> <span class='ocrx_word' id='word_1_327' title='bbox 745 4059 771 4106; x_wconf 90' lang='lat' dir='ltr'>et</span> <span class='ocrx_word' id='word_1_328' title='bbox 788 4052 898 4106; x_wconf 87' lang='lat' dir='ltr'>utilitate</span> <span class='ocrx_word' id='word_1_329' title='bbox 910 4053 1159 4121; x_wconf 77' lang='lat' dir='ltr'>doctrineprecipue</span> <span class='ocrx_word' id='word_1_330' title='bbox 1177 4067 1251 4106; x_wconf 92' lang='lat' dir='ltr'>com-</span> 
     </span>
     <span class='ocr_line' id='line_1_42' title="bbox 106 4073 1252 4191; baseline -0.004 -12"><span class='ocrx_word' id='word_1_331' title='bbox 106 4073 249 4179; x_wconf 58' lang='lat' dir='ltr'>monefacit.</span> <span class='ocrx_word' id='word_1_332' title='bbox 274 4123 360 4191; x_wconf 85' lang='lat' dir='ltr'>Vergl.</span> <span class='ocrx_word' id='word_1_333' title='bbox 378 4125 429 4178; x_wconf 90' lang='lat' dir='ltr'>den</span> <span class='ocrx_word' id='word_1_334' title='bbox 441 4124 542 4178; x_wconf 87' lang='lat' dir='ltr'>scbiuss</span> <span class='ocrx_word' id='word_1_335' title='bbox 560 4125 607 4178; x_wconf 84' lang='lat' dir='ltr'>des</span> <span class='ocrx_word' id='word_1_336' title='bbox 624 4123 734 4188; x_wconf 83' lang='lat' dir='ltr'>rorigeri</span> <span class='ocrx_word' id='word_1_337' title='bbox 752 4121 868 4189; x_wconf 87' lang='lat' dir='ltr'>capitets.</span> <span class='ocrx_word' id='word_1_338' title='bbox 904 4119 936 4186; x_wconf 88' lang='lat'>2)</span> <span class='ocrx_word' id='word_1_339' title='bbox 954 4120 1152 4187; x_wconf 85' lang='lat' dir='ltr'>linquemadour</span> <span class='ocrx_word' id='word_1_340' title='bbox 1169 4121 1252 4175; x_wconf 78' lang='lat' dir='ltr'>nord-</span> 
     </span>
     <span class='ocr_line' id='line_1_43' title="bbox 107 4193 365 4248; baseline -0.008 0"><span class='ocrx_word' id='word_1_341' title='bbox 107 4194 166 4248; x_wconf 90' lang='lat' dir='ltr'>licb</span> <span class='ocrx_word' id='word_1_342' title='bbox 186 4208 237 4247; x_wconf 87' lang='lat' dir='ltr'>von</span> <span class='ocrx_word' id='word_1_343' title='bbox 257 4193 365 4248; x_wconf 86' lang='lat' dir='ltr'>Cabors.</span> 
     </span>
    </p>
   </div>
   <div class='ocr_carea' id='block_1_4' title="bbox 0 0 1518 4878">
    <p class='ocr_par' dir='ltr' id='par_1_6' title="bbox 0 0 1518 4878">
     <span class='ocr_line' id='line_1_44' title="bbox 0 0 1518 4878; baseline 0 0"><span class='ocrx_word' id='word_1_344' title='bbox 0 0 1518 4878; x_wconf 95' lang='lat' dir='ltr'> </span> 
     </span>
    </p>
   </div>
  </div>
 </body>
</html>
