3052 4878
252 187 323 257 tot
562 215 677 262 ursonrr
699 217 743 262 rr.
766 215 907 263 nornonr.
929 215 1063 262 nerrrro.

166 363 229 420 rsrl
249 358 300 424 tis·
318 355 429 424 verbis
456 371 520 424 nos
546 360 741 446 tenuerunt,
775 356 862 422 siout
891 356 953 424 viri
980 354 1133 444 duplices
1161 357 1217 442 qui
1241 355 1380 424 libenter

249 471 318 523 non
344 453 408 522 hoo
433 451 610 522 iaciebant.
635 453 850 521 Excusabant
875 470 912 521 so
941 455 1000 544 sic,
1028 453 1118 541 quod
1147 456 1257 523 statim
1281 461 1380 543 post-

250 571 347 640 quam
373 553 531 642 Perusini,
560 551 741 620 Castellaui
760 558 793 620 et
816 552 863 622 illi
886 550 929 619 de
954 549 1114 640 Augubio
1141 555 1267 622 scirent
1292 553 1381 641 quod
1509 609 1510 654 ,

249 655 428 742 iurassent,
453 653 488 718 in
514 652 695 720 continenti
722 652 818 739 ipsos
845 650 1064 741 destruerent,
1093 657 1127 720 et
1143 651 1208 720 lroc
1228 657 1380 740 possent,

251 750 386 838 quando
412 750 547 839 vellent,
575 752 653 836 quia
677 766 843 838 pauperes
870 756 949 817 sunt
969 756 1002 818 et
1026 750 1207 819 debiliores
1230 757 1383 840 respectu
1509 823 1510 852 ,

249 848 481 939 predictorum,
510 855 543 916 et
567 845 695 917 Aretini
720 867 789 917 non
816 849 958 935 diligunt
984 865 1056 918 eos.
1088 849 1184 918 Unde
1211 851 1383 938 supplica-

250 949 347 1037 bant,
384 948 474 1035 quod
508 949 557 1015 eis
592 947 746 1016 daremus
779 947 970 1016 dilationem
1005 947 1115 1017 donec
1146 946 1299 1017 dominus
1326 967 1385 1016 rex
1510 981 1511 1000 ι

251 1054 346 1117 esset
370 1049 404 1114 in
429 1047 525 1115 Pisis.
552 1044 651 1126 Quod
675 1045 825 1138 lecimus,
851 1047 930 1115 lioet
950 1064 1019 1115 non
1043 1046 1195 1116 libenter.
1221 1046 1291 1115 Sed
1310 1049 1387 1135 quia

251 1165 382 1216 eramus
407 1147 493 1214 inter
519 1162 590 1236 eos,
618 1147 762 1234 oportuit
782 1145 874 1233 quod
899 1147 934 1212 in
956 1145 1070 1233 aliquo
1097 1147 1147 1214 eis
1170 1144 1385 1215 condescen-
1510 1175 1511 1178 ¹

252 1244 418 1314 daremus

325 1340 453 1412 lbidom
470 1346 664 1434 existentes,
689 1345 735 1411 illi
751 1345 807 1432 qui
828 1345 972 1412 maiores
988 1350 1083 1414 erant
1097 1345 1131 1412 in
1145 1343 1295 1433 Perusio,
1315 1360 1385 1413 non

182 1491 185 1498 λ
251 1448 402 1532 potestas
428 1443 482 1510 vel
508 1445 702 1532 capitaneus
721 1442 782 1511 sed
804 1445 896 1511 cives
914 1443 1062 1533 ditiores,
1090 1460 1231 1531 quorum
1253 1443 1389 1511 nomina
1511 1481 1512 1532 3

251 1559 318 1610 non
354 1541 462 1610 habeo
488 1544 523 1609 in
549 1544 725 1632 memoria,
760 1543 922 1609 miserunt
954 1541 996 1610 ad
1028 1559 1092 1610 nos
1127 1560 1228 1610 unum
1255 1539 1388 1609 tratrem

251 1639 414 1709 llinorom
448 1640 642 1726 gordianum
675 1641 867 1709 incivitate
895 1639 1102 1730 Castellana,
1131 1639 1222 1728 prod
1246 1640 1390 1708 libenter

251 1740 376 1808 vellent
403 1758 539 1828 quoquo
566 1739 665 1808 modo
697 1740 784 1806 inter
815 1756 874 1808 eos
902 1745 935 1807 et
961 1738 1129 1808 dominum
1155 1755 1270 1824 regem
1296 1742 1391 1807 esset

250 1857 318 1926 pax
344 1845 378 1905 et
404 1839 596 1928 concordia,
623 1845 657 1906 et
672 1837 763 1925 quod
785 1838 850 1926 ipsi
874 1857 973 1907 unam
997 1854 1155 1907 summam
1180 1838 1324 1926 pecunie
1346 1836 1390 1905 ad
1512 1855 1513 1926 t

251 1953 392 2024 presens
426 1937 678 2025 concordatum,
707 1944 740 2003 et
773 1955 874 2004 unam
900 1936 963 2005 sibi
990 1936 1108 2005 darent
1134 1938 1302 2004 annuatim
1327 1954 1390 2025 pro
1512 1945 1513 1950 ’

251 2034 316 2102 illis
344 2036 475 2124 castris,
504 2055 568 2123 que
587 2035 720 2103 luerunt
740 2035 868 2123 imperii
890 2041 923 2102 et
948 2054 1009 2123 pro
1029 2025 1105 2104 lacu
1123 2035 1295 2125 Perusino,
1323 2053 1392 2122 quo

250 2151 341 2200 nuno
364 2134 550 2225 possident,
577 2135 656 2202 licet
671 2136 757 2201 iuste
783 2135 973 2202 testimonio
997 2151 1058 2202 suc
1081 2135 1288 2202 conscientie
1306 2151 1392 2221 pre-

253 2230 342 2299 dicta
376 2238 548 2323 tenerent,
576 2234 655 2321 quia
681 2249 768 2300 unus
794 2231 1072 2321 predecessorum
1099 2237 1282 2301 vestronrm
1307 2249 1392 2320 pre·
1513 2261 1514 2302 ;

253 2329 359 2421 diota,
397 2350 462 2418 que
498 2337 575 2399 tuno
606 2331 744 2420 paoiiroe
772 2331 949 2421 tenebant,
978 2333 1027 2400 eis
1055 2331 1261 2401 confirmavit
1288 2337 1322 2399 et
1349 2331 1393 2400 de

253 2447 344 2498 novo
372 2429 472 2520 dedit,
500 2437 535 2499 et
560 2430 651 2519 quod
676 2430 741 2500 boo
765 2435 884 2519 posset
909 2430 1020 2499 iacere
1046 2431 1102 2498 ille
1127 2435 1240 2500 voster
1264 2427 1393 2518 prede-

255 2546 372 2598 ocssor
405 2530 561 2598 dicebant
596 2528 686 2617 quod
720 2530 927 2617 privilegium
960 2530 1130 2618 imperiala
1163 2528 1302 2597 baberet
1327 2529 1394 2597 sibi

255 2645 355 2717 super
374 2629 438 2698 boo
455 2631 496 2697 ab
517 2648 585 2698 uno
604 2630 802 2717 imperatore
819 2646 1028 2697 concessum.
1055 2627 1127 2696 Nos
1152 2629 1218 2696 ista
1245 2626 1394 2696 audien·

254 2733 304 2795 tos
332 2727 580 2818 respondimus,
608 2726 698 2814 quod
719 2727 863 2795 libenter
888 2725 931 2794 ad
952 2745 1068 2816 paoem
1091 2726 1331 2816 laboraremus
1360 2733 1395 2794 et

254 2826 443 2914 specialiter
475 2828 509 2894 in
540 2829 605 2894 isto
632 2824 732 2915 iacto,
761 2825 822 2893 sed
849 2827 934 2893 scire
961 2825 1157 2894 volebamus
1184 2843 1270 2917 que,
1298 2830 1393 2916 quot,

255 2931 289 2992 et
322 2931 447 3011 quanto
479 2930 627 3014 tempore
659 2923 811 3013 predicta
835 2930 1031 3014 tenuerunt,
1060 2931 1093 2992 et
1117 2923 1233 3020 videre
1260 2926 1394 3011 copiam

254 3023 417 3110 privilegii
433 3024 563 3112 papalis
578 3022 620 3091 de
634 3023 825 3091 huiusmodi
842 3023 1103 3092 confirmatione.
1119 3021 1273 3090 Misimus
1290 3041 1396 3090 unum

255 3120 385 3188 tratrem
421 3121 682 3211 Predioatorem,
717 3121 810 3189 illum
837 3123 892 3209 qui
919 3140 1007 3190 nuno
1034 3128 1210 3191 accusatur
1236 3120 1322 3189 salse
1349 3120 1394 3189 de

254 3221 495 3289 intoxicatione
512 3222 730 3310 imperatoris,
759 3238 832 3288 oum
850 3222 884 3289 in
902 3221 1051 3309 pertibus
1074 3220 1141 3288 illis
1167 3220 1209 3288 ab
1236 3220 1395 3288 omnibus

253 3319 340 3384 inter
366 3337 481 3388 omnes
500 3320 730 3388 Prcdicatores
750 3324 842 3387 esset
856 3321 963 3405 magis
979 3319 1183 3388 Guebelinus
1211 3324 1244 3386 et
1261 3337 1281 3386 a
1297 3319 1395 3386 Gue-

254 3415 375 3484 belinis
392 3417 546 3486 dilectus
572 3418 723 3487 Pluribus
742 3417 861 3486 diebus
880 3419 972 3486 stetit
988 3435 1060 3486 oum
1079 3417 1236 3506 predictis
1251 3417 1395 3485 Perusi-

254 3516 317 3604 nis,
340 3533 472 3604 semper
493 3518 723 3603 promittentes
753 3516 817 3584 sibi
840 3516 1022 3585 ostendere
1046 3514 1228 3605 predictum
1251 3516 1394 3604 privile-

254 3633 354 3701 grum.
379 3614 535 3683 Finaliter
560 3617 707 3703 oportuit
722 3614 813 3702 quod
836 3615 1009 3684 recederet
1025 3632 1084 3704 per
1110 3631 1170 3684 eos
1192 3613 1396 3684 licentiatus.

254 3713 342 3781 Nihil
367 3715 430 3781 sibi
453 3712 682 3804 ostenderunt,
710 3713 799 3803 quia,
825 3721 864 3781 ut
883 3713 984 3782 irater
1001 3713 1169 3803 credebat,
1196 3730 1265 3781 non
1282 3712 1396 3781 babo-

254 3812 344 3881 bant.
370 3813 533 3880 Dixerunt
551 3812 613 3880 sibi
630 3813 694 3879 sio:
720 3811 905 3896 Recedottr,
923 3814 1002 3898 prtia
1016 3829 1076 3879 oos
1090 3813 1168 3878 estis
1185 3810 1396 3891 decedebam·

255 3915 287 3977 et
299 3913 328 3977 st
348 3913 416 3978 tom
434 3910 585 3996 populos,
608 3911 662 3995 qut
686 3912 772 3976 totos
796 3909 956 3995 Guetpbus
973 3916 1031 3995 est,
1054 3911 1154 3978 sciret
1170 3911 1260 3995 quod
1274 3913 1397 3976 nostra

249 4009 438 4094 prtoitoptu·
460 4009 550 4077 oobis
575 4009 835 4091 ostenderemus,
861 4010 1046 4090 ndrorotor,
1075 4012 1108 4076 ct
1131 4010 1172 4076 dc
1194 4007 1290 4092 scotti
1315 4025 1395 4075 cre.-

254 4109 363 4192 deret,
386 4110 476 4193 qood
499 4111 586 4176 caret
604 4108 751 4194 proditio
771 4123 835 4192 per
859 4125 920 4175 nos
943 4108 1111 4192 faciendo.
1141 4107 1212 4176 Nos
1232 4106 1396 4192 predictis

255 4206 393 4273 domior's
416 4207 533 4293 tepetis
549 4209 707 4279 naucum
732 4223 794 4294 que
816 4206 928 4274 vebat
951 4208 1069 4280 uidere.
1097 4207 1220 4275 Postea
1245 4221 1309 4274 neo
1329 4206 1396 4276 mi-
