3044 4882
498 245 646 294 raunnurs
667 247 879 296 moranrrnsrs.
916 248 939 316 1,
956 246 982 301 o,
1235 219 1306 288 295

164 379 217 450 De
249 383 383 452 inbuite
415 384 617 454 Cbuoradt'ur'
654 387 689 454 r‘rr
725 387 876 474 Italiam,
906 391 1024 478 prelio,
1057 389 1247 475 captivitate
1277 393 1311 454 et

260 487 365 552 aare
389 484 468 552 ctare
1133 488 1215 573 Gap.
1240 488 1307 554 otii.

238 589 338 666 Anno
370 599 493 669 domini
526 601 709 671 meatum.
736 599 985 695 chunradinus,
1014 601 1179 672 Chunradl
1214 603 1306 688 rogis

162 693 261 787 lilius,
299 715 318 766 a
351 705 473 768 senatu
506 699 656 770 Romano
692 706 724 768 et
764 701 931 789 aliquibus
966 702 1154 772 civitatibus
1190 707 1307 770 contra

162 792 317 864 llurolum
344 797 510 868 invitatur.
551 797 615 881 Qui
632 798 782 868 conflans
801 800 942 869 electum
964 803 1157 891 exercitum,
1174 793 1305 869 habeus

163 911 279 962 secum
305 895 522 966 Ludawioum
546 897 729 967 Palatinum
757 903 791 966 et
815 897 1014 970 Fridcrieum
1041 902 1194 970 iuvenem
1214 915 1305 966 mar-

163 991 317 1062 clrionem
344 995 385 1064 de
411 996 524 1066 Puden
552 1005 586 1066 at
611 997 756 1065 militiam
781 998 951 1086 pulchram
982 1001 1130 1068 introivit
1155 1003 1189 1067 ct
1215 999 1306 1065 venit

163 1091 197 1158 in
235 1087 435 1164 Veronam¹.
482 1093 547 1164 Ubi
587 1095 789 1166 Ludewious
830 1097 894 1165 sibi
927 1099 1150 1188 valefaciens,
1184 1097 1305 1167 timens

164 1194 350 1262 sententias
384 1194 541 1285 papales,
576 1198 761 1264 revertitur.
808 1195 987 1267 Subductis
1022 1199 1108 1265 enim
1145 1193 1304 1285 predictis

163 1285 306 1360 lllsunso
335 1299 368 1361 et
392 1291 557 1363 llialrarda
584 1297 755 1384 imparium
781 1294 933 1365 vacabat.
975 1296 1116 1365 llarolus
1135 1301 1245 1363 autem
1270 1295 1304 1361 in

165 1405 341 1458 occursum
368 1391 571 1462 Chunradini
597 1411 801 1484 properans,
837 1395 986 1484 pluribus
1019 1395 1237 1482 Francigenis
1272 1402 1305 1462 et

163 1487 428 1560 Prouincialibus
455 1493 596 1583 accisis,
623 1491 736 1579 lugam
762 1494 846 1579 iniit,
874 1502 907 1562 at
933 1493 1146 1562 cluanuama
1166 1493 1303 1562 victoria
1322 1498 1390 1557 1268

161 1587 373 1660 acclamatur.
417 1591 458 1660 Et
484 1590 561 1660 dum
588 1597 777 1660 exarmatus
804 1594 991 1679 quiesceret
1012 1596 1082 1662 suis
1102 1591 1144 1660 ad
1161 1592 1303 1681 spolium
1327 1587 1387 1695 *ἒξ-

160 1683 332 1780 dispersis,
360 1688 503 1759 Karalus
530 1691 720 1759 recollectis
746 1691 874 1760 viribus
906 1699 1044 1782 repente
1078 1693 1170 1759 irmit
1203 1707 1304 1779 super

160 1801 232 1854 cos
273 1785 316 1857 Et
341 1787 598 1880 Chunradinum,
624 1789 835 1880 Fridericum,
870 1793 1022 1860 comitem
1048 1791 1204 1859 Pisanum
1230 1799 1303 1858 oum

156 1885 269 1954 multis
295 1885 463 1956 nobilibus
491 1895 609 1978 captos
636 1895 669 1957 et
694 1889 869 1978 Neapolim
903 1889 1021 1960 ductos
1048 1908 1109 1979 per
1131 1888 1210 1958 anni
1237 1889 1304 1956 cir-

159 1984 270 2052 culum
296 1988 518 2078 conservavit,
545 1989 675 2056 interea
703 1989 885 2079 circuiens,
920 1989 999 2078 quid
1026 1988 1089 2057 sibi
1115 1985 1304 2058 laciendum

157 2099 233 2152 cum
258 2086 308 2153 eis
335 2085 490 2175 expediat
515 2087 716 2157 sciscitatur.
762 2086 852 2175 Papa
878 2093 913 2157 at
938 2087 1116 2158 Ottalmrus
1146 2086 1303 2156 iudicium

158 2184 277 2252 mortis
304 2184 458 2276 suadent,
486 2185 548 2254 scd
573 2203 685 2255 comes
710 2183 876 2278 blandite,
902 2189 959 2276 qui
985 2188 1097 2257 llareli
1122 2187 1221 2255 filiam
1239 2186 1304 2254 ba-

156 2280 241 2373 buit,
276 2285 423 2353 consulit
457 2286 598 2353 iuvenes
637 2285 828 2354 nullatanus
862 2287 1078 2375 perimendos
1110 2303 1205 2376 essa,
1243 2284 1303 2353 sed

154 2373 281 2470 pacto²
318 2383 429 2472 aliquo
469 2386 688 2475 congruenti,
727 2391 806 2474 apto
841 2383 885 2454 ad
924 2385 1156 2475 concordiam,
1192 2402 1305 2454 resar-

155 2479 301 2550 vandos
390 2493 393 2498 ·
731 2501 732 2505 ’

232 2578 1304 2672 llarolusreversusNeapolimChunradinum,Friderioum‚Gor-

151 2675 296 2748 bardum
314 2679 481 2763 Pisanum,
507 2680 653 2750 nobilem
680 2682 785 2748 virum
812 2680 853 2748 de
871 2681 1054 2771 Haemum,
1071 2683 1118 2749 ita
1134 2686 1172 2748 ut
1188 2685 1305 2748 essent

151 2775 310 2846 undecim
338 2779 417 2849 clari
450 2787 483 2847 at
515 2780 627 2868 magni
654 2781 799 2849 nominis
831 2781 913 2871 viri,
949 2797 1052 2869 super
1087 2780 1230 2847 scarleto
1261 2779 1297 2846 in

152 2877 267 2945 medio
294 2879 384 2948 urbis
412 2884 446 2946 at
469 2898 616 2967 purpura
641 2881 789 2968 precepit
815 2877 984 2969 decollari,
1011 2879 1167 2948 llentibus
1185 2879 1297 2947 omni-

153 2975 222 3044 bus
248 2978 304 3065 qui
331 2977 469 3046 aderant
496 2976 629 3046 adhoc
655 2979 880 3068 spectaculum
906 2984 973 3047 tam
999 2978 1138 3066 grande.
1182 2976 1300 3046 Chaa·-
1324 3010 1382 3051 oca.

152 3074 294 3146 rudinus
320 3077 529 3166 amplexatus
557 3084 590 3144 ct
616 3076 833 3146 deoscrdatus
858 3076 1013 3148 Friderici
1039 3082 1156 3168 caput,
1190 3075 1302 3146 borri—
1335 3065 1368 3119 ²9

151 3173 265 3243 biliter
291 3177 432 3266 eiulans,
459 3177 627 3245 chirotccu
653 3179 686 3244 ia
715 3195 792 3244 aera
817 3178 968 3266 proiecta
1004 3193 1102 3246 omne
1130 3179 1184 3244 ius
1211 3174 1302 3263 quod

149 3276 189 3343 irr
209 3292 315 3361 reguo
344 3275 457 3345 Sicilie
490 3275 606 3344 babuit
624 3281 664 3344 et
688 3273 809 3366 Apulia
835 3271 933 3345 Petro
959 3277 1033 3364 regi
1056 3272 1243 3362 Arragonie
1270 3280 1304 3343 et
1347 3281 1350 3286 ¹

208 3453 264 3509 lloa
283 3469 354 3509 anno
373 3457 452 3510 etiam
471 3467 518 3508 rex
535 3453 685 3508 llanlredus
710 3453 805 3507 invasit
822 3451 1008 3521 patrimonium
1026 3452 1107 3505 sancti
1126 3451 1213 3516 Petri,
1231 3453 1303 3506 cuim

151 3523 300 3578 exercitum
330 3537 388 3577 cum
414 3523 509 3576 aanrlia
536 3535 613 3575 cruce
637 3525 795 3588 signatorum
818 3522 915 3588 legarit
939 3519 1063 3574 Urbanus.
1098 3521 1177 3574 Anno
1204 3519 1302 3574 domiai

150 3591 297 3646 maalmvi.
321 3591 449 3658 Karalus,
468 3593 537 3656 ragis
555 3591 666 3644 Francia
684 3589 772 3656 trater,
790 3589 870 3642 Rome
887 3594 996 3642 senator
1013 3589 1137 3655 allectas,
1160 3593 1187 3642 et
1204 3603 1219 3642 a
1237 3588 1301 3642 Cle-

150 3665 243 3715 mente
266 3675 333 3780 paga
358 3666 450 3728 quarto
476 3661 503 3712 ia
529 3672 618 3726 repam
636 3657 723 3711 Sicilie
742 3663 881 3710 coronatas
899 3661 990 3710 contra
1007 3656 1168 3711 blarrlredrm
1186 3658 1212 3710 in
1232 3655 1301 3711 Sici·

151 3730 217 3784 liam
234 3734 297 3782 tane
317 3732 343 3781 at
360 3731 504 3782 exercitam
521 3741 650 3794 magnum,
686 3725 733 3780 Cui
754 3738 811 3780 enm
830 3727 984 3780 occurrisset
999 3724 1157 3787 Maalredus,
1175 3725 1247 3778 multi
1267 3727 1301 3779 da

170 3803 229 3850 arte
247 3796 375 3850 blanlredi
392 3796 500 3866 pertidia
517 3797 559 3849 vat
582 3796 685 3862 ignavia
702 3794 772 3850 ducti
790 3808 820 3848 se
838 3794 870 3848 ad
888 3800 987 3863 partem
1005 3793 1091 3846 llareli
1110 3799 1300 3862 pertraxerunt

198 3864 304 3919 ulredus
320 3870 407 3918 umen
426 3866 476 3918 boc
493 3867 550 3918 vlsa
568 3878 626 3917 cum
642 3863 736 3930 rclttpri
760 3862 855 3916 bollum
879 3862 1041 3930 aggreditur,
1058 3861 1106 3914 sed
1124 3862 1228 3916 tradem
1242 3875 1301 3916 cunr

152 3935 211 3988 suis
227 3945 355 3987 camaena
372 3932 408 3986 ibi
428 3939 504 3987 vllam
522 3932 611 3986 aalma.
654 3930 729 3986 Uada
748 3931 856 3984 llarolus
874 3929 990 3984 Siciliam
1008 3936 1034 3984 at
1053 3930 1169 3999 Apuliam
1187 3943 1244 3984 eum
1264 3933 1299 3983 ti-

152 4003 214 4056 tulo
236 4004 313 4071 regni
337 4001 478 4056 ierusalem
504 4008 545 4057 est
568 4002 686 4071 adeptus.
720 3998 776 4054 Una
793 3999 902 4053 utrumn
921 3999 1048 4052 ldaniredi
1067 4000 1168 4067 captiva
1186 3999 1298 4064 ducitur,

149 4085 187 4125 ae
213 4085 261 4141 per
285 4073 342 4125 eius
365 4075 468 4140 neptim
494 4070 641 4125 adversitas
659 4068 755 4123 durato
779 4069 934 4135 suscitatur,
957 4067 1008 4122 ulia
1031 4068 1058 4120 in
1083 4067 1240 4133 aragoniam
1266 4066 1299 4122 ad

149 4142 368 4208 consanguineos
388 4146 428 4192 ast
447 4139 539 4194 delata.

187 4209 220 4264 tl
238 4221 270 4262 sa
288 4207 446 4261 verbessere
463 4207 504 4261 iob
522 4206 620 4261 Poeans
639 4207 733 4261 lesart:
752 4206 875 4260 nocuum.
911 4205 944 4272 2)
962 4219 992 4259 so
1013 4203 1169 4258 verbessere
1186 4201 1227 4256 iob
1245 4203 1299 4257 l’e-

148 4290 218 4333 rans
236 4277 331 4332 lesrrt:
352 4283 441 4343 nupto.
