3002 4880
397 199 541 247 canonica
564 200 601 245 111
623 201 721 247 ausura
742 200 908 247 1111111111.
1169 172 1217 240 be

165 337 258 406 Porro
275 353 333 406 rex
347 337 531 406 Ludwicus
548 345 627 427 post
649 343 682 406 et
702 343 779 406 aute
799 337 998 407 electionem
1016 355 1090 407 cum
1105 340 1216 408 maxi·
1234 351 1301 405 lara

102 453 176 503 mum
192 437 367 504 exercitum
384 437 592 528 collegisset,
614 443 647 506 et
666 436 803 530 cottidie
819 438 930 505 multis
949 436 992 505 ad
1007 439 1116 525 ipsum
1130 455 1216 526 pas-

103 535 154 602 sim
168 533 416 626 continentibus
439 535 530 604 milia
549 537 698 625 equitum
713 541 751 603 ut
766 535 859 604 aiunt
883 535 1028 604 creditur
1043 536 1214 628 habuisse,

102 650 166 700 cum
189 632 239 701 his
264 651 386 748 magna
413 652 487 702 oum
513 652 635 724 pompa
659 631 866 722 Aquisgrani
893 637 1034 702 veniens
1062 655 1082 702 a
1107 653 1215 703 vene-

98 730 241 800 rabilibus
257 734 439 823 opisoopis,
461 732 835 820 videlicetMoguutino
857 739 890 801 et
908 733 1117 825 Trevcrensi,
1141 752 1215 802 curn

101 847 193 898 uxore
218 849 280 899 sua
303 832 458 900 Beatrioe
486 833 702 921 solempniter
728 837 925 922 coronatur,
952 838 1086 901 utentes
1114 851 1216 920 super
1234 854 1297 895 nov.

100 945 135 996 co
158 931 288 1042 speciali
314 931 510 1021 privilegio,
537 937 574 999 ut
600 930 871 1019 quandocunque
899 931 1080 1045 episcopus
1108 909 1266 999 Colo-2

97 1027 210 1095 niensis
234 1046 307 1096 oum
330 1030 365 1097 in
385 1029 525 1097 electum
550 1049 664 1116 regem
689 1048 759 1098 non
776 1029 970 1122 concordat,
997 1031 1063 1118 ipsi
1081 1031 1216 1118 possint

97 1124 223 1194 electum
249 1145 345 1196 saum
370 1129 405 1196 in
429 1129 580 1217 plenaria
605 1135 772 1220 potestate
797 1130 833 1197 in
859 1146 975 1216 regem
999 1131 1124 1218 pariter
1151 1146 1215 1198 co-

96 1241 214 1294 rooare.

158 1323 307 1395 Proiecto
324 1325 392 1394 dux
410 1323 545 1395 Austrie
564 1327 694 1395 hahens
712 1327 811 1395 etiam
827 1325 995 1395 valentem
1015 1325 1215 1396 electionem

97 1424 290 1507 quomodam
315 1426 510 1515 principum,
538 1433 572 1494 et
597 1425 745 1494 favorem
771 1425 815 1493 ad
841 1427 937 1512 regni
960 1427 1214 1516 promotionem,

94 1517 140 1587 hio
161 1525 300 1592 ueniens
332 1526 367 1592 iu
399 1525 566 1593 civitatem
592 1517 753 1614 Unham,
780 1524 825 1591 ibi
852 1542 872 1592 a
898 1524 1081 1592 venerabili
1109 1523 1215 1593 Colo-

92 1619 188 1688 niensi
213 1625 377 1712 episcopo
407 1624 443 1691 in
468 1641 582 1709 regem
605 1625 704 1691 ctiam
729 1628 920 1712 coronatur,
947 1623 1003 1709 qui
1030 1624 1154 1690 asserit
1175 1640 1214 1691 se
1234 1644 1299 1686 nov.

93 1717 187 1788 solum
206 1721 246 1790 ab
264 1723 434 1809 antiquo
420 1739 495 1806 Jure
513 1739 628 1808 regem
646 1722 769 1790 (1111111
796 1727 829 1790 11
848 1738 918 1789 111
934 1720 1021 1788 alius
1040 1739 1212 1812 coronare,
1247 1698 1280 1753 ²⁶

93 1821 122 1882 11
144 1836 162 1886 1
186 1836 223 1888 se
251 1825 433 1890 coronatus
467 1821 592 1890 debere
622 1818 841 1890 Romanum
831 1821 1004 1909 imperium
1025 1821 1215 1904 justissime

92 1915 278 2001 gubernare.

147 2016 224 2085 Post
241 2018 307 2086 heo
319 2017 503 2087 Ludwicus
522 2036 583 2086 rex
598 2037 619 2086 a
635 2019 770 2086 civitate
783 2015 990 2105 Aquisgrani
1006 2016 1215 2106 digrediens,

90 2118 245 2199 processit
280 2133 401 2186 versus
429 2116 619 2208 Coloniam,
647 2135 715 2205 quo
742 2135 815 2186 cum
840 2118 1008 2207 venisset,
1037 2135 1057 2184 a
1084 2117 1215 2185 ciuibus

90 2210 201 2282 ibidem
235 2215 480 2286 honestissime
511 2222 565 2284 est
597 2223 788 2304 susceptus.
839 2214 997 2297 Quamvis
1031 2217 1214 2304 episcopus
1231 2235 1291 2276 uua.

91 2311 230 2382 ciusdem
256 2315 404 2383 civitatis
432 2315 497 2383 sibi
524 2315 711 2383 contrarius
738 2314 845 2404 luerit,
872 2320 983 2382 tamen
1000 2313 1076 2403 ipsa
1093 2316 1213 2383 civitas

91 2410 116 2474 ai
137 2411 268 2482 adhesit
294 2420 328 2482 et
354 2431 469 2482 secum
495 2431 605 2501 usque
631 2413 732 2481 hodic
758 2417 963 2501 perseverat.

151 2510 254 2599 Igitur
275 2514 397 2582 creatis
418 2520 453 2581 et
473 2514 644 2582 coronatis
664 2511 795 2581 duobus
812 2512 962 2601 regibus,
989 2509 1133 2579 coniuso
1153 2529 1214 2579 or-

89 2603 155 2675 dine
180 2611 282 2680 fiebat
307 2612 432 2700 ubique
457 2613 660 2726 permaxima
681 2612 776 2701 pacis
800 2610 954 2678 turbatio.
981 2607 1064 2676 Nam
1085 2606 1213 2676 Roma-

91 2721 158 2774 num
182 2711 357 2800 imperium
383 2716 463 2778 tuno
488 2711 523 2779 in
557 2728 684 2779 summo
710 2708 890 2798 preliorum
916 2707 1107 2776 discrimine
1134 2724 1213 2776 sor-

88 2801 150 2872 duit
172 2815 204 2876 et
230 2811 372 2900 erravit,
400 2815 434 2878 et
459 2808 631 2878 dicebatur
656 2808 760 2876 illud:
787 2807 910 2876 festina
934 2805 1075 2921 predere
1103 2806 1213 2894 spolia

88 2899 264 2976 detrahere.
289 2908 331 2976 Et
356 2907 399 2976 ad
424 2910 560 2977 maioris
586 2907 710 2976 malitie
733 2907 899 2975 cumulum
917 2907 1061 2975 scissum
1081 2910 1135 2972 est
1153 2923 1214 2974 rc-

88 3017 186 3096 guum,
214 3007 402 3076 secundum
430 3007 520 3094 quod
545 3007 709 3074 Dominus
736 3007 798 3074 ait:
833 3005 935 3074 01111
960 3005 1153 3091 repacmia
1177 3022 1214 3072 11

85 3099 179 3184 11111
203 3107 343 3174 (11111111
362 3105 572 3173 desolabitur.
598 3105 679 3173 ldeo
705 3110 830 3192 quanta
855 3105 952 3191 regni
978 3103 1078 3172 luerit
1104 3102 1213 3171 daso-

85 3194 156 3268 latio
182 3205 302 3273 erebra
328 3204 508 3293 pretiorum
533 3203 746 3273 incommoda
779 3205 813 3271 iu
839 3203 981 3272 diversis
1009 3203 1105 3288 regui
1129 3220 1212 3290 par-

86 3296 165 3368 tibus
189 3303 258 3372 hoe
285 3308 459 3394 testantur,
485 3303 542 3372 ubi
560 3303 615 3371 alii
640 3301 775 3393 gladiis,
802 3303 856 3370 ulii
881 3302 1021 3390 spiculis
1043 3306 1077 3369 ct
1101 3303 1213 3387 sagit·-

87 3395 135 3483 tis,
159 3400 214 3469 alii
241 3419 404 3489 aquarum
430 3400 671 3492 prolocutione,
699 3401 755 3469 alii
776 3403 866 3487 ignis
890 3400 1047 3469 incendio
1067 3401 1213 3468 misera—

86 3491 185 3566 biliter
210 3519 255 3569 ex
273 3503 519 3589 persecutionis
538 3501 629 3569 rabie
644 3501 823 3589 periemnt.
850 3498 982 3581 Quanta
999 3501 1096 3568 ctiam
1115 3497 1214 3567 luerit

88 3593 206 3666 urbium
234 3606 270 3668 et
295 3600 445 3668 villamm
471 3599 654 3668 destructio
680 3617 778 3667 nemo
805 3601 949 3685 ignorat.
977 3599 1111 3667 Pretera
1138 3615 1212 3665 oum

87 3691 377 3777 plurimis-castris
404 3698 605 3789 dilapidatis,
631 3697 720 3766 villis
747 3699 837 3785 ignis
864 3699 1066 3766 crematione
1093 3699 1211 3764 vasta-

88 3791 124 3857 tis
132 3799 261 3883 ,agris
296 3799 394 3867 etiam
423 3799 575 3888 incultis,
604 3803 637 3865 et
662 3797 851 3865 hominibus
879 3797 1106 3865 exterminatis
1133 3800 1167 3861 et
1192 3813 1215 3862 a

86 3896 261 3974 prouinciis
284 3895 484 3987 profugatis
512 3850 652 3982 reguum
674 3894 822 3984 undique
844 3913 913 3964 non
932 3913 1049 3984 parum
1069 3895 1216 3961 cernitur-

90 3985 279 4063 desclatum.
305 3993 567 4076 Quamobrem
591 3996 755 4110 civitates,
782 3996 962 4084 principes,
990 4011 1052 4062 scu
1068 3991 1211 4083 nobiles,

88 4087 234 4162 uidentes
263 4093 349 4163 duos
376 4111 477 4180 reges
503 4111 564 4183 pro
588 4095 728 4183 imperio
750 4094 932 4183 litigantes,
960 4091 1123 4160 ambobus
1146 4109 1213 4160 vo-

117 4211 144 4279 l)
161 4213 196 4268 So
214 4215 257 4271 die
274 4217 305 4272 hs
321 4235 327 4286 ;
345 4230 375 4271 es
392 4217 471 4274 sollte
488 4216 594 4273 heisseu
612 4216 736 4272 Bunnam.

119 4313 249 4384 1111111111
267 4318 369 4361 scarus
384 4315 408 4359 1.
1000 4301 1018 4351 l
