3028 4878
217 165 288 234 tlt
591 197 717 242 urceum
739 197 977 244 uunnrrouunsus.

218 335 271 403 De
296 332 534 420 approbatione
560 333 727 402 electionis
751 335 840 420 repis
865 336 982 404 lloroli
1002 334 1167 422 prelibati.

138 471 205 526 mec
292 456 407 527 Anno
415 459 539 527 domini
561 458 712 574 predicto
741 468 838 530 sexto
868 460 922 529 die
948 461 1138 530 novembris
1165 459 1357 528 huiusmodi

138 555 203 596 W
219 557 331 626 Karoli
347 559 467 626 electio
485 561 575 644 regis
602 560 636 626 in
658 560 711 629 sui
738 561 875 628 materia
902 565 935 627 et
959 558 1065 628 torma
1089 559 1201 628 debite
1229 560 1357 626 exami-

162 607 298 724 ⁶nata
331 658 373 724 ab
407 658 483 745 ipso
518 656 653 726 domiuo
688 657 859 726 Clemente
893 677 980 747 papa
1015 663 1111 727 sexto
1145 658 1334 746 predicto
1324 677 1359 725 m

218 753 384 824 Avinione
411 757 573 824 canonice
600 761 634 824 et
659 756 886 846 sollempniter
912 757 1020 829 extitit
1045 758 1240 846 approbata.

219 935 271 1002 lle
296 938 509 1004 coronatione
533 936 649 1004 llcroti
676 938 767 1022 repis
791 935 1012 1004 Romanorum
1031 936 1184 1020 predicti.

154 1073 188 1126 ec
293 1058 420 1127 Eodem
446 1078 534 1128 anno
561 1060 696 1148 domini,
723 1062 802 1128 xxvi
820 1059 874 1128 die
891 1060 1093 1150 novembris,
1119 1058 1268 1148 prelatus
1283 1061 1356 1129 Ka-

218 1156 309 1225 rolus
337 1158 464 1226 electus
491 1164 525 1226 et
549 1159 751 1247 approbatus
778 1160 810 1226 in
837 1177 950 1244 regem
974 1157 1195 1226 Romanorum
1221 1159 1356 1227 aWal-

218 1274 308 1324 ramo
328 1253 579 1345 archiepiscopo
605 1255 798 1325 Coloniensi
813 1257 962 1344 predicto
979 1259 1013 1323 in
1037 1275 1099 1325 sno
1119 1257 1221 1345 opido
1237 1259 1356 1326 Bunna

219 1353 378 1440 dyocesis
394 1352 607 1424 Coloniensis
633 1357 695 1424 rite
720 1363 753 1424 et
780 1357 1006 1445 sollempniter
1032 1357 1138 1424 extitit
1163 1362 1356 1426 coronatus·

218 1534 269 1602 lte
294 1507 508 1604 coronatione
532 1538 675 1604 mallem
700 1536 816 1603 llcroli
840 1541 876 1603 nt
902 1537 992 1622 repis
1016 1535 1180 1606 Bobenia

138 1665 205 1718 ¹34⁷
292 1664 391 1736 Anno
413 1667 538 1736 domini
557 1687 668 1738 m..ccc
671 1669 713 1738 xl.
715 1671 770 1738 vii.
789 1676 905 1757 quarto
925 1689 1033 1738 nonas
1060 1668 1257 1757 septembris
1276 1683 1356 1754 pre-

128 1747 200 1786 sm
162 1764 306 1853 2latus
337 1766 499 1856 Karalus,
533 1769 598 1855 ipsi
633 1767 773 1836 Iohanni
797 1771 883 1855 patri
912 1787 974 1837 suo
1000 1771 1034 1836 in
1062 1785 1167 1854 regno
1193 1765 1356 1834 Bcbcmie

216 1867 286 1931 iure
312 1864 513 1934 hereditario
539 1865 739 1956 succedens,
766 1866 808 1933 ab
830 1867 1087 1955 archiepiscopo
1111 1865 1274 1951 Progensi
1293 1862 1358 1929 ibi-

218 1962 328 2029 dem
319 1981 353 2029 m
380 1981 495 2049 regem
521 1965 741 2033 Bobemorum
776 1964 1003 2054 sollempniter
1030 1966 1138 2033 extitit
1164 1967 1358 2051 coronatus

219 2060 310 2226 quale}
329 2079 506 2225 {nunquam
525 2063 600 2151 plus
627 2061 747 2132 accidit
772 2069 809 2132 ut
833 2081 920 2133 unus
947 2070 1039 2132 esset
1057 2080 1116 2132 rex
1133 2061 1359 2130 Romanorum

220 2164 254 2225 et
308 2177 327 2227 o
354 2176 508 2229 emotum.

219 2337 271 2404 lte
294 2338 359 2405 nint
384 2339 524 2405 cornio
548 2357 607 2407 sen
631 2339 772 2424 defectu.¹

137 2453 205 2507 tene
294 2449 393 2519 Anno
418 2452 770 2523 domini'mcecxlvi.
796 2455 914 2524 diebus
937 2473 968 2522 x.
993 2455 1038 2522 xi.
1062 2454 1119 2521 xii.
1138 2453 1205 2521 xiii.
1221 2452 1301 2519 xiiii.
1325 2455 1359 2518 et

137 2537 361 2618 sm'Tmarime
378 2571 431 2618 xv.
449 2554 647 2640 septembris
672 2559 764 2621 tanta
789 2553 945 2640 geliditas
972 2553 1160 2640 pruinarum
1187 2568 1227 2618 ac
1254 2551 1358 2617 eciam

222 2649 344 2735 glaciei
369 2650 461 2717 irruit
486 2653 676 2740 improvise,
705 2651 795 2739 quod
823 2652 891 2721 lere
918 2652 1031 2719 omnia
1054 2651 1166 2718 vineta
1182 2651 1280 2737 quasi
1302 2653 1359 2715 to-

222 2747 295 2815 ciu's
332 2748 505 2816 Germanic
540 2749 731 2836 infrigidata
766 2758 800 2818 et
826 2751 1000 2820 combusta
1033 2749 1181 2838 luerunt,
1207 2748 1360 2836 paucitas

224 2863 358 2934 quoque
384 2848 453 2914 vini
478 2850 645 2918 remansit

221 3025 273 3092 lle
298 3026 437 3094 caristie
460 3029 534 3097 cini.
617 3103 620 3110 ,

148 3177 215 3230 1347
295 3142 395 3213 Anno
421 3162 502 3212 vero
528 3145 715 3215 immediate
740 3148 894 3234 sequenti
909 3146 1020 3236 xlvii,
1047 3147 1082 3214 in
1099 3146 1214 3233 vigilia
1234 3147 1359 3216 nativi-

139 3259 213 3299 surr
224 3245 300 3311 tatis
322 3243 420 3312 beate
441 3246 581 3330 virginis
603 3251 731 3359 etpost
748 3247 939 3314 successive
957 3245 1088 3313 duabus
1105 3245 1246 3335 vicibus,
1265 3245 1360 3332 quusi

166 3315 294 3408 ⁷tota
321 3343 507 3410 substantia
531 3345 600 3411 vini
625 3346 814 3432 pruinarum
832 3343 1106 3412 inundationibus
1128 3343 1291 3412 devorata
1310 3347 1361 3412 est

223 3439 313 3526 quod
342 3445 397 3508 vix
424 3439 553 3509 decima
580 3441 707 3510 decime
734 3443 901 3510 remansit.

223 3620 275 3687 lte
300 3618 388 3687 obito
413 3619 576 3688 Lndonciei
602 3619 822 3689 Romanorum
846 3623 1055 3708 imperatoris
1080 3621 1199 3707 quarti.

140 3749 205 3802 retr
297 3730 396 3802 Anno
423 3735 546 3802 domini
571 3737 780 3804 m.ccc..xl.vii
801 3738 916 3825 quinto
939 3735 1014 3805 idus
1040 3735 1187 3804 octobris
1213 3733 1360 3823 prelatus

147 3830 203 3936 θΰῖ·
224 3831 378 3901 dominus
403 3833 586 3902 Ludwicus
612 3833 791 3920 imperator
817 3841 977 3925 assertus,
1005 3836 1166 3947 equitans
1177 3840 1211 3901 et
1233 3832 1360 3901 ducens

176 3887 256 3997 in
283 3929 362 3998 lune
389 3949 504 3999 canem
531 3925 754 4022 venaticum,
782 3935 816 4000 in
849 3934 1029 4001 venatione
1061 3934 1130 3999 ursi
1157 3933 1191 3998 iu
1225 3948 1360 3998 nemore

223 4047 328 4118 prope
362 4031 597 4098 monasterium
631 4028 876 4100 Furstenvclt
866 4050 900 4099 m
929 4032 1072 4099 Bavaria
1082 4030 1276 4120 apoplexia
1302 4046 1361 4096 scu

256 4191 287 4256 l)
306 4195 332 4245 et
353 4219 380 4230 -
400 4190 547 4246 venaticum
563 4190 597 4246 ist
616 4191 777 4262 gleichzeitig
794 4195 840 4247 mit
857 4194 904 4248 der
920 4191 1009 4248 sebrilt
1025 4189 1228 4249 durcbstricben.
