3044 4882
283 212 355 284 308
601 240 743 288 ronnurrs
763 239 969 286 rrcrorurnsrs.
1004 237 1028 302 2,
1047 237 1071 290 3.

278 381 345 447 citu
380 395 453 447 oum
488 379 577 448 omni
608 377 708 448 domo
736 394 798 448 sua
823 380 857 446 in
883 375 1051 446 Austriam
1076 381 1171 466 parat
1196 376 1266 444 iter.
1310 375 1415 458 Quem
1511 383 1512 424 ³

277 478 451 547 Heinricus
486 476 554 545 dux
579 477 731 547 Bawarie
764 484 916 566 pactatus
945 495 1018 545 eum
1046 473 1224 566 Ottabaro,
1252 493 1320 543 non
1348 475 1414 565 diu,
1511 525 1512 532 .

279 577 340 645 sed
366 583 477 644 tamen
504 574 689 663 aliqualiter
714 577 896 665 impedivit.

198 686 263 741 1276
353 676 394 744 nt
418 677 585 743 transiens
612 675 779 745 Patavium
802 673 966 744 Austriam
986 676 1104 764 attigit,
1132 673 1333 742 munitiones
1354 673 1417 741 sibi
1511 713 1512 748 2

196 771 461 844 SEPTcontrarias
495 774 550 842 vel
577 773 619 841 ad
647 778 783 861 gratiam
811 776 970 862 suscepit,
996 773 1051 842 vel
1078 775 1107 842 si
1135 772 1351 861 opponebant
1378 790 1415 841 se

83 887 85 891 ‘
278 876 411 964 penitus
439 873 636 942 devastavit.
671 873 832 943 Rudollus
858 875 893 942 in
911 871 1079 941 Austriam
1105 863 1266 940 veniens¹
1291 871 1417 940 Wien-

279 991 353 1042 uam
380 972 527 1061 obsedit,
555 978 590 1040 et
614 973 870 1060 circumquaque
903 973 1020 1041 vineas
1047 989 1149 1059 agros
1175 972 1325 1060 pomeria
1352 969 1417 1038 de·
1511 967 1512 982 ¹

278 1073 419 1142 moliens
438 1070 647 1139 obsidionem
665 1074 836 1140 continuat
856 1090 916 1159 per
942 1089 1004 1140 sex
1029 1087 1175 1139 menses,
1209 1065 1262 1138 Ad
1287 1072 1417 1140 iussum

279 1173 378 1240 etiam
404 1171 494 1256 regis
520 1169 736 1237 bleinbardus
764 1187 876 1240 comcs
903 1169 945 1238 de
963 1171 1065 1258 Tyrol
1080 1169 1282 1256 Karinthiam
1307 1171 1417 1238 intra·

277 1273 326 1340 vit
351 1276 386 1337 et
412 1269 561 1356 Stiriam,
590 1275 623 1336 et
648 1286 791 1336 accursu
826 1268 984 1337 nobilium
1017 1269 1169 1337 civitates
1199 1275 1232 1335 et
1256 1268 1418 1356 populum

279 1368 322 1438 ad
339 1369 429 1454 regis
448 1368 652 1436 voluntatem
669 1368 819 1436 celeriter
835 1368 1015 1436 inclinavit.
1051 1367 1150 1436 Cives
1167 1372 1276 1434 autem
1295 1367 1418 1435 Wien-

278 1485 420 1554 nenses,
448 1465 619 1534 cuiusdam
645 1466 818 1557 Baltrami,
854 1468 911 1555 qui
942 1467 1087 1554 partium·
1118 1462 1266 1534 Ottakari
1298 1465 1417 1556 lucrat,

276 1566 458 1635 infectione
475 1567 640 1654 persuasi,
668 1566 854 1635 obsidionis
880 1565 1026 1654 pericula
1051 1564 1308 1655 parvipendunt.
1341 1563 1418 1634 No-

277 1667 413 1735 vissime
440 1665 538 1733 nimis
565 1666 735 1734 constricti
761 1665 926 1755 angustia,
953 1665 1046 1750 regie
1073 1665 1179 1750 gratie
1207 1681 1244 1731 se
1272 1663 1418 1732 submit-

278 1771 360 1854 tunt,
387 1762 560 1833 libertates
588 1781 649 1832 suo
675 1765 817 1832 civitatis
844 1770 878 1834 et
898 1782 971 1831 rura
986 1768 1168 1851 poscentes
1185 1764 1417 1831 instrumentis

278 1865 381 1950 regiis
402 1862 548 1931 solidari.
584 1860 682 1943 Quod
701 1881 759 1932 rex
773 1863 917 1931 libenter
942 1879 1094 1930 annuens
1121 1863 1254 1932 civitate
1280 1863 1417 1948 potitur.
1511 1873 1512 1892 ¹

278 1963 318 2030 Et
344 1963 442 2029 novis
468 1960 602 2048 auditis,
630 1960 721 2048 quod
743 1961 913 2030 Karintbia
932 1965 965 2028 et
989 1961 1100 2048 Styria
1127 1977 1165 2028 se
1191 1959 1416 2051 submiserint,

254 2060 469 2129 mirabiliter
503 2059 675 2127 letabatur.
720 2057 898 2129 Ottabarus
926 2077 965 2127 se
992 2059 1112 2128 videns
1139 2064 1298 2150 artatum,
1324 2061 1418 2146 ragis

280 2158 482 2246 colloquium
508 2176 567 2246 per
592 2159 781 2226 Bruuonem
808 2160 1001 2248 episcopum
1028 2158 1204 2227 attentavit
1231 2159 1415 2228 transiens

279 2264 389 2326 autem
415 2256 588 2346 Rudollus,
617 2259 773 2326 comitatu
800 2256 976 2346 splendido
995 2255 1197 2326 Australium
1217 2256 1414 2328 etStiricn-

279 2359 363 2426 sium
389 2358 646 2446 circumseptus,
674 2356 716 2424 ad
744 2354 947 2447 Ottclrarum,
974 2355 1095 2424 habitis
1122 2356 1300 2443 colloquiis
1328 2357 1417 2426 ami-

281 2455 454 2547 cabilibus,
482 2452 661 2524 Ottabarus
677 2455 869 2525 Bobemiam
895 2462 929 2526 et
952 2454 1135 2524 Mammam
1161 2473 1222 2544 per
1249 2461 1418 2544 sceptrum

281 2561 316 2624 ct
340 2554 487 2642 gladium
522 2553 564 2623 dc
598 2572 696 2623 manu
730 2557 819 2643 regis
853 2555 1018 2644 suscepit,
1054 2571 1170 2623 omnes
1197 2555 1280 2623 alias
1310 2562 1415 2624 terras

280 2653 435 2743 reddidit,
463 2653 601 2722 obsides
628 2653 786 2722 nobilium
811 2655 947 2743 laxavit,
974 2654 1141 2722 connubia
1167 2671 1238 2720 oum
1257 2652 1415 2744 Rudolto,
1511 2703 1512 2724 .

280 2755 327 2822 ita
351 2757 388 2820 ut
421 2752 507 2820 tilius
541 2770 624 2820 suus
658 2751 788 2821 Rudolli
824 2753 940 2843 filiam,
966 2749 1034 2820 filia
1068 2770 1129 2822 sua
1149 2749 1286 2820 Rudolfi
1315 2753 1415 2822 ilium
1511 2739 1512 2820 Ῐ

281 2851 427 2940 duceret,
455 2853 572 2918 statuit
579 2873 588 2937 3
616 2858 650 2919 et
673 2852 723 2919 sic
741 2869 913 2939 cumpace
936 2851 1084 2938 etplena
1107 2850 1298 2940 coneordia,
1328 2851 1416 2920 iacta
1511 2885 1512 2890 =

281 2949 440 3019 fidelitate
478 2951 635 3040 imperio,
672 2949 713 3017 ab
747 2951 888 3018 invicem
923 2949 1171 3038 discesserunt,
1204 2949 1414 3020 celebrandis

280 3051 403 3138 nuptiis
430 3049 602 3117 terminum
628 3052 826 3117 statuentes.
859 3048 931 3118 Rex
950 3049 1038 3117 letus
1057 3047 1205 3139 efficitur,
1232 3049 1325 3137 quod
1343 3053 1415 3118 sine

280 3149 444 3235 sanguine
469 3146 635 3236 placidum
661 3164 715 3215 res
743 3149 867 3216 exitum
893 3152 946 3216 est
971 3149 1099 3240 sortita,
1127 3149 1205 3235 quia
1220 3148 1296 3236 plus
1313 3167 1414 3239 amor,
1434 3187 1451 3206 -

280 3265 377 3334 quam
394 3263 556 3314 armorum
579 3247 737 3334 strepitus
756 3246 799 3315 ad
814 3247 878 3314 boc
891 3252 1056 3335 operatur.
1084 3245 1179 3316 Unde
1195 3245 1413 3319 Claudianus:

378 3344 477 3436 „Non
505 3346 554 3412 sic
575 3344 729 3435 excubie,
757 3363 820 3414 nec
846 3347 1093 3414 circumstantia
1118 3345 1195 3434 pila,

403 3440 508 3523 Quam
535 3449 658 3511 tutatur
684 3462 786 3514 amor.
819 3444 894 3512 Non
921 3445 1135 3532 extorquebis
1162 3445 1274 3514 amari.

291 3541 294 3549 “
402 3541 476 3611 Hoc
502 3542 629 3610 alterna
655 3541 751 3634 fides,
777 3543 842 3613 boe
870 3542 1011 3630 simplex
1036 3545 1144 3632 gratia
1170 3541 1311 3616 donat.“

279 3724 331 3794 Dc
351 3723 460 3811 prelio
484 3721 614 3806 dudelli
639 3727 673 3790 et
697 3720 859 3792 Ottolari.
1252 3725 1336 3813 cap.
1359 3726 1414 3794 titt.
1511 3809 1512 3826 ι

199 3856 265 3913 aare
352 3837 452 3910 Anno
485 3838 610 3909 domini
644 3840 847 3908 mcclxnvi.
875 3839 1090 3909 Innocentius
1118 3838 1253 3926 quintus
1280 3847 1416 3913 moritur

279 3943 458 4029 postquam
473 3937 561 4008 sedit
577 3938 749 4007 mensibus
764 3940 920 4026 quinque.
948 3937 1106 4008 Succedit
1127 3935 1297 4010 Adrianus
1314 3943 1415 4028 quin-

281 4043 346 4128 tus,
374 4039 429 4126 qui
456 4039 548 4106 stetit
571 4053 632 4127 per
657 4038 758 4105 unius
780 4037 922 4127 spatium
939 4039 1066 4106 mensis
1091 4040 1228 4108 tantum.
1255 4035 1315 4108 Cui
1331 4055 1414 4110 suc-

282 4135 371 4206 cedit
394 4136 561 4207 lobanncs
586 4136 766 4205 vicesimus
792 4138 915 4225 primus
942 4136 1061 4206 eodem
1088 4153 1175 4204 anno
1203 4137 1339 4208 electus.

218 4248 220 4251 ’
301 4251 346 4325 ..¹)
365 4251 407 4306 die
425 4255 482 4307 rier
499 4253 732 4323 corbergebendcn
750 4259 835 4310 warte
853 4254 911 4308 sind
927 4255 955 4310 in
973 4254 1076 4310 deris.
1094 4253 1296 4310 durebrtrtcbeu.
