3052 4878
254 222 300 290 66
564 250 707 296 exhorret
731 251 767 296 or
789 251 888 296 essars
907 252 1074 298 rxrxcrrorr.

173 407 240 460 leet
254 391 336 480 regi,
364 389 462 457 simul
488 394 666 457 exorantes
693 405 778 480 eum,
804 394 841 456 ul
858 389 958 458 terret
980 392 1029 458 eis
1052 390 1207 458 auxilium
1227 396 1297 458 lota
1318 391 1386 458 vir-

255 495 335 579 tute,
363 494 396 555 et
422 505 507 575 opus
533 487 746 577 laboriosum,
774 487 816 555 ad
843 489 933 577 quod
958 495 1131 580 venerant,
1158 491 1328 579 inciperet,
1355 495 1389 556 et

255 604 372 656 omnes
392 586 513 655 adhoc
533 587 719 677 compellat,
746 593 784 654 ut
803 588 1026 656 maleficorum
1049 588 1287 658 munitionibus
1314 588 1388 657 dis-

255 688 371 775 sipatis
400 685 609 753 subtrahatur
635 688 684 753 eis
712 688 847 754 occasio
874 687 1088 773 malignandi.

326 786 460 853 Interim
479 783 546 852 dux
561 783 768 874 Leupoldus,
790 785 908 854 dolens
929 789 1034 854 vicem
1058 786 1166 854 iratris
1190 793 1222 855 et
1244 790 1390 855 castrum

252 886 397 971 Purgaw
423 886 491 970 jam
517 885 672 952 vallatum
700 883 740 950 ab
766 883 930 976 hostibus,
958 885 1000 953 dc
1027 886 1180 954 omnibus
1207 887 1389 975 provinciis

255 985 388 1054 ditionis
417 1000 478 1050 sue
505 985 724 1068 congregavit
743 1001 957 1052 numerosum
984 987 1172 1074 exereitum,
1200 991 1339 1073 temptat
1356 991 1391 1054 et

252 1090 349 1173 parat
373 1100 487 1167 regern
512 1081 706 1149 Ludwicum
733 1081 901 1172 invadere,
928 1090 975 1172 ut,
1003 1086 1032 1151 si
1056 1102 1122 1170 quo
1139 1083 1237 1153 modo
1256 1090 1388 1175 posset,

252 1182 368 1252 urbem
394 1200 467 1248 cum
496 1182 566 1248 suis
593 1180 832 1248 habitatoribus
858 1182 1022 1250 liberaret:
1047 1182 1140 1250 Misit
1156 1183 1387 1271 exploratores

254 1283 310 1370 qui
334 1280 512 1366 diligenter
524 1278 692 1347 discerent
710 1282 861 1348 virtutem
881 1283 971 1367 regis
991 1287 1024 1348 el
1041 1284 1234 1350 renuncient
1251 1282 1388 1370 quando

253 1387 368 1449 contra
394 1397 468 1446 eum
496 1377 652 1466 expediat
676 1379 730 1446 vel
757 1377 879 1447 debeat
903 1380 1079 1468 proficisci.

329 1477 409 1547 Cum
436 1483 545 1545 autem
571 1496 631 1545 rex
653 1479 687 1544 in
719 1477 895 1547 obsidione
926 1482 1095 1548 memorati
1123 1479 1222 1548 castri
1249 1478 1387 1546 multum

252 1580 409 1668 temporis
437 1577 670 1665 expendisset,
698 1582 731 1644 et
756 1577 898 1646 necdum
926 1578 1030 1646 semel
1057 1578 1100 1646 ad
1126 1576 1391 1666 expugnandum

253 1684 502 1767 attemplasset,
530 1676 702 1744 fraudatus
732 1683 784 1743 est
811 1695 830 1744 a
857 1695 917 1764 spo
946 1694 1023 1764 sua,
1053 1678 1207 1766 sperabat
1233 1678 1319 1743 enim
1348 1695 1387 1744 se

251 1779 366 1846 urbem
394 1778 466 1844 sine
494 1775 657 1844 eilusione
685 1773 860 1861 sanguinis
886 1776 1081 1844 habiturum.
1118 1775 1186 1844 Sed
1213 1778 1290 1862 quia
1316 1773 1389 1842 dil-

252 1877 346 1944 lioilis
375 1881 408 1942 et
432 1875 642 1962 periculosus
669 1872 731 1941 luit
764 1893 924 1944 accessus
951 1874 993 1943 ad
1023 1875 1153 1964 urbem,
1182 1873 1315 1962 quidam
1342 1874 1386 1942 de

253 1976 401 2043 exercitu
434 1972 667 2061 prudentiores
695 1974 970 2059 excogitaverunt
996 1973 1171 2063 expedire,
1201 1992 1273 2041 cum
1300 1991 1389 2042 oeu-

253 2079 320 2141 tum
348 2072 494 2140 curribus
529 2071 570 2140 de
604 2090 739 2140 nemore
774 2078 982 2160 comportare
1007 2091 1163 2158 magnum
1192 2080 1313 2141 struem
1340 2073 1391 2139 li-

252 2190 411 2260 gnorum,
438 2177 475 2238 ut
500 2189 542 2238 ex
567 2188 635 2239 uno
670 2172 775 2239 latere
805 2172 896 2239 urbis
924 2172 1025 2240 llante
1051 2178 1175 2263 vento,
1203 2174 1390 2239 eratenim

251 2278 330 2339 tunc
357 2270 546 2357 frequenter
571 2289 713 2356 magnus
748 2272 906 2358 strepitus
931 2278 1123 2360 ventorum,
1151 2270 1390 2339 insultantibus

250 2369 389 2438 flammis
417 2369 490 2438 sine
516 2370 666 2458 periculo
692 2369 861 2438 hominum
884 2373 994 2439 omnia
1018 2372 1128 2437 menia
1153 2370 1242 2438 urbis
1270 2376 1302 2436 et
1328 2370 1390 2438 irr-

251 2469 756 2556 strumentainextinguibiliter
782 2475 1011 2538 cremarentur.
1039 2467 1107 2536 Sed
1133 2487 1196 2536 neo
1221 2467 1300 2538 illud
1325 2487 1391 2539 rex

250 2567 320 2637 lieri
346 2569 505 2658 permisit,
533 2570 648 2637 nescio
675 2586 742 2655 quo
770 2586 881 2637 errore
908 2568 1069 2656 deceptus
1086 2567 1175 2655 quod
1192 2586 1229 2636 se
1248 2572 1281 2634 et
1302 2586 1389 2638 suos

249 2669 400 2755 neglexit
432 2686 506 2735 cunr
537 2667 680 2755 dampno
714 2667 978 2758 irrecuperabili,
1015 2673 1052 2735 ut
1078 2666 1238 2758 creditur,
1266 2665 1389 2736 diebus

250 2767 403 2835 omnibus
426 2769 493 2834 uite
518 2785 589 2835 suo.
614 2766 710 2834 Unde
726 2763 963 2852 Augustenses
983 2772 1016 2833 et
1035 2767 1127 2834 mulli
1144 2766 1209 2856 olii,
1237 2766 1292 2853 qui
1311 2784 1390 2834 cum

249 2865 372 2934 ibidem
389 2865 477 2952 apud
495 2883 610 2950 regem
631 2865 801 2932 laboriose
826 2859 973 2953 septem1
998 2864 1227 2933 hebdomadas
1254 2865 1390 2950 integre

250 2965 505 3046 remansissent,
533 2969 567 3031 et
591 2964 700 3031 multis
725 2967 837 3033 exeis
863 2964 1096 3033 deicientibus
1117 2966 1149 3031 in
1169 2965 1327 3053 expensis
1353 2970 1389 3033 et

250 3062 331 3130 nihil
357 3061 509 3130 viderent
533 3062 577 3129 ibi
604 3063 675 3131 heri
702 3081 768 3150 quo
796 3066 968 3150 negotium
996 3063 1094 3130 linem
1121 3065 1215 3131 citius
1243 3064 1389 3131 sortire-

174 3177 234 3284 »ἐξ
251 3168 311 3252 tur,
339 3160 491 3230 adierunt
517 3178 641 3253 regem,
668 3163 814 3230 instabat
841 3166 926 3231 enim
955 3161 1268 3252 nativitasDomini,
1296 3179 1388 3252 sup-

184 3214 412 3349 2³plicantes
440 3263 481 3351 ei,
507 3267 544 3328 ut
569 3263 771 3348 permitteret
796 3279 855 3330 eos
879 3261 921 3330 ad
944 3262 1109 3329 civitatem
1135 3262 1299 3349 propriam
1324 3280 1388 3329 re-

250 3376 371 3449 meare,
400 3360 495 3426 simul
522 3361 752 3449 promittentes
778 3362 808 3428 ei
833 3362 988 3428 cautione
1012 3359 1233 3450 fideiussoris,
1262 3378 1300 3428 se
1324 3379 1389 3428 re-

249 3475 409 3526 versuros
437 3476 636 3546 quacunque
663 3457 716 3526 die
738 3460 792 3527 vel
813 3459 895 3548 hora
922 3477 981 3528 eos
1009 3458 1139 3526 duxerit
1164 3457 1389 3530 revocandos

249 3555 397 3638 Quorum
415 3557 571 3644 precibus
585 3575 645 3625 rex
662 3561 883 3644 acquiescens
898 3560 1046 3645 permisit
1063 3576 1122 3627 eos
1141 3576 1211 3626 ase
1227 3557 1387 3628 recedere

250 3662 364 3740 contra
381 3656 522 3724 salutem
538 3658 712 3746 propriam,
725 3659 803 3743 quia
818 3657 869 3724 his
887 3655 1122 3724 recedentibus
1140 3657 1230 3724 mulli
1245 3658 1387 3726 aliisinc

250 3758 320 3824 eius
334 3757 469 3824 licentia
487 3761 709 3823 recesserunt.
726 3757 767 3823 Et
784 3756 906 3824 sactum
920 3761 980 3846 est,
992 3762 1028 3823 ut
1043 3755 1096 3824 dic
1112 3764 1280 3844 noctuque
1294 3757 1388 3824 mul-

248 3857 290 3923 tis
314 3856 398 3923 elam
415 3853 649 3923 recedentibus
668 3856 758 3940 regis
784 3857 950 3924 exercilus
974 3858 1165 3923 attenuatus
1183 3861 1216 3923 el
1233 3859 1387 3925 minora-

248 3959 303 4022 tus
331 3960 425 4022 esset
449 3956 483 4022 in
509 3951 650 4043 tantum,
677 3961 713 4020 ut
738 3953 859 4022 ibidem
885 3956 941 4022 vix
966 3972 1044 4042 pars
1069 3956 1165 4022 tertio
1188 3961 1387 4026 remaneret.

323 4051 422 4133 Quod
438 4072 511 4122 cum
526 4053 680 4122 viderent
693 4054 922 4140 exploratores
941 4054 997 4141 qui
1012 4053 1106 4123 missi
1119 4052 1282 4122 lucrante
1297 4053 1388 4126 duoe

247 4149 434 4242 Leupold0,
462 4170 539 4220 mox
556 4151 600 4222 ad
617 4151 784 4250 dominum
804 4171 898 4222 suum
925 4153 1066 4222 celerius
1093 4151 1271 4244 redierunt,
1292 4173 1391 4224 nun-

284 4278 314 4344 i)
332 4283 458 4346 semptem
476 4278 506 4331 hs
