3052 4878
365 734 470 806 VITA
507 734 718 806 LUDOVlCl
751 735 912 818 QUARTI
945 731 1245 804 IMPERA'lOlllS.

661 858 755 930 1312
779 897 823 909 -
845 859 951 929 tour.

701 1058 902 1070 -a--n-——n—ua

307 1222 401 1317 Heu
431 1254 483 1317 est
505 1247 661 1318 chronica
676 1246 840 1317 Ludouioi
864 1248 968 1316 incliti
993 1249 1200 1336 imperatoris
1228 1248 1346 1336 quarti.

307 1347 418 1438 Alpha
439 1353 473 1416 et
491 1365 621 1439 omega,
648 1349 843 1436 principium
864 1353 898 1414 et
915 1347 1002 1436 imis,
1028 1353 1151 1434 primus
1171 1352 1205 1415 ot
1222 1349 1375 1415 novissi-

235 1466 328 1539 mus,
357 1448 413 1535 qui
449 1452 503 1515 est
527 1449 683 1535 princeps
709 1465 826 1533 regum
852 1453 960 1537 terre,
988 1447 1061 1514 sine
1090 1448 1183 1515 cuius
1210 1447 1374 1535 principio

234 1547 317 1615 nihil
335 1553 397 1638 est,
425 1547 503 1633 quia
520 1563 584 1615 neo
601 1548 725 1634 incepit
741 1547 777 1614 in
796 1551 944 1634 tempore
962 1551 996 1612 et
1010 1551 1182 1632 permanet
1204 1547 1277 1613 sine
1298 1544 1375 1635 linc,

234 1664 413 1735 perquem
439 1663 539 1731 reges
564 1651 716 1736 regnunt,
742 1663 803 1733 per
827 1643 1034 1732 quemfacta
1057 1649 1135 1712 sunt
1162 1645 1287 1733 secula,
1313 1659 1376 1731 per

237 1764 335 1832 quem
357 1750 476 1813 cuncta
503 1745 689 1812 subsistunt
713 1744 888 1834 elementa,
916 1761 1022 1829 aquo
1048 1744 1167 1834 omniu,
1195 1761 1253 1830 per
1275 1759 1377 1828 quem

236 1845 366 1933 omnia,
400 1845 434 1910 in
461 1861 527 1929 quo
555 1845 682 1910 omnia:
717 1844 782 1931 ipsi
816 1843 880 1912 soli
904 1843 979 1910 laus
1007 1847 1041 1910 et
1065 1842 1173 1912 honor
1199 1848 1234 1909 et
1260 1841 1376 1927 ‘gloria

235 1959 297 2031 per
322 1939 450 2009 infinita
477 1942 663 2009 seculorum
692 1942 816 2010 secula.
861 1939 978 2009 Amen.

308 2036 339 2106 A
366 2039 620 2125 gloriosissimis
647 2039 890 2130 incipiendum,
924 2057 1063 2127 quorum
1088 2037 1175 2106 lama
1202 2043 1378 2127 permanet

236 2140 271 2206 in
298 2139 423 2206 secula.
474 2137 555 2206 lllos
580 2139 716 2225 inquam
743 2139 817 2207 dico
845 2139 1034 2229 gloriosos,
1061 2139 1123 2206 sub
1151 2154 1288 2225 quorum
1315 2152 1378 2203 rc-

237 2239 359 2323 gimine
381 2235 585 2322 gubernatur
599 2237 754 2328 mundae,
780 2256 839 2327 per
857 2255 944 2325 quos
962 2237 1054 2304 Deus
1077 2237 1205 2328 colitur,
1232 2234 1380 2304 mundus

237 2343 418 2426 reparatur,
446 2353 526 2403 vera
541 2354 607 2424 pax
626 2342 659 2404 et
679 2337 860 2405 concordia
877 2343 1034 2404 terrarum
1055 2341 1089 2404 et
1103 2336 1271 2404 hominum
1287 2351 1380 2402 oon-

241 2441 402 2524 servatur,
429 2434 591 2508 videlicet,
609 2435 838 2505 nobilissimos
865 2437 1092 2525 imperatores,
1118 2453 1220 2520 reges
1236 2432 1380 2502 llornani

240 2536 377 2623 imperii.
427 2533 477 2601 Ex
504 2533 624 2621 quibus
651 2553 767 2619 unum,
800 2534 957 2603 videlieet
980 2533 1187 2603 Ludovicum
1215 2537 1380 2621 quartum,

241 2635 334 2702 velut
359 2634 465 2700 virum
492 2633 799 2702 christianissimum
827 2632 1035 2723 extollamus
1063 2651 1160 2720 quem
1179 2649 1247 2700 non
1268 2629 1381 2699 solum

242 2732 354 2820 verba,
381 2733 479 2799 immo
507 2731 597 2818 quod
623 2733 698 2820 plus
726 2739 788 2822 est,
816 2738 849 2800 ct
874 2731 960 2800 lacta
986 2731 1227 2800 commendant

310 2830 373 2898 Hic
399 2830 473 2897 dico
493 2837 585 2899 ortus
608 2837 659 2898 cst
676 2849 719 2900 cx
733 2831 950 2900 nobilissimis
969 2831 1194 2898 Baurariormn
1213 2827 1380 2918 principi-

235 2928 311 3010 bus,
338 2927 495 2995 videlicet
519 2928 694 2999 Ludovioo
722 2933 841 2999 comite
866 2930 1015 3019 palatino
1032 2928 1137 2997 Rheni
1160 2936 1194 2998 et
1209 2928 1292 2996 duce
1311 2943 1381 2994 su-

237 3027 378 3115 perioris
404 3026 567 3118 bawarie,
595 3028 696 3096 milite
723 3029 827 3097 nobili
854 3036 887 3097 et
914 3037 1085 3119 strennuo,
1113 3029 1168 3116 qui
1187 3027 1382 3116 oapitcirca

239 3143 361 3193 anuum
395 3123 520 3193 domini
553 3127 716 3218 m.cc.l.m‚
745 3130 802 3215 qui
828 3129 942 3196 atillo
969 3133 1116 3215 tempore
1144 3127 1255 3196 divisit
1280 3126 1381 3214 prin-

237 3225 365 3312 cipatus
392 3241 473 3292 suos
499 3243 573 3292 cum
601 3224 701 3294 iratre
730 3227 951 3296 suoHenrico
970 3226 1087 3294 illustri
1105 3226 1191 3294 duce
1210 3222 1380 3293 inferioris

236 3322 402 3390 anarie.
459 3322 521 3391 Hic
546 3325 682 3412 inquam
706 3325 900 3395 Ludovious
934 3326 1027 3394 duxit
1054 3327 1088 3392 in
1114 3343 1250 3394 uxorem
1277 3322 1383 3390 tiliam

238 3420 362 3490 domini
387 3419 517 3489 Rudolir
544 3427 634 3509 regis
657 3423 890 3517 Romanorum,
917 3427 978 3493 viri
1001 3424 1152 3494 bellicosi
1172 3431 1205 3492 et
1223 3422 1382 3510 gloriosi,

238 3526 272 3588 et
297 3521 415 3606 genuit
440 3537 484 3587 ex
510 3538 550 3588 ea
578 3521 663 3590 duos
692 3522 797 3615 tilios,
832 3543 971 3612 quorum
996 3542 1084 3592 unus
1111 3523 1281 3591 dicebatur
1304 3518 1383 3588 Ru-

238 3618 367 3710 dolius‚
396 3617 478 3687 alter
512 3637 593 3688 vero
619 3621 825 3693 Ludovious.
876 3623 926 3693 De
959 3640 1024 3710 quo
1047 3622 1222 3691 Ludovico
1249 3617 1380 3708 aliquud

238 3717 348 3787 dicere
373 3717 585 3786 intendimus.

311 3817 373 3884 llic
391 3823 463 3884 erat
479 3819 528 3884 uir
544 3817 652 3886 bonus
670 3824 704 3886 et
723 3823 833 3888 rectus
849 3825 883 3888 ct
900 3821 1006 3889 iustus
1016 3841 1025 3908 3
1053 3825 1087 3886 et
1104 3819 1190 3886 sicut
1209 3835 1251 3886 ex
1274 3816 1382 3884 illus-

239 3915 344 3984 tribus
372 3917 505 4002 genitus
533 3922 586 3984 est
611 3918 816 4009 parentibus,
845 3919 895 3986 sio
921 3935 1052 4007 semper
1069 3919 1177 4004 gessit
1193 3918 1293 3985 vitam
1308 3914 1382 3982 bo-

241 4031 317 4081 nam
344 4022 377 4082 ct
401 4014 612 4084 laudabilem.
655 4015 737 4085 Nam
759 4017 801 4085 ab
817 4016 956 4086 infantia
974 4019 1071 4106 mille,
1100 4016 1275 4103 discretus,
1292 4032 1384 4103 pru-

242 4111 348 4203 dens,
376 4113 506 4204 langue,
535 4114 713 4207 benignus
742 4117 850 4207 agilis,
879 4115 983 4208 sortis,
1010 4115 1180 4206 pacificae,
1208 4119 1383 4204 strenuus,

241 4215 410 4280 ettamen
437 4211 640 4283 succedente
668 4221 817 4304 tompore
845 4217 892 4284 nil
916 4215 1042 4306 puerile
1070 4217 1180 4302 gessit
1204 4215 1239 4282 in
1265 4230 1383 4303 opere.
