3028 4878
278 221 351 290 lto
619 248 762 294 rouruurs
783 245 996 293 vrrrorumvsm.
1031 242 1056 310 6,
1076 244 1098 295 7.

197 388 476 478 1338iummento,
502 386 683 454 investivit.
723 385 796 452 Filii
824 389 932 454 autem
960 385 1032 453 eius
1058 384 1207 474 predicta
1232 383 1412 473 possiden·

279 493 342 576 teS,
371 503 547 573 quousque
574 503 662 553 nunc
687 490 767 573 post
792 486 976 572 transitum,
1011 485 1099 552 omui
1125 483 1295 551 llarinthia
1323 485 1411 551 etiam
1492 489 1493 558 ἶ

280 585 322 654 ad
349 584 454 653 duces
479 581 612 652 Austrie
635 583 809 672 translata,
836 582 1019 672 predictum
1039 582 1173 671 opidum
1192 589 1331 649 artatum
1353 601 1413 670 pa-

280 683 422 752 triarcba
438 685 562 771 incepit
577 680 766 771 possidere,
780 700 882 770 super
900 681 990 768 quod
1010 683 1061 749 ius
1081 700 1175 750 suum
1192 698 1300 769 usque
1320 680 1413 748 hodie

279 801 419 870 querere
446 800 514 850 non
542 775 738 850 desistunt¹.

323 922 326 928 -
352 879 479 949 Eodem
504 898 592 948 anno
620 898 662 946 ex
691 879 840 966 partibus
860 879 996 946 orientis
1018 877 1191 947 multitudo
1214 879 1413 946 locustarum
1493 881 1494 902 ¹

279 982 404 1069 erupit,
438 985 471 1046 ct
505 997 566 1066 per
601 978 779 1063 Uogariam
816 977 984 1046 Poloniam
1018 977 1211 1046 Bohemiam
1235 977 1414 1045 Moraviam

277 1076 443 1147 Austriam
464 1077 594 1145 Stiriam
617 1075 819 1144 llarintbiam
839 1074 1021 1143 Carniolam
1043 1077 1210 1145 Swoviam
1235 1077 1414 1143 Bawariam

277 1176 509 1246 Lombardiam
534 1174 749 1244 Forum-Iulii
774 1181 806 1242 ot
833 1180 990 1242 montana
1017 1175 1192 1263 usquead
1219 1174 1310 1243 littus
1337 1174 1415 1242 lieni
1494 1210 1495 1296 p

279 1278 388 1344 omnia
422 1282 508 1343 terre
534 1275 691 1362 virentia,
719 1281 866 1362 tempore
893 1274 961 1340 iulii
989 1280 1022 1341 et
1047 1275 1200 1362 augusti,
1228 1272 1330 1341 dente
1357 1292 1414 1342 se·
1494 1297 1495 1310 ³

277 1376 416 1442 vissimo
448 1391 557 1460 usquc
593 1372 635 1441 ad
662 1375 763 1440 totius
790 1372 1032 1461 absumptionis
1060 1364 1283 1462 stipendium²
1309 1373 1415 1441 devo·
1494 1407 1495 1462 5

279 1475 372 1541 ravit.
405 1472 550 1561 Populus
563 1473 755 1561 perterritus
771 1471 914 1539 letanias
935 1477 968 1538 et
984 1472 1243 1559 supplicationes
1262 1471 1414 1561 faciebat,

279 1570 323 1639 ad
350 1571 461 1639 sidera
488 1589 605 1639 manus
633 1570 843 1639 extendebat.
880 1570 931 1658 Et,
959 1571 1074 1638 mirum
1095 1569 1203 1638 dictu!
1229 1576 1266 1638 ut
1284 1578 1414 1638 castro-

278 1689 348 1738 rum
368 1671 457 1738 acies
476 1669 643 1737 distinctis
670 1668 841 1737 ordinibus
867 1686 928 1757 per
953 1687 1031 1736 aera
1058 1667 1259 1758 serebantur,
1285 1675 1319 1736 et
1335 1675 1414 1736 terre
1495 1699 1496 1726 t

277 1769 506 1837 incumbentes
534 1774 642 1836 castra
667 1767 897 1836 mansionibus
924 1766 1140 1836 metabantur.
1174 1768 1288 1836 Duces
1316 1786 1414 1836 exer·
1495 1773 1496 1846 l

279 1870 379 1936 citum
405 1885 478 1934 cum
515 1869 629 1955 paucis
657 1867 775 1934 itinero
802 1867 900 1934 unius
928 1865 994 1934 diei
1019 1866 1191 1956 preibant,
1219 1867 1316 1954 quasi
1342 1867 1413 1935 loca
1495 1859 1496 1868 '

279 1972 356 2054 apta
383 1965 579 2032 multitudini
606 1966 778 2053 provisuri.
821 1963 916 2032 Circa
942 1965 1054 2033 horam
1081 1984 1203 2034 nonam
1229 1965 1286 2032 ubi
1313 1964 1412 2032 duces

277 2071 439 2133 venerunt
469 2063 661 2131 insidebant
672 2087 680 2150 3
716 2081 780 2131 neo
815 2082 833 2130 a
867 2063 943 2130 loco
980 2071 1145 2152 occupato
1180 2063 1412 2152 movebantur,
1496 2081 1497 2140 1

278 2180 455 2250 quousque
479 2162 583 2230 ultera
603 2161 657 2230 die
678 2163 728 2230 sol
747 2180 841 2231 suum
868 2169 974 2231 ortum
1001 2169 1257 2252 representaret,
1286 2168 1320 2229 et
1338 2181 1412 2249 gra-

276 2263 363 2328 vitas
390 2263 540 2349 corporis
568 2260 748 2329 bumorosa
779 2279 839 2349 per
873 2261 1018 2349 pluviam
1046 2268 1079 2328 et
1103 2281 1163 2350 per
1189 2279 1296 2330 rorem
1325 2266 1413 2328 esset

277 2361 378 2430 solari
405 2359 498 2429 radio
525 2361 656 2429 leviata.
701 2360 742 2427 Et
767 2367 847 2428 tunc
873 2378 933 2448 per
960 2367 1080 2428 turmas
1109 2379 1188 2428 suas
1215 2360 1412 2450 proficisce-

277 2459 407 2550 bantur,
433 2466 469 2527 ut
495 2460 527 2526 iu
553 2461 664 2548 parvis
692 2459 886 2526 animalibus
909 2457 1114 2547 disciplinam
1143 2477 1298 2528 cerneres
1327 2460 1412 2526 mili·
1497 2521 1498 2534 ,

277 2564 391 2628 tarem.
430 2558 611 2644 segetibus
645 2557 868 2626 vescebantur
894 2564 927 2624 et
957 2560 1097 2626 maxime
1123 2559 1187 2626 illis
1215 2576 1280 2645 que
1308 2558 1411 2626 adbuc

276 2659 311 2725 in
338 2659 463 2744 campis
490 2657 757 2745 reperiebantur,
793 2656 904 2724 lenum
931 2659 1081 2742 gramina
1107 2657 1227 2724 milium
1256 2664 1291 2725 et
1317 2656 1412 2744 quid-

279 2756 357 2842 quid
392 2756 504 2823 talium
538 2755 644 2823 luerat
671 2755 805 2844 penitus
832 2754 1060 2823 absumebant.
1107 2755 1246 2824 Tardius
1274 2771 1412 2842 namque

277 2857 311 2922 in
337 2855 537 2922 Kariathiam
562 2859 735 2942 venerunt,
763 2856 841 2940 quia
867 2854 943 2921 alibi
966 2860 1082 2942 pastus
1103 2853 1335 2924 sufficientiam
1351 2855 1413 2922 bu-

278 2953 428 3040 buerant,
456 2970 656 3038 arenaque
683 2953 829 3020 nondum
855 2951 976 3020 falcata
1003 2959 1075 3020 erat
1100 2954 1287 3022 vorabatur.
1323 2952 1413 3034 Qua-

278 3057 353 3118 tuor
379 3052 450 3118 alas
476 3049 654 3140 habebant,
682 3050 842 3119 ducentes
867 3057 1011 3120 armatos
1030 3052 1194 3120 adinstar
1212 3070 1412 3139 gemmarum

277 3151 467 3237 lucentium,
496 3165 561 3236 que
587 3150 731 3217 induviis
759 3150 950 3218 seminarum
975 3152 1112 3240 intente,
1141 3169 1270 3237 gemme
1298 3153 1413 3241 splen-

279 3248 356 3316 dide
384 3255 417 3315 et
438 3247 568 3316 nobiles
594 3249 803 3336 putabantur.
841 3248 962 3316 Sumen
988 3250 1022 3316 in
1049 3251 1150 3318 sulcis
1176 3257 1262 3318 terre
1286 3257 1319 3318 et
1335 3267 1411 3318 ces-

278 3347 402 3436 pitibus
429 3347 642 3433 reliquerunt.
678 3348 744 3416 Sed
765 3367 832 3416 non
851 3347 1091 3438 disparuerunt,
1120 3347 1229 3416 donec
1257 3348 1411 3417 brumalis

280 3447 436 3534 temporis
463 3446 715 3514 strictitudinem
739 3452 986 3533 persenserunt.
1020 3446 1057 3513 ln
1085 3447 1283 3534 quibusdam
1308 3449 1411 3535 parti-

279 3545 340 3614 bus
368 3536 460 3613 oum³
485 3546 674 3630 ingrossata
702 3552 793 3614 esset
820 3545 977 3634 soboles,
1005 3545 1059 3612 vel
1085 3546 1193 3614 adbuc
1218 3548 1352 3632 gracilis
1377 3547 1412 3609 ut

278 3663 316 3713 se
337 3643 564 3731 grossitudine
587 3645 640 3710 vel
664 3646 835 3711 teneritate
856 3644 987 3711 elevare
1006 3662 1073 3712 non
1101 3651 1228 3732 posset,
1256 3647 1290 3714 in
1306 3643 1408 3712 loreis

231 3736 235 3744 ’
277 3743 433 3812 incendio
461 3749 494 3810 et
521 3742 654 3809 fustium
681 3743 956 3830 percussionibus
984 3749 1035 3810 est
1062 3742 1181 3810 deleta.
1215 3743 1253 3810 ln
1272 3743 1407 3830 quibus-

278 3843 353 3911 dam
366 3843 449 3911 locis
468 3841 544 3909 dum
567 3858 634 3909 nou
655 3841 815 3908 baberent
836 3848 977 3930 pastum,
1004 3840 1112 3909 redire
1138 3840 1239 3909 unde-
1254 3842 1410 3910 venerant

278 3940 493 4029 videbantur,
528 3939 583 4008 vel
616 3939 658 4008 ad
695 3941 771 4008 talia
806 3941 880 4007 loca
909 3959 946 4008 se
973 3940 1158 4008 vertebant.
1200 3939 1237 4007 ln
1264 3938 1409 4009 Bawarla

313 4123 343 4187 t)
362 4123 410 4176 llic
438 4122 686 4191 wiedereroberung
709 4138 761 4177 rou
784 4123 909 4178 Venzone
935 4139 975 4177 am
999 4124 1174 4193 Tagliamonto
1197 4125 1232 4178 ist
1254 4124 1318 4179 belm
1337 4121 1410 4175 conr.

277 4189 349 4242 biart.
368 4190 421 4258 qu.
440 4191 624 4258 weitliiultiger
642 4192 747 4245 erzillt.
784 4192 814 4256 2)
834 4191 885 4244 Pez
908 4193 1054 4245 vermutbet
1079 4192 1243 4260 dispendium
1266 4195 1303 4246 sei
1321 4207 1349 4244 zu
1369 4189 1409 4241 le-

277 4270 330 4309 sen.
366 4257 397 4323 3)
417 4271 447 4310 so
466 4257 572 4312 bessere
590 4261 630 4312 irb
650 4261 696 4312 das
715 4265 765 4312 tum
784 4259 830 4312 des
849 4259 969 4313 lriiberen
988 4259 1124 4314 abdruclrs.
