3096 4882
501 175 568 219 vrri
590 175 698 222 ninom
721 177 828 232 ouium
842 177 910 224 rur.
1200 150 1270 221 253

136 310 258 380 cedere
286 318 403 379 contra
427 309 601 381 Liluanos
628 331 696 383 non
721 317 900 406 potuimus
929 315 989 384 sed
1012 317 1138 386 reversi
1156 335 1271 387 sumus
1290 331 1354 384 rear

133 412 366 498 unusquisque
393 410 435 478 ad
460 414 605 499 propria,

210 509 290 577 Cum
309 516 418 577 autem
437 515 508 578 oria
526 509 647 578 lui-sset
666 512 751 579 inter
768 510 975 580 Lombardos
997 530 1118 600 magna
1138 531 1271 602 guerra,

136 627 234 695 quam
260 615 519 677 tractaveramus
546 618 724 697 antequam
751 613 915 679 exiremus
941 610 982 679 de
1006 611 1146 702 Tyrolis,
1174 612 1271 682 scili-

135 715 189 774 eet
213 713 350 796 propter
376 709 477 793 ligam
504 727 602 795 quam
630 708 778 777 fecerant
802 709 937 799 Veneti,
965 710 1162 801 Florentini,
1190 711 1270 780 lile-

134 805 360 896 alciacenses,
387 807 627 897 Ferrarienses‚
655 807 839 897 Mantuani,
866 809 1101 877 Bononienses
1121 817 1154 878 et
1171 829 1270 898 quam

132 905 246 994 plures
282 906 337 974 alii
369 913 484 973 contra
519 905 697 975 Mastinnm
738 906 779 974 de
813 907 847 974 la
882 907 979 975 Scala
1014 907 1268 994 gubernatorem

131 1003 363 1075 Veronensem
399 1011 432 1073 et
463 1002 669 1095 Paduannm‚
706 1008 762 1092 qui
795 1007 945 1075 iuimicus
980 1013 1097 1075 noster
1130 1014 1201 1076 erat
1232 1013 1269 1076 ut

133 1119 235 1192 supra
267 1108 422 1194 apparet,
459 1103 577 1172 eodem
613 1111 761 1193 tempore
797 1104 839 1172 de
868 1123 984 1173 mense
1010 1107 1122 1194 aprilis
1148 1109 1267 1176 ivimus
1290 1137 1351 1178 rra.

130 1220 191 1292 per
216 1201 398 1271 llloraviam
432 1203 465 1270 in
490 1200 656 1272 Austriam
691 1204 844 1272 volentes
874 1204 1107 1273 Lombardiam
1133 1206 1267 1297 intrare,

131 1301 190 1370 ubi
217 1300 282 1370 dux
307 1299 584 1371 alesine-noluit
610 1302 708 1370 nobis
734 1309 884 1391 prestare
911 1303 1122 1373 conductum.
1175 1305 1269 1374 Tune

131 1401 283 1469 locantes
310 1418 374 1469 nos
400 1400 443 1468 ad
469 1419 586 1492 navae,
613 1403 825 1470 transivimus
846 1401 888 1469 ad
912 1420 1026 1488 regem
1047 1403 1193 1489 Ungarie
1212 1406 1268 1491 qni

131 1499 176 1568 de
209 1501 343 1567 civitate
379 1499 472 1568 Bude
504 1499 596 1568 dedit
629 1500 726 1568 nobis
761 1500 963 1569 conductum
988 1519 1049 1589 per
1074 1502 1265 1594 Ungariam,

131 1597 358 1689 Chorvatlam‚
391 1599 612 1688 Dalmaaiam,
647 1617 757 1686 usque
789 1602 823 1667 in
851 1601 1017 1667 civitatem
1044 1600 1136 1668 Senii
1163 1619 1267 1689 supra

128 1697 221 1766 littus
240 1699 352 1788 mariS,
379 1698 436 1765 ubi
461 1700 654 1766 intravimus
681 1716 783 1767 mare.
822 1696 920 1778 ouon
940 1698 1142 1768 Venetorum
1169 1702 1276 1788 capi-·

130 1799 220 1864 tanei
239 1799 434 1887 rescientes
456 1815 530 1887 noe,
550 1799 699 1885 quamvis
715 1815 868 1865 essemus
885 1815 998 1866 eornm
1017 1799 1124 1888 amici,
1153 1800 1265 1887 capti·

127 1914 207 1965 rare
234 1897 422 1966 voluerunt..
471 1895 567 1966 Unde
594 1896 728 1982 galliam
761 1902 904 1964 nostram
934 1897 1265 1966 circumvallaverunt

127 2013 190 2085 per
215 1995 336 2082 gallias
363 2013 458 2084 suas,
495 1998 540 2064 ita
567 1994 656 2083 qnod
690 1995 791 2081 gallia
816 2003 932 2064 nostra
958 1997 1091 2065 minime
1119 1996 1263 2066 evadere

129 2100 270 2184 poterat.
325 2095 366 2162 Et
391 2113 464 2162 cum
498 2112 588 2163 nona
615 2094 667 2162 die
694 2097 966 2182 pervenissemus
993 2102 1070 2163 ante
1098 2097 1263 2166 civilatem

129 2211 242 2262 eorum
269 2193 484 2282 Gradensem
512 2195 765 2281 acquiescentes
793 2195 1171 2270 consilioBartholomei
1197 2213 1263 2265 oo-

128 2293 216 2360 mitis
251 2293 374 2378 Weglc
403 2301 434 2360 et
461 2292 553 2360 Senii
579 2295 635 2380 qui
661 2293 834 2361 nobiscum
861 2295 989 2360 eratin
1016 2294 1135 2382 gallia,
1162 2313 1261 2363 man-

129 2390 280 2460 davimus
303 2398 340 2459 ut
355 2394 437 2480 ipsis
465 2410 524 2480 per
549 2397 684 2460 nostros
712 2392 891 2459 diceretur:
924 2392 1012 2458 Ecce
1037 2393 1167 2476 domiai,
1193 2395 1262 2461 rei-

126 2509 197 2558 mus
223 2491 313 2576 quod
336 2509 451 2558 ananus
464 2495 593 2558 uestras
614 2492 740 2558 minue
753 2507 929 2576 passumus
952 2491 1101 2570 evadne
1123 2491 1265 2576 placeat

126 2589 220 2658 uobis
252 2591 300 2657 od
323 2591 484 2657 deitatem
511 2591 698 2675 praenitere
723 2592 757 2656 et
780 2590 927 2656 tractore
951 2588 1092 2674 partiliter
1117 2606 1178 2656 uos
1202 2607 1261 2656 ue-

127 2688 192 2757 litis
216 2691 382 2774 suscipere
403 2691 437 2755 ira
451 2690 621 2756 credulem.
660 2689 701 2756 El
722 2687 798 2755 dum
819 2706 891 2756 cum
915 2688 963 2755 eis
982 2687 1128 2774 pulchris
1150 2687 1261 2756 verbis

128 2785 355 2878 loquerentur,
371 2805 431 2876 per
447 2787 609 2856 foramina
635 2788 744 2874 gallae
772 2785 953 2854 cecidimus
979 2787 1014 2853 in
1032 2803 1166 2874 paruam
1183 2806 1261 2875 par-

129 2885 225 2954 eham
257 2889 434 2975 piscatoris
468 2905 540 2954 cum
578 2886 667 2955 dicto
700 2885 935 2954 Bartholomeo
969 2891 1002 2953 et
1035 2885 1185 2954 Iohanne
1218 2885 1260 2954 de

124 2983 221 3074 Lipa.
275 2986 317 3054 Et
343 2988 393 3054 sic
419 2989 569 3074 cooperti
604 2986 711 3054 saccis
739 2991 772 3053 et
805 2985 931 3054 retibus
963 2986 1174 3054 transivimus
1201 3003 1261 3074 per

124 3085 254 3170 galleas
283 3103 406 3174 eorum,
436 3090 469 3153 et
493 3087 705 3173 pervenimus
733 3084 775 3152 ad
801 3090 930 3172 portum
957 3085 1042 3151 inter
1067 3082 1258 3154 arundines.

122 3183 166 3253 Et
192 3184 241 3252 sic
266 3202 382 3252 manus
410 3201 524 3252 eorum
551 3183 733 3252 evadentes
761 3185 878 3252 ivimus
894 3181 1000 3272 pedes
1020 3199 1129 3270 usque
1147 3180 1260 3270 Aqui-

122 3282 258 3368 legiam.
302 3282 370 3373 lpsi
385 3300 466 3350 vero
480 3285 735 3370 ¹captivaverunt
756 3283 899 3368 galleam
915 3288 1061 3348 nostram
1078 3298 1152 3349 cum
1171 3283 1261 3350 omni

122 3381 259 3468 familia,
288 3401 384 3470 quam
409 3399 470 3470 per
496 3382 622 3469 aliquot
647 3382 720 3450 dies
748 3387 925 3449 tenuerunt
949 3381 983 3447 in
1008 3381 1197 3468 captivitate
1225 3387 1259 3448 et

121 3483 232 3569 ipsam
259 3481 462 3550 dimiserunt.
502 3481 544 3549 Et
568 3499 641 3548 cum
669 3497 821 3550 essemus
847 3481 883 3547 in
900 3477 1079 3565 Aquilegia
1103 3478 1258 3547 notilica-

120 3583 231 3649 vimus
257 3599 321 3648 nos
347 3581 470 3668 hospiti
495 3586 622 3670 nostro,
651 3583 707 3668 qui
734 3579 876 3648 consilio
900 3578 1040 3646 civitatis
1067 3595 1144 3646 mox
1169 3578 1259 3645 noti-

122 3679 246 3768 ficavit,
275 3681 367 3748 cives
383 3698 464 3748 vero
482 3696 590 3767 usque
607 3678 648 3747 ad
662 3677 846 3768 patriarche
863 3675 1260 3764 noticiamperdnxernnt.

120 3779 314 3848 Patriarcha
350 3797 426 3848 mox
461 3780 625 3848 civitatem
660 3781 832 3866 ingressus
868 3795 942 3846 cum
975 3793 1097 3861 magno
1130 3771 1259 3844 honore

121 3879 204 3946 cleri
230 3882 265 3945 et
289 3880 402 3968 populi
430 3879 600 3966 campanis
627 3879 769 3966 pulsatis
792 3895 855 3945 nos
883 3875 1072 3964 suscipiens
1098 3876 1132 3943 in
1158 3874 1258 3964 pala-

120 3980 209 4046 cium
245 3995 341 4045 suum
375 3975 523 4046 deduxit.
571 3977 613 4044 Et
647 3979 696 4047 sic
733 3995 805 4045 eum
831 3992 954 4062 magno
981 3975 1110 4042 honore
1136 3972 1260 4043 lamilia

117 4081 238 4146 nostra
264 4075 307 4144 ad
334 4094 397 4145 nos
420 4077 462 4146 de
481 4077 670 4165 captivitate
696 4076 922 4165 perveniente,
949 4074 984 4143 in
1005 4077 1091 4140 terra
1110 4078 1171 4140 sua
1196 4091 1258 4161 per

119 4180 268 4264 quatuor
295 4177 496 4264 septimanas
513 4193 577 4245 nos
603 4183 758 4266 traciana,
782 4173 992 4242 confirmatus
1014 4177 1067 4240 est
1084 4171 1260 4242 nobiscum
