<?xml version="1.0" encoding="UTF-8"?>
<!DOCTYPE html PUBLIC "-//W3C//DTD XHTML 1.0 Transitional//EN"
    "http://www.w3.org/TR/xhtml1/DTD/xhtml1-transitional.dtd">
<html xmlns="http://www.w3.org/1999/xhtml" xml:lang="en" lang="en">
 <head>
  <title>
</title>
<meta http-equiv="Content-Type" content="text/html;charset=utf-8" />
  <meta name='ocr-system' content='tesseract 3.04.00' />
  <meta name='ocr-capabilities' content='ocr_page ocr_carea ocr_par ocr_line ocrx_word'/>
</head>
<body>
  <div class='ocr_page' id='page_1' title='image "./fontesrerumgerm02hubegoog_0492.png"; bbox 0 0 3028 4878; ppageno 0'>
   <div class='ocr_carea' id='block_1_1' title="bbox 442 187 1261 281">
    <p class='ocr_par' dir='ltr' id='par_1_1' title="bbox 442 187 1261 281">
     <span class='ocr_line' id='line_1_1' title="bbox 442 187 1261 281; baseline -0.011 -19"><span class='ocrx_word' id='word_1_1' title='bbox 442 217 591 264; x_wconf 80' lang='lat' dir='ltr'>iomannes</span> <span class='ocrx_word' id='word_1_2' title='bbox 611 215 826 263; x_wconf 86' lang='lat' dir='ltr'>rrcroanrrrsrs.</span> <span class='ocrx_word' id='word_1_3' title='bbox 864 213 948 281; x_wconf 82' lang='lat'>6,12.</span> <span class='ocrx_word' id='word_1_4' title='bbox 1189 187 1261 254; x_wconf 78' lang='lat' dir='ltr'>lbi</span> 
     </span>
    </p>
   </div>
   <div class='ocr_carea' id='block_1_2' title="bbox 120 349 1366 4000">
    <p class='ocr_par' dir='ltr' id='par_1_2' title="bbox 120 349 1366 1727">
     <span class='ocr_line' id='line_1_2' title="bbox 121 349 1366 446; baseline -0.001 -20"><span class='ocrx_word' id='word_1_5' title='bbox 121 363 243 426; x_wconf 91' lang='lat' dir='ltr'>terram</span> <span class='ocrx_word' id='word_1_6' title='bbox 260 354 482 443; x_wconf 69' lang='lat' dir='ltr'>tyrolensem</span> <span class='ocrx_word' id='word_1_7' title='bbox 501 371 610 423; x_wconf 90' lang='lat' dir='ltr'>novos</span> <span class='ocrx_word' id='word_1_8' title='bbox 627 370 810 442; x_wconf 82' lang='lat' dir='ltr'><strong>processus</strong></span> <span class='ocrx_word' id='word_1_9' title='bbox 832 354 991 446; x_wconf 83' lang='lat' dir='ltr'>condidit,</span> <span class='ocrx_word' id='word_1_10' title='bbox 1018 361 1052 422; x_wconf 91' lang='lat' dir='ltr'>et</span> <span class='ocrx_word' id='word_1_11' title='bbox 1077 356 1263 444; x_wconf 72' lang='lat' dir='ltr'>patriarche</span> <span class='ocrx_word' id='word_1_12' title='bbox 1279 363 1346 416; x_wconf 63' lang='lat'>1343</span> <span class='ocrx_word' id='word_1_13' title='bbox 1361 349 1366 360; x_wconf 80' lang='grc'><strong>’</strong></span> 
     </span>
     <span class='ocr_line' id='line_1_3' title="bbox 120 452 1264 546; baseline -0.002 -20"><span class='ocrx_word' id='word_1_14' title='bbox 120 454 344 546; x_wconf 90' lang='lat' dir='ltr'>publicandos</span> <span class='ocrx_word' id='word_1_15' title='bbox 380 452 603 522; x_wconf 87' lang='lat' dir='ltr'>demandavit.</span> <span class='ocrx_word' id='word_1_16' title='bbox 645 452 803 522; x_wconf 77' lang='lat' dir='ltr'>Similiter</span> <span class='ocrx_word' id='word_1_17' title='bbox 828 461 945 522; x_wconf 90' lang='lat' dir='ltr'>contra</span> <span class='ocrx_word' id='word_1_18' title='bbox 970 453 1205 545; x_wconf 87' lang='lat' dir='ltr'>Ludewicum,</span> <span class='ocrx_word' id='word_1_19' title='bbox 1235 458 1264 524; x_wconf 93' lang='lat' dir='ltr'>si</span> 
     </span>
     <span class='ocr_line' id='line_1_4' title="bbox 121 551 1262 644; baseline -0.002 -20"><span class='ocrx_word' id='word_1_20' title='bbox 121 555 229 644; x_wconf 89' lang='lat' dir='ltr'>ceptis</span> <span class='ocrx_word' id='word_1_21' title='bbox 257 571 325 622; x_wconf 92' lang='lat' dir='ltr'>non</span> <span class='ocrx_word' id='word_1_22' title='bbox 352 551 541 642; x_wconf 89' lang='lat' dir='ltr'>desisteret,</span> <span class='ocrx_word' id='word_1_23' title='bbox 569 553 751 620; x_wconf 90' lang='lat' dir='ltr'>etmonitis</span> <span class='ocrx_word' id='word_1_24' title='bbox 779 552 979 622; x_wconf 90' lang='lat' dir='ltr'>salutaribus</span> <span class='ocrx_word' id='word_1_25' title='bbox 1006 572 1074 621; x_wconf 96' lang='lat' dir='ltr'>non</span> <span class='ocrx_word' id='word_1_26' title='bbox 1100 554 1262 622; x_wconf 91' lang='lat' dir='ltr'>intende-</span> 
     </span>
     <span class='ocr_line' id='line_1_5' title="bbox 123 651 1265 743; baseline 0 -23"><span class='ocrx_word' id='word_1_27' title='bbox 123 659 194 743; x_wconf 89' lang='lat' dir='ltr'>ret,</span> <span class='ocrx_word' id='word_1_28' title='bbox 229 670 289 741; x_wconf 91' lang='lat' dir='ltr'>per</span> <span class='ocrx_word' id='word_1_29' title='bbox 314 652 504 740; x_wconf 91' lang='lat' dir='ltr'>provincias</span> <span class='ocrx_word' id='word_1_30' title='bbox 536 651 685 718; x_wconf 91' lang='lat' dir='ltr'>locorum</span> <span class='ocrx_word' id='word_1_31' title='bbox 719 657 753 719; x_wconf 88' lang='lat' dir='ltr'>et</span> <span class='ocrx_word' id='word_1_32' title='bbox 786 651 1001 720; x_wconf 90' lang='lat' dir='ltr'>ccclesiamm</span> <span class='ocrx_word' id='word_1_33' title='bbox 1034 653 1265 741; x_wconf 78' lang='lat' dir='ltr'>principalium</span> 
     </span>
     <span class='ocr_line' id='line_1_6' title="bbox 121 748 1265 839; baseline -0.002 -18"><span class='ocrx_word' id='word_1_34' title='bbox 121 751 270 839; x_wconf 88' lang='lat' dir='ltr'>undique</span> <span class='ocrx_word' id='word_1_35' title='bbox 297 751 413 818; x_wconf 89' lang='lat' dir='ltr'>statuit</span> <span class='ocrx_word' id='word_1_36' title='bbox 438 748 697 838; x_wconf 88' lang='lat' dir='ltr'>procedendum.</span> <span class='ocrx_word' id='word_1_37' title='bbox 732 749 831 831; x_wconf 86' lang='lat' dir='ltr'>Quod</span> <span class='ocrx_word' id='word_1_38' title='bbox 855 748 1012 819; x_wconf 85' lang='lat' dir='ltr'>Albertus</span> <span class='ocrx_word' id='word_1_39' title='bbox 1039 750 1107 819; x_wconf 87' lang='lat' dir='ltr'>dux</span> <span class='ocrx_word' id='word_1_40' title='bbox 1131 752 1166 819; x_wconf 95' lang='lat' dir='ltr'>in</span> <span class='ocrx_word' id='word_1_41' title='bbox 1193 753 1265 820; x_wconf 89' lang='lat' dir='ltr'>suis</span> 
     </span>
     <span class='ocr_line' id='line_1_7' title="bbox 123 847 1265 939; baseline -0.002 -20"><span class='ocrx_word' id='word_1_42' title='bbox 123 851 194 919; x_wconf 86' lang='lat' dir='ltr'>heri</span> <span class='ocrx_word' id='word_1_43' title='bbox 221 849 426 918; x_wconf 86' lang='lat' dir='ltr'>districtibus</span> <span class='ocrx_word' id='word_1_44' title='bbox 453 849 645 916; x_wconf 77' lang='lat' dir='ltr'>nullatenus</span> <span class='ocrx_word' id='word_1_45' title='bbox 672 847 792 916; x_wconf 89' lang='lat' dir='ltr'>dicitur</span> <span class='ocrx_word' id='word_1_46' title='bbox 817 848 1006 939; x_wconf 82' lang='lat' dir='ltr'>admisisse,</span> <span class='ocrx_word' id='word_1_47' title='bbox 1035 867 1132 936; x_wconf 87' lang='lat' dir='ltr'>quem</span> <span class='ocrx_word' id='word_1_48' title='bbox 1150 849 1265 918; x_wconf 89' lang='lat' dir='ltr'>Lude·</span> 
     </span>
     <span class='ocr_line' id='line_1_8' title="bbox 121 941 1265 1039; baseline -0.002 -21"><span class='ocrx_word' id='word_1_49' title='bbox 121 952 229 1018; x_wconf 87' lang='lat' dir='ltr'>wicus</span> <span class='ocrx_word' id='word_1_50' title='bbox 267 949 334 1016; x_wconf 92' lang='lat' dir='ltr'>miti</span> <span class='ocrx_word' id='word_1_51' title='bbox 369 947 515 1034; x_wconf 88' lang='lat' dir='ltr'>quodam</span> <span class='ocrx_word' id='word_1_52' title='bbox 549 941 725 1035; x_wconf 87' lang='lat' dir='ltr'>dialogo¹,</span> <span class='ocrx_word' id='word_1_53' title='bbox 760 965 858 1034; x_wconf 89' lang='lat' dir='ltr'>quem</span> <span class='ocrx_word' id='word_1_54' title='bbox 892 948 1089 1039; x_wconf 89' lang='lat' dir='ltr'>Wilhelmus</span> <span class='ocrx_word' id='word_1_55' title='bbox 1124 945 1265 1038; x_wconf 84' lang='lat' dir='ltr'>Olrlram,</span> 
     </span>
     <span class='ocr_line' id='line_1_9' title="bbox 123 1043 1265 1136; baseline -0.002 -20"><span class='ocrx_word' id='word_1_56' title='bbox 123 1047 252 1116; x_wconf 84' lang='lat' dir='ltr'>ordinis</span> <span class='ocrx_word' id='word_1_57' title='bbox 285 1046 470 1136; x_wconf 83' lang='lat' dir='ltr'>Minorem,</span> <span class='ocrx_word' id='word_1_58' title='bbox 504 1043 646 1132; x_wconf 88' lang='lat' dir='ltr'>Anglioe</span> <span class='ocrx_word' id='word_1_59' title='bbox 673 1046 837 1130; x_wconf 86' lang='lat' dir='ltr'>nationis,</span> <span class='ocrx_word' id='word_1_60' title='bbox 864 1044 907 1116; x_wconf 90' lang='lat' dir='ltr'>de</span> <span class='ocrx_word' id='word_1_61' title='bbox 941 1046 1084 1116; x_wconf 89' lang='lat' dir='ltr'>diversis</span> <span class='ocrx_word' id='word_1_62' title='bbox 1118 1049 1265 1116; x_wconf 86' lang='lat' dir='ltr'>materiis</span> 
     </span>
     <span class='ocr_line' id='line_1_10' title="bbox 124 1142 1265 1236; baseline -0.001 -21"><span class='ocrx_word' id='word_1_63' title='bbox 124 1153 157 1215; x_wconf 90' lang='lat' dir='ltr'>ct</span> <span class='ocrx_word' id='word_1_64' title='bbox 176 1147 366 1236; x_wconf 90' lang='lat' dir='ltr'>sententiis,</span> <span class='ocrx_word' id='word_1_65' title='bbox 388 1144 451 1212; x_wconf 95' lang='lat' dir='ltr'>sub</span> <span class='ocrx_word' id='word_1_66' title='bbox 472 1144 577 1213; x_wconf 89' lang='lat' dir='ltr'>lorma</span> <span class='ocrx_word' id='word_1_67' title='bbox 597 1142 751 1232; x_wconf 88' lang='lat' dir='ltr'>discipuli</span> <span class='ocrx_word' id='word_1_68' title='bbox 778 1147 949 1231; x_wconf 79' lang='lat' dir='ltr'>querentis</span> <span class='ocrx_word' id='word_1_69' title='bbox 976 1152 1010 1214; x_wconf 93' lang='lat' dir='ltr'>et</span> <span class='ocrx_word' id='word_1_70' title='bbox 1035 1148 1184 1232; x_wconf 78' lang='lat' dir='ltr'>magistri</span> <span class='ocrx_word' id='word_1_71' title='bbox 1210 1164 1265 1214; x_wconf 92' lang='lat' dir='ltr'>re·</span> 
     </span>
     <span class='ocr_line' id='line_1_11' title="bbox 123 1241 1266 1335; baseline 0 -22"><span class='ocrx_word' id='word_1_72' title='bbox 123 1244 343 1335; x_wconf 90' lang='lat' dir='ltr'>spondentis,</span> <span class='ocrx_word' id='word_1_73' title='bbox 380 1241 493 1312; x_wconf 89' lang='lat' dir='ltr'>edidit.</span> <span class='ocrx_word' id='word_1_74' title='bbox 535 1242 641 1324; x_wconf 83' lang='lat' dir='ltr'>Quem</span> <span class='ocrx_word' id='word_1_75' title='bbox 679 1243 790 1312; x_wconf 90' lang='lat' dir='ltr'>divisit</span> <span class='ocrx_word' id='word_1_76' title='bbox 821 1246 855 1312; x_wconf 92' lang='lat' dir='ltr'>in</span> <span class='ocrx_word' id='word_1_77' title='bbox 893 1251 962 1313; x_wconf 88' lang='lat' dir='ltr'>tres</span> <span class='ocrx_word' id='word_1_78' title='bbox 996 1251 1120 1333; x_wconf 89' lang='lat' dir='ltr'>partes.</span> <span class='ocrx_word' id='word_1_79' title='bbox 1161 1246 1266 1314; x_wconf 86' lang='lat' dir='ltr'>Prima</span> 
     </span>
     <span class='ocr_line' id='line_1_12' title="bbox 124 1341 1265 1433; baseline -0.002 -19"><span class='ocrx_word' id='word_1_80' title='bbox 124 1350 245 1414; x_wconf 91' lang='lat' dir='ltr'>tractat</span> <span class='ocrx_word' id='word_1_81' title='bbox 271 1342 313 1411; x_wconf 92' lang='lat' dir='ltr'>de</span> <span class='ocrx_word' id='word_1_82' title='bbox 339 1343 506 1432; x_wconf 86' lang='lat' dir='ltr'>hereticis,</span> <span class='ocrx_word' id='word_1_83' title='bbox 534 1343 682 1411; x_wconf 89' lang='lat' dir='ltr'>secunda</span> <span class='ocrx_word' id='word_1_84' title='bbox 709 1341 751 1410; x_wconf 91' lang='lat' dir='ltr'>de</span> <span class='ocrx_word' id='word_1_85' title='bbox 768 1342 983 1430; x_wconf 80' lang='lat' dir='ltr'>dogmatibus</span> <span class='ocrx_word' id='word_1_86' title='bbox 1004 1344 1162 1412; x_wconf 87' lang='lat' dir='ltr'>lobannis</span> <span class='ocrx_word' id='word_1_87' title='bbox 1178 1361 1265 1433; x_wconf 89' lang='lat' dir='ltr'>pape</span> 
     </span>
     <span class='ocr_line' id='line_1_13' title="bbox 125 1438 1265 1530; baseline -0.002 -18"><span class='ocrx_word' id='word_1_88' title='bbox 125 1443 278 1512; x_wconf 87' lang='lat' dir='ltr'>vicesimi</span> <span class='ocrx_word' id='word_1_89' title='bbox 304 1440 454 1530; x_wconf 92' lang='lat' dir='ltr'>secundi,</span> <span class='ocrx_word' id='word_1_90' title='bbox 482 1442 578 1508; x_wconf 89' lang='lat' dir='ltr'>tertia</span> <span class='ocrx_word' id='word_1_91' title='bbox 601 1438 644 1508; x_wconf 94' lang='lat' dir='ltr'>de</span> <span class='ocrx_word' id='word_1_92' title='bbox 664 1442 782 1526; x_wconf 85' lang='lat' dir='ltr'>gestis.</span> <span class='ocrx_word' id='word_1_93' title='bbox 800 1443 893 1509; x_wconf 80' lang='lat' dir='ltr'>circa·</span> <span class='ocrx_word' id='word_1_94' title='bbox 914 1441 1011 1510; x_wconf 89' lang='lat' dir='ltr'>hdcm</span> <span class='ocrx_word' id='word_1_95' title='bbox 1038 1444 1265 1513; x_wconf 87' lang='lat' dir='ltr'>altercantium</span> 
     </span>
     <span class='ocr_line' id='line_1_14' title="bbox 126 1538 1265 1626; baseline -0.003 -15"><span class='ocrx_word' id='word_1_96' title='bbox 126 1540 359 1612; x_wconf 86' lang='lat' dir='ltr'>orthodoxam.</span> <span class='ocrx_word' id='word_1_97' title='bbox 391 1538 455 1620; x_wconf 80' lang='lat' dir='ltr'>Qui</span> <span class='ocrx_word' id='word_1_98' title='bbox 471 1539 570 1608; x_wconf 91' lang='lat' dir='ltr'>etiam</span> <span class='ocrx_word' id='word_1_99' title='bbox 592 1539 720 1626; x_wconf 90' lang='lat' dir='ltr'>regulis</span> <span class='ocrx_word' id='word_1_100' title='bbox 739 1541 817 1608; x_wconf 92' lang='lat' dir='ltr'>artis</span> <span class='ocrx_word' id='word_1_101' title='bbox 838 1540 924 1609; x_wconf 91' lang='lat' dir='ltr'>loice</span> <span class='ocrx_word' id='word_1_102' title='bbox 942 1541 1159 1610; x_wconf 90' lang='lat' dir='ltr'>subtilissima</span> <span class='ocrx_word' id='word_1_103' title='bbox 1175 1541 1265 1609; x_wconf 91' lang='lat' dir='ltr'>mul-</span> 
     </span>
     <span class='ocr_line' id='line_1_15' title="bbox 124 1639 605 1727; baseline -0.01 -17"><span class='ocrx_word' id='word_1_104' title='bbox 124 1647 232 1710; x_wconf 89' lang='lat' dir='ltr'>tomm</span> <span class='ocrx_word' id='word_1_105' title='bbox 258 1640 395 1726; x_wconf 90' lang='lat' dir='ltr'>ingenia</span> <span class='ocrx_word' id='word_1_106' title='bbox 421 1639 605 1727; x_wconf 88' lang='lat' dir='ltr'>occupavit.</span> 
     </span>
    </p>

    <p class='ocr_par' dir='ltr' id='par_1_3' title="bbox 125 1735 1342 3210">
     <span class='ocr_line' id='line_1_16' title="bbox 203 1735 1342 1828; baseline -0.002 -22"><span class='ocrx_word' id='word_1_107' title='bbox 203 1738 278 1808; x_wconf 92' lang='lat' dir='ltr'>Hoc</span> <span class='ocrx_word' id='word_1_108' title='bbox 295 1755 385 1806; x_wconf 90' lang='lat' dir='ltr'>anuo</span> <span class='ocrx_word' id='word_1_109' title='bbox 402 1739 539 1806; x_wconf 93' lang='lat' dir='ltr'>moritur</span> <span class='ocrx_word' id='word_1_110' title='bbox 553 1735 718 1825; x_wconf 82' lang='lat' dir='ltr'>hupertus</span> <span class='ocrx_word' id='word_1_111' title='bbox 733 1756 792 1805; x_wconf 87' lang='lat' dir='ltr'>rex</span> <span class='ocrx_word' id='word_1_112' title='bbox 810 1735 932 1826; x_wconf 89' lang='lat' dir='ltr'>Sicilie,</span> <span class='ocrx_word' id='word_1_113' title='bbox 948 1741 1097 1825; x_wconf 89' lang='lat' dir='ltr'>tempore</span> <span class='ocrx_word' id='word_1_114' title='bbox 1115 1738 1265 1828; x_wconf 90' lang='lat' dir='ltr'>ianuarii,</span> <span class='ocrx_word' id='word_1_115' title='bbox 1288 1754 1342 1794; x_wconf 75' lang='lat' dir='ltr'>or·</span> 
     </span>
     <span class='ocr_line' id='line_1_17' title="bbox 127 1805 1331 1926; baseline -0.002 -19"><span class='ocrx_word' id='word_1_116' title='bbox 127 1838 213 1909; x_wconf 90' lang='lat' dir='ltr'>duas</span> <span class='ocrx_word' id='word_1_117' title='bbox 236 1837 429 1925; x_wconf 87' lang='lat' dir='ltr'>relinquens</span> <span class='ocrx_word' id='word_1_118' title='bbox 448 1836 545 1905; x_wconf 89' lang='lat' dir='ltr'>lilius.</span> <span class='ocrx_word' id='word_1_119' title='bbox 578 1835 724 1917; x_wconf 84' lang='lat' dir='ltr'>Quarum</span> <span class='ocrx_word' id='word_1_120' title='bbox 749 1854 817 1905; x_wconf 90' lang='lat' dir='ltr'>una</span> <span class='ocrx_word' id='word_1_121' title='bbox 842 1837 957 1924; x_wconf 92' lang='lat' dir='ltr'>nupsit</span> <span class='ocrx_word' id='word_1_122' title='bbox 979 1832 1124 1926; x_wconf 84' lang='lat' dir='ltr'>Andree,</span> <span class='ocrx_word' id='word_1_123' title='bbox 1144 1837 1266 1922; x_wconf 85' lang='lat' dir='ltr'>Unge-</span> <span class='ocrx_word' id='word_1_124' title='bbox 1299 1805 1331 1858; x_wconf 78' lang='lat'>¹⁹</span> 
     </span>
     <span class='ocr_line' id='line_1_18' title="bbox 126 1934 1266 2024; baseline -0.002 -18"><span class='ocrx_word' id='word_1_125' title='bbox 126 1955 238 2006; x_wconf 90' lang='lat' dir='ltr'>rorum</span> <span class='ocrx_word' id='word_1_126' title='bbox 256 1934 424 2024; x_wconf 83' lang='lat' dir='ltr'>quondam</span> <span class='ocrx_word' id='word_1_127' title='bbox 446 1934 559 2004; x_wconf 91' lang='lat' dir='ltr'>llaroli</span> <span class='ocrx_word' id='word_1_128' title='bbox 574 1935 665 2021; x_wconf 90' lang='lat' dir='ltr'>regis</span> <span class='ocrx_word' id='word_1_129' title='bbox 683 1935 762 2024; x_wconf 86' lang='lat' dir='ltr'>filio,</span> <span class='ocrx_word' id='word_1_130' title='bbox 789 1951 887 2022; x_wconf 84' lang='lat' dir='ltr'>quem</span> <span class='ocrx_word' id='word_1_131' title='bbox 902 1940 978 2022; x_wconf 91' lang='lat' dir='ltr'>post</span> <span class='ocrx_word' id='word_1_132' title='bbox 997 1951 1035 2002; x_wconf 90' lang='lat' dir='ltr'>se</span> <span class='ocrx_word' id='word_1_133' title='bbox 1052 1942 1266 2022; x_wconf 89' lang='lat' dir='ltr'>regnaturum</span> 
     </span>
     <span class='ocr_line' id='line_1_19' title="bbox 128 2032 1265 2124; baseline -0.003 -19"><span class='ocrx_word' id='word_1_134' title='bbox 128 2035 339 2122; x_wconf 81' lang='lat' dir='ltr'>designavit3</span> <span class='ocrx_word' id='word_1_135' title='bbox 367 2033 471 2103; x_wconf 86' lang='lat' dir='ltr'>altera</span> <span class='ocrx_word' id='word_1_136' title='bbox 498 2051 584 2121; x_wconf 86' lang='lat' dir='ltr'>eque</span> <span class='ocrx_word' id='word_1_137' title='bbox 610 2035 682 2103; x_wconf 90' lang='lat' dir='ltr'>viro</span> <span class='ocrx_word' id='word_1_138' title='bbox 708 2032 828 2102; x_wconf 88' lang='lat' dir='ltr'>tradita</span> <span class='ocrx_word' id='word_1_139' title='bbox 854 2033 957 2101; x_wconf 92' lang='lat' dir='ltr'>nobili</span> <span class='ocrx_word' id='word_1_140' title='bbox 981 2038 1014 2101; x_wconf 91' lang='lat' dir='ltr'>ot</span> <span class='ocrx_word' id='word_1_141' title='bbox 1038 2036 1168 2123; x_wconf 89' lang='lat' dir='ltr'>potenti</span> <span class='ocrx_word' id='word_1_142' title='bbox 1194 2034 1265 2124; x_wconf 88' lang='lat' dir='ltr'>luit,</span> 
     </span>
     <span class='ocr_line' id='line_1_20' title="bbox 127 2132 1266 2223; baseline 0 -21"><span class='ocrx_word' id='word_1_143' title='bbox 127 2137 185 2223; x_wconf 88' lang='lat' dir='ltr'>qui</span> <span class='ocrx_word' id='word_1_144' title='bbox 209 2151 349 2220; x_wconf 89' lang='lat' dir='ltr'>regnum</span> <span class='ocrx_word' id='word_1_145' title='bbox 374 2135 502 2203; x_wconf 92' lang='lat' dir='ltr'>ratione</span> <span class='ocrx_word' id='word_1_146' title='bbox 519 2132 668 2218; x_wconf 90' lang='lat' dir='ltr'>coniugii</span> <span class='ocrx_word' id='word_1_147' title='bbox 687 2133 836 2201; x_wconf 92' lang='lat' dir='ltr'>similiter</span> <span class='ocrx_word' id='word_1_148' title='bbox 854 2133 1037 2220; x_wconf 83' lang='lat' dir='ltr'>usurpavit</span> <span class='ocrx_word' id='word_1_149' title='bbox 1071 2133 1180 2202; x_wconf 87' lang='lat' dir='ltr'>blaten</span> <span class='ocrx_word' id='word_1_150' title='bbox 1198 2153 1266 2202; x_wconf 85' lang='lat' dir='ltr'>au-</span> 
     </span>
     <span class='ocr_line' id='line_1_21' title="bbox 125 2230 1266 2321; baseline -0.003 -19"><span class='ocrx_word' id='word_1_151' title='bbox 125 2238 193 2302; x_wconf 90' lang='lat' dir='ltr'>tern</span> <span class='ocrx_word' id='word_1_152' title='bbox 206 2230 340 2300; x_wconf 87' lang='lat' dir='ltr'>Andree</span> <span class='ocrx_word' id='word_1_153' title='bbox 362 2231 598 2319; x_wconf 78' lang='lat' dir='ltr'>transfretavit,</span> <span class='ocrx_word' id='word_1_154' title='bbox 625 2237 739 2300; x_wconf 85' lang='lat' dir='ltr'>actura</span> <span class='ocrx_word' id='word_1_155' title='bbox 763 2237 800 2300; x_wconf 90' lang='lat' dir='ltr'>ut</span> <span class='ocrx_word' id='word_1_156' title='bbox 816 2231 884 2299; x_wconf 91' lang='lat' dir='ltr'>lilio</span> <span class='ocrx_word' id='word_1_157' title='bbox 911 2248 973 2300; x_wconf 91' lang='lat' dir='ltr'>suo</span> <span class='ocrx_word' id='word_1_158' title='bbox 1000 2249 1157 2300; x_wconf 91' lang='lat' dir='ltr'>coronam</span> <span class='ocrx_word' id='word_1_159' title='bbox 1176 2230 1266 2321; x_wconf 91' lang='lat' dir='ltr'>apud</span> 
     </span>
     <span class='ocr_line' id='line_1_22' title="bbox 125 2321 1266 2419; baseline 0 -19"><span class='ocrx_word' id='word_1_160' title='bbox 125 2349 289 2401; x_wconf 90' lang='lat' dir='ltr'>summum</span> <span class='ocrx_word' id='word_1_161' title='bbox 321 2321 533 2419; x_wconf 85' lang='lat' dir='ltr'>pontificem²</span> <span class='ocrx_word' id='word_1_162' title='bbox 565 2328 739 2409; x_wconf 85' lang='lat' dir='ltr'>obtineret.</span> <span class='ocrx_word' id='word_1_163' title='bbox 779 2329 918 2398; x_wconf 89' lang='lat' dir='ltr'>Moritur</span> <span class='ocrx_word' id='word_1_164' title='bbox 952 2335 985 2397; x_wconf 90' lang='lat' dir='ltr'>et</span> <span class='ocrx_word' id='word_1_165' title='bbox 1016 2329 1081 2399; x_wconf 91' lang='lat' dir='ltr'>boc</span> <span class='ocrx_word' id='word_1_166' title='bbox 1116 2336 1266 2419; x_wconf 90' lang='lat' dir='ltr'>tempore</span> 
     </span>
     <span class='ocr_line' id='line_1_23' title="bbox 125 2419 1267 2519; baseline -0.003 -19"><span class='ocrx_word' id='word_1_167' title='bbox 125 2431 243 2500; x_wconf 85' lang='lat' dir='ltr'>Petms</span> <span class='ocrx_word' id='word_1_168' title='bbox 269 2447 328 2499; x_wconf 84' lang='lat' dir='ltr'>rex</span> <span class='ocrx_word' id='word_1_169' title='bbox 355 2429 466 2498; x_wconf 91' lang='lat' dir='ltr'>Sicilie</span> <span class='ocrx_word' id='word_1_170' title='bbox 475 2419 498 2519; x_wconf 84' lang='lat'>³,</span> <span class='ocrx_word' id='word_1_171' title='bbox 525 2430 579 2497; x_wconf 90' lang='lat' dir='ltr'>oui</span> <span class='ocrx_word' id='word_1_172' title='bbox 609 2427 761 2497; x_wconf 86' lang='lat' dir='ltr'>succedit</span> <span class='ocrx_word' id='word_1_173' title='bbox 786 2427 873 2497; x_wconf 89' lang='lat' dir='ltr'>lilius</span> <span class='ocrx_word' id='word_1_174' title='bbox 901 2445 983 2497; x_wconf 93' lang='lat' dir='ltr'>suus</span> <span class='ocrx_word' id='word_1_175' title='bbox 1011 2431 1140 2519; x_wconf 91' lang='lat' dir='ltr'>senior,</span> <span class='ocrx_word' id='word_1_176' title='bbox 1167 2435 1267 2498; x_wconf 88' lang='lat' dir='ltr'>natus</span> 
     </span>
     <span class='ocr_line' id='line_1_24' title="bbox 131 2525 1267 2615; baseline -0.002 -17"><span class='ocrx_word' id='word_1_177' title='bbox 131 2548 174 2598; x_wconf 88' lang='lat' dir='ltr'>ex</span> <span class='ocrx_word' id='word_1_178' title='bbox 201 2527 268 2598; x_wconf 84' lang='lat' dir='ltr'>ilia</span> <span class='ocrx_word' id='word_1_179' title='bbox 293 2526 427 2598; x_wconf 89' lang='lat' dir='ltr'>Ottonls</span> <span class='ocrx_word' id='word_1_180' title='bbox 462 2527 557 2596; x_wconf 92' lang='lat' dir='ltr'>ducis</span> <span class='ocrx_word' id='word_1_181' title='bbox 583 2526 764 2595; x_wconf 85' lang='lat' dir='ltr'>llarinthie.</span> <span class='ocrx_word' id='word_1_182' title='bbox 803 2525 890 2595; x_wconf 86' lang='lat' dir='ltr'>Huic</span> <span class='ocrx_word' id='word_1_183' title='bbox 917 2543 1023 2612; x_wconf 85' lang='lat' dir='ltr'>regno</span> <span class='ocrx_word' id='word_1_184' title='bbox 1049 2533 1186 2615; x_wconf 89' lang='lat' dir='ltr'>propter</span> <span class='ocrx_word' id='word_1_185' title='bbox 1209 2530 1267 2596; x_wconf 94' lang='lat' dir='ltr'>in-</span> 
     </span>
     <span class='ocr_line' id='line_1_25' title="bbox 128 2624 1267 2716; baseline -0.002 -20"><span class='ocrx_word' id='word_1_186' title='bbox 128 2627 318 2696; x_wconf 85' lang='lat' dir='ltr'>habitantes</span> <span class='ocrx_word' id='word_1_187' title='bbox 337 2628 516 2716; x_wconf 84' lang='lat' dir='ltr'>principes,</span> <span class='ocrx_word' id='word_1_188' title='bbox 543 2626 631 2694; x_wconf 91' lang='lat' dir='ltr'>sicut</span> <span class='ocrx_word' id='word_1_189' title='bbox 653 2626 852 2712; x_wconf 87' lang='lat' dir='ltr'>abantiquo</span> <span class='ocrx_word' id='word_1_190' title='bbox 873 2643 916 2692; x_wconf 89' lang='lat' dir='ltr'>ex</span> <span class='ocrx_word' id='word_1_191' title='bbox 936 2624 1093 2694; x_wconf 84' lang='lat' dir='ltr'>Friderici</span> <span class='ocrx_word' id='word_1_192' title='bbox 1113 2633 1147 2693; x_wconf 90' lang='lat' dir='ltr'>et</span> <span class='ocrx_word' id='word_1_193' title='bbox 1163 2625 1267 2694; x_wconf 88' lang='lat' dir='ltr'>blen-</span> 
     </span>
     <span class='ocr_line' id='line_1_26' title="bbox 129 2721 1269 2816; baseline -0.001 -22"><span class='ocrx_word' id='word_1_194' title='bbox 129 2724 204 2794; x_wconf 89' lang='lat' dir='ltr'>iridi</span> <span class='ocrx_word' id='word_1_195' title='bbox 237 2726 461 2816; x_wconf 88' lang='lat' dir='ltr'>tenporibus,</span> <span class='ocrx_word' id='word_1_196' title='bbox 488 2731 666 2813; x_wconf 86' lang='lat' dir='ltr'>postquam</span> <span class='ocrx_word' id='word_1_197' title='bbox 700 2721 879 2810; x_wconf 86' lang='lat' dir='ltr'>Arragonii</span> <span class='ocrx_word' id='word_1_198' title='bbox 911 2722 998 2790; x_wconf 89' lang='lat' dir='ltr'>idem</span> <span class='ocrx_word' id='word_1_199' title='bbox 1024 2741 1163 2810; x_wconf 90' lang='lat' dir='ltr'>regnum</span> <span class='ocrx_word' id='word_1_200' title='bbox 1190 2731 1269 2813; x_wconf 91' lang='lat' dir='ltr'>post</span> 
     </span>
     <span class='ocr_line' id='line_1_27' title="bbox 127 2821 1268 2913; baseline -0.002 -20"><span class='ocrx_word' id='word_1_201' title='bbox 127 2821 286 2894; x_wconf 86' lang='lat' dir='ltr'>llarolum</span> <span class='ocrx_word' id='word_1_202' title='bbox 309 2825 546 2894; x_wconf 88' lang='lat' dir='ltr'>Provincialem</span> <span class='ocrx_word' id='word_1_203' title='bbox 570 2822 794 2913; x_wconf 90' lang='lat' dir='ltr'>obtinuerunt,</span> <span class='ocrx_word' id='word_1_204' title='bbox 822 2839 975 2890; x_wconf 89' lang='lat' dir='ltr'>aversum</span> <span class='ocrx_word' id='word_1_205' title='bbox 1000 2821 1100 2892; x_wconf 90' lang='lat' dir='ltr'>sedes</span> <span class='ocrx_word' id='word_1_206' title='bbox 1123 2830 1268 2911; x_wconf 89' lang='lat' dir='ltr'>aposto·</span> 
     </span>
     <span class='ocr_line' id='line_1_28' title="bbox 129 2921 1267 3012; baseline -0.001 -21"><span class='ocrx_word' id='word_1_207' title='bbox 129 2924 197 2993; x_wconf 88' lang='lat' dir='ltr'>lica</span> <span class='ocrx_word' id='word_1_208' title='bbox 220 2923 347 2994; x_wconf 88' lang='lat' dir='ltr'>vultum</span> <span class='ocrx_word' id='word_1_209' title='bbox 374 2924 476 3010; x_wconf 90' lang='lat' dir='ltr'>gerit;</span> <span class='ocrx_word' id='word_1_210' title='bbox 503 2921 601 2990; x_wconf 92' lang='lat' dir='ltr'>ambo</span> <span class='ocrx_word' id='word_1_211' title='bbox 627 2927 738 2990; x_wconf 89' lang='lat' dir='ltr'>tamen</span> <span class='ocrx_word' id='word_1_212' title='bbox 763 2922 944 3011; x_wconf 79' lang='lat' dir='ltr'>prinoipeS,</span> <span class='ocrx_word' id='word_1_213' title='bbox 971 2939 1058 2990; x_wconf 93' lang='lat' dir='ltr'>unus</span> <span class='ocrx_word' id='word_1_214' title='bbox 1083 2923 1117 2990; x_wconf 94' lang='lat' dir='ltr'>in</span> <span class='ocrx_word' id='word_1_215' title='bbox 1144 2922 1267 3012; x_wconf 88' lang='lat' dir='ltr'>Sicilia,</span> 
     </span>
     <span class='ocr_line' id='line_1_29' title="bbox 128 3019 1269 3110; baseline -0.001 -18"><span class='ocrx_word' id='word_1_216' title='bbox 128 3023 215 3092; x_wconf 86' lang='lat' dir='ltr'>alter</span> <span class='ocrx_word' id='word_1_217' title='bbox 231 3023 266 3090; x_wconf 93' lang='lat' dir='ltr'>in</span> <span class='ocrx_word' id='word_1_218' title='bbox 279 3019 403 3110; x_wconf 84' lang='lat' dir='ltr'>Apulia</span> <span class='ocrx_word' id='word_1_219' title='bbox 420 3027 453 3089; x_wconf 91' lang='lat' dir='ltr'>et</span> <span class='ocrx_word' id='word_1_220' title='bbox 472 3021 637 3110; x_wconf 88' lang='lat' dir='ltr'>llalabria,</span> <span class='ocrx_word' id='word_1_221' title='bbox 663 3021 759 3090; x_wconf 89' lang='lat' dir='ltr'>titulo</span> <span class='ocrx_word' id='word_1_222' title='bbox 786 3036 963 3107; x_wconf 88' lang='lat' dir='ltr'>regnomm</span> <span class='ocrx_word' id='word_1_223' title='bbox 982 3019 1093 3090; x_wconf 90' lang='lat' dir='ltr'>Sicilie</span> <span class='ocrx_word' id='word_1_224' title='bbox 1120 3027 1154 3089; x_wconf 92' lang='lat' dir='ltr'>et</span> <span class='ocrx_word' id='word_1_225' title='bbox 1171 3021 1269 3091; x_wconf 88' lang='lat' dir='ltr'>leru-</span> 
     </span>
     <span class='ocr_line' id='line_1_30' title="bbox 128 3119 514 3210; baseline -0.008 -18"><span class='ocrx_word' id='word_1_226' title='bbox 128 3122 235 3192; x_wconf 88' lang='lat' dir='ltr'>salem</span> <span class='ocrx_word' id='word_1_227' title='bbox 259 3119 514 3210; x_wconf 79' lang='lat' dir='ltr'>perfungantur.</span> 
     </span>
    </p>

    <p class='ocr_par' dir='ltr' id='par_1_4' title="bbox 129 3215 1361 4000">
     <span class='ocr_line' id='line_1_31' title="bbox 205 3215 1268 3306; baseline -0.006 -16"><span class='ocrx_word' id='word_1_228' title='bbox 205 3219 407 3290; x_wconf 88' lang='lat' dir='ltr'>hudewicus</span> <span class='ocrx_word' id='word_1_229' title='bbox 430 3219 640 3306; x_wconf 91' lang='lat' dir='ltr'>Ungarorum</span> <span class='ocrx_word' id='word_1_230' title='bbox 664 3235 724 3286; x_wconf 87' lang='lat' dir='ltr'>rex</span> <span class='ocrx_word' id='word_1_231' title='bbox 744 3234 819 3285; x_wconf 90' lang='lat' dir='ltr'>oum</span> <span class='ocrx_word' id='word_1_232' title='bbox 834 3215 958 3284; x_wconf 88' lang='lat' dir='ltr'>llarolo</span> <span class='ocrx_word' id='word_1_233' title='bbox 975 3216 1178 3306; x_wconf 89' lang='lat' dir='ltr'>marchione,</span> <span class='ocrx_word' id='word_1_234' title='bbox 1205 3233 1268 3284; x_wconf 91' lang='lat' dir='ltr'>so-</span> 
     </span>
     <span class='ocr_line' id='line_1_32' title="bbox 130 3315 1268 3409; baseline -0.004 -22"><span class='ocrx_word' id='word_1_235' title='bbox 130 3336 211 3388; x_wconf 89' lang='lat' dir='ltr'>cero</span> <span class='ocrx_word' id='word_1_236' title='bbox 246 3336 328 3409; x_wconf 91' lang='lat' dir='ltr'>suo,</span> <span class='ocrx_word' id='word_1_237' title='bbox 357 3317 511 3387; x_wconf 88' lang='lat' dir='ltr'>solatium</span> <span class='ocrx_word' id='word_1_238' title='bbox 545 3317 694 3384; x_wconf 88' lang='lat' dir='ltr'>militaris</span> <span class='ocrx_word' id='word_1_239' title='bbox 729 3316 877 3383; x_wconf 84' lang='lat' dir='ltr'>exercitii</span> <span class='ocrx_word' id='word_1_240' title='bbox 902 3316 936 3381; x_wconf 89' lang='lat' dir='ltr'>in</span> <span class='ocrx_word' id='word_1_241' title='bbox 961 3315 1152 3384; x_wconf 89' lang='lat' dir='ltr'>Bohemiam</span> <span class='ocrx_word' id='word_1_242' title='bbox 1180 3331 1268 3384; x_wconf 91' lang='lat' dir='ltr'>con-</span> 
     </span>
     <span class='ocr_line' id='line_1_33' title="bbox 131 3413 1268 3508; baseline -0.004 -21"><span class='ocrx_word' id='word_1_243' title='bbox 131 3417 245 3508; x_wconf 86' lang='lat' dir='ltr'>duxit,</span> <span class='ocrx_word' id='word_1_244' title='bbox 271 3418 306 3484; x_wconf 92' lang='lat' dir='ltr'>in</span> <span class='ocrx_word' id='word_1_245' title='bbox 333 3416 591 3484; x_wconf 87' lang='lat' dir='ltr'>Teutonicorum</span> <span class='ocrx_word' id='word_1_246' title='bbox 617 3421 651 3484; x_wconf 89' lang='lat' dir='ltr'>et</span> <span class='ocrx_word' id='word_1_247' title='bbox 674 3414 896 3484; x_wconf 88' lang='lat' dir='ltr'>Bohemorum</span> <span class='ocrx_word' id='word_1_248' title='bbox 930 3413 1045 3483; x_wconf 90' lang='lat' dir='ltr'>militia</span> <span class='ocrx_word' id='word_1_249' title='bbox 1074 3413 1268 3482; x_wconf 88' lang='lat' dir='ltr'>delectatus.</span> 
     </span>
     <span class='ocr_line' id='line_1_34' title="bbox 130 3512 1361 3598; baseline -0.005 -14"><span class='ocrx_word' id='word_1_250' title='bbox 130 3515 192 3584; x_wconf 88' lang='lat' dir='ltr'>Cui</span> <span class='ocrx_word' id='word_1_251' title='bbox 224 3515 313 3584; x_wconf 85' lang='lat' dir='ltr'>lacto</span> <span class='ocrx_word' id='word_1_252' title='bbox 338 3514 539 3584; x_wconf 84' lang='lat' dir='ltr'>Friderioum</span> <span class='ocrx_word' id='word_1_253' title='bbox 565 3513 683 3582; x_wconf 93' lang='lat' dir='ltr'>ducem</span> <span class='ocrx_word' id='word_1_254' title='bbox 709 3512 846 3582; x_wconf 83' lang='lat' dir='ltr'>Austrie</span> <span class='ocrx_word' id='word_1_255' title='bbox 864 3512 1019 3582; x_wconf 86' lang='lat' dir='ltr'>iuvenem</span> <span class='ocrx_word' id='word_1_256' title='bbox 1045 3513 1188 3598; x_wconf 86' lang='lat' dir='ltr'>contigit</span> <span class='ocrx_word' id='word_1_257' title='bbox 1211 3514 1361 3592; x_wconf 58' lang='lat' dir='ltr'>inmor-</span> 
     </span>
     <span class='ocr_line' id='line_1_35' title="bbox 132 3607 1268 3705; baseline -0.004 -22"><span class='ocrx_word' id='word_1_258' title='bbox 132 3608 275 3705; x_wconf 75' lang='lat' dir='ltr'>terassa,</span> <span class='ocrx_word' id='word_1_259' title='bbox 301 3611 438 3683; x_wconf 86' lang='lat' dir='ltr'>Alberto</span> <span class='ocrx_word' id='word_1_260' title='bbox 459 3620 577 3703; x_wconf 88' lang='lat' dir='ltr'>patruo</span> <span class='ocrx_word' id='word_1_261' title='bbox 594 3629 771 3702; x_wconf 87' lang='lat' dir='ltr'>parumper</span> <span class='ocrx_word' id='word_1_262' title='bbox 788 3616 925 3696; x_wconf 77' lang='lat' dir='ltr'>gravate</span> <span class='ocrx_word' id='word_1_263' title='bbox 943 3611 1007 3680; x_wconf 92' lang='lat' dir='ltr'>hoo</span> <span class='ocrx_word' id='word_1_264' title='bbox 1028 3609 1166 3679; x_wconf 80' lang='lat' dir='ltr'>serente.</span> <span class='ocrx_word' id='word_1_265' title='bbox 1200 3607 1268 3678; x_wconf 91' lang='lat' dir='ltr'>Sed</span> 
     </span>
     <span class='ocr_line' id='line_1_36' title="bbox 129 3707 1268 3797; baseline -0.005 -15"><span class='ocrx_word' id='word_1_266' title='bbox 129 3732 204 3783; x_wconf 89' lang='lat' dir='ltr'>cunr</span> <span class='ocrx_word' id='word_1_267' title='bbox 230 3713 361 3782; x_wconf 87' lang='lat' dir='ltr'>videret</span> <span class='ocrx_word' id='word_1_268' title='bbox 395 3713 525 3781; x_wconf 92' lang='lat' dir='ltr'>iuvenis</span> <span class='ocrx_word' id='word_1_269' title='bbox 562 3713 705 3780; x_wconf 82' lang='lat' dir='ltr'>animum</span> <span class='ocrx_word' id='word_1_270' title='bbox 731 3709 773 3778; x_wconf 88' lang='lat' dir='ltr'>ad</span> <span class='ocrx_word' id='word_1_271' title='bbox 800 3725 885 3797; x_wconf 90' lang='lat' dir='ltr'>opus</span> <span class='ocrx_word' id='word_1_272' title='bbox 911 3710 1042 3778; x_wconf 86' lang='lat' dir='ltr'>virtutis</span> <span class='ocrx_word' id='word_1_273' title='bbox 1070 3715 1103 3777; x_wconf 93' lang='lat' dir='ltr'>et</span> <span class='ocrx_word' id='word_1_274' title='bbox 1128 3707 1268 3794; x_wconf 86' lang='lat' dir='ltr'>gloriam</span> 
     </span>
     <span class='ocr_line' id='line_1_37' title="bbox 129 3805 1267 3902; baseline -0.006 -21"><span class='ocrx_word' id='word_1_275' title='bbox 129 3813 271 3902; x_wconf 84' lang='lat' dir='ltr'>incitari,</span> <span class='ocrx_word' id='word_1_276' title='bbox 298 3813 409 3880; x_wconf 84' lang='lat' dir='ltr'>omniu</span> <span class='ocrx_word' id='word_1_277' title='bbox 429 3809 597 3899; x_wconf 86' lang='lat' dir='ltr'>impendia</span> <span class='ocrx_word' id='word_1_278' title='bbox 622 3827 697 3878; x_wconf 89' lang='lat' dir='ltr'>cum</span> <span class='ocrx_word' id='word_1_279' title='bbox 720 3807 891 3877; x_wconf 88' lang='lat' dir='ltr'>ullluentia</span> <span class='ocrx_word' id='word_1_280' title='bbox 908 3807 1108 3894; x_wconf 83' lang='lat' dir='ltr'>designavit.</span> <span class='ocrx_word' id='word_1_281' title='bbox 1134 3807 1175 3876; x_wconf 79' lang='lat' dir='ltr'>Et</span> <span class='ocrx_word' id='word_1_282' title='bbox 1190 3805 1267 3874; x_wconf 93' lang='lat' dir='ltr'>dum</span> 
     </span>
     <span class='ocr_line' id='line_1_38' title="bbox 131 3905 1268 4000; baseline -0.006 -20"><span class='ocrx_word' id='word_1_283' title='bbox 131 3917 272 3980; x_wconf 90' lang='lat' dir='ltr'>cunctos</span> <span class='ocrx_word' id='word_1_284' title='bbox 295 3911 330 3978; x_wconf 93' lang='lat' dir='ltr'>iu</span> <span class='ocrx_word' id='word_1_285' title='bbox 353 3911 443 3980; x_wconf 93' lang='lat' dir='ltr'>omni</span> <span class='ocrx_word' id='word_1_286' title='bbox 464 3911 523 3980; x_wconf 92' lang='lat' dir='ltr'>illo</span> <span class='ocrx_word' id='word_1_287' title='bbox 550 3914 711 4000; x_wconf 90' lang='lat' dir='ltr'>apparatu</span> <span class='ocrx_word' id='word_1_288' title='bbox 738 3907 805 3976; x_wconf 84' lang='lat' dir='ltr'>dux</span> <span class='ocrx_word' id='word_1_289' title='bbox 829 3907 1037 3998; x_wconf 88' lang='lat' dir='ltr'>precelleret,</span> <span class='ocrx_word' id='word_1_290' title='bbox 1063 3911 1100 3974; x_wconf 93' lang='lat' dir='ltr'>ut</span> <span class='ocrx_word' id='word_1_291' title='bbox 1116 3905 1179 3974; x_wconf 92' lang='lat' dir='ltr'>sibi</span> <span class='ocrx_word' id='word_1_292' title='bbox 1196 3907 1268 3974; x_wconf 87' lang='lat' dir='ltr'>sin-</span> 
     </span>
    </p>
   </div>
   <div class='ocr_carea' id='block_1_3' title="bbox 132 4152 1268 4300">
    <p class='ocr_par' dir='ltr' id='par_1_5' title="bbox 132 4152 1268 4300">
     <span class='ocr_line' id='line_1_39' title="bbox 162 4152 1268 4225; baseline -0.006 -9"><span class='ocrx_word' id='word_1_293' title='bbox 162 4163 194 4222; x_wconf 74' lang='lat' dir='ltr'>ll</span> <span class='ocrx_word' id='word_1_294' title='bbox 212 4161 246 4215; x_wconf 84' lang='lat' dir='ltr'>ad</span> <span class='ocrx_word' id='word_1_295' title='bbox 270 4159 297 4213; x_wconf 92' lang='lat' dir='ltr'>id</span> <span class='ocrx_word' id='word_1_296' title='bbox 321 4157 421 4214; x_wconf 85' lang='lat' dir='ltr'>induxit</span> <span class='ocrx_word' id='word_1_297' title='bbox 445 4158 510 4212; x_wconf 89' lang='lat' dir='ltr'>oder</span> <span class='ocrx_word' id='word_1_298' title='bbox 533 4162 616 4213; x_wconf 81' lang='lat' dir='ltr'>etwas</span> <span class='ocrx_word' id='word_1_299' title='bbox 640 4157 774 4213; x_wconf 80' lang='lat' dir='ltr'>ihnliches</span> <span class='ocrx_word' id='word_1_300' title='bbox 797 4156 869 4211; x_wconf 88' lang='lat' dir='ltr'>lehlt.</span> <span class='ocrx_word' id='word_1_301' title='bbox 923 4155 954 4222; x_wconf 82' lang='lat'>2)</span> <span class='ocrx_word' id='word_1_302' title='bbox 973 4153 1125 4225; x_wconf 83' lang='lat' dir='ltr'>pontificem</span> <span class='ocrx_word' id='word_1_303' title='bbox 1141 4152 1208 4212; x_wconf 90' lang='lat' dir='ltr'>habe</span> <span class='ocrx_word' id='word_1_304' title='bbox 1225 4155 1268 4210; x_wconf 90' lang='lat' dir='ltr'>ich</span> 
     </span>
     <span class='ocr_line' id='line_1_40' title="bbox 132 4223 1020 4300; baseline -0.009 -15"><span class='ocrx_word' id='word_1_305' title='bbox 132 4228 248 4300; x_wconf 83' lang='lat' dir='ltr'>ergiinzt.</span> <span class='ocrx_word' id='word_1_306' title='bbox 284 4227 317 4295; x_wconf 82' lang='lat'>3)</span> <span class='ocrx_word' id='word_1_307' title='bbox 335 4228 413 4284; x_wconf 84' lang='lat' dir='ltr'>Peter</span> <span class='ocrx_word' id='word_1_308' title='bbox 429 4226 500 4284; x_wconf 86' lang='lat' dir='ltr'>starb</span> <span class='ocrx_word' id='word_1_309' title='bbox 517 4227 599 4282; x_wconf 87' lang='lat' dir='ltr'>sebon</span> <span class='ocrx_word' id='word_1_310' title='bbox 617 4227 652 4280; x_wconf 89' lang='lat' dir='ltr'>im</span> <span class='ocrx_word' id='word_1_311' title='bbox 669 4227 741 4282; x_wconf 90' lang='lat' dir='ltr'>iahre</span> <span class='ocrx_word' id='word_1_312' title='bbox 759 4226 854 4282; x_wconf 87' lang='lat' dir='ltr'>rorher</span> <span class='ocrx_word' id='word_1_313' title='bbox 871 4239 912 4280; x_wconf 88' lang='lat' dir='ltr'>aro</span> <span class='ocrx_word' id='word_1_314' title='bbox 929 4223 947 4278; x_wconf 85' lang='lat'>8</span> <span class='ocrx_word' id='word_1_315' title='bbox 964 4238 1020 4292; x_wconf 82' lang='lat' dir='ltr'>aug.</span> 
     </span>
    </p>
   </div>
   <div class='ocr_carea' id='block_1_4' title="bbox 0 0 1531 4878">
    <p class='ocr_par' dir='ltr' id='par_1_6' title="bbox 0 0 1531 4878">
     <span class='ocr_line' id='line_1_41' title="bbox 0 0 1531 4878; baseline 0 0"><span class='ocrx_word' id='word_1_316' title='bbox 0 0 1531 4878; x_wconf 95' lang='lat' dir='ltr'> </span> 
     </span>
    </p>
   </div>
  </div>
 </body>
</html>
