3044 4882
451 250 596 298 rounnnus
616 252 826 300 vroroarrrsts.
862 255 885 316 t,
904 253 927 306 l.
1190 224 1261 295 359

121 388 248 456 sistens
267 391 448 480 etpetenS,
473 396 511 457 nt
528 397 688 459 annueret
713 408 785 460 surs
809 398 909 485 votrs,
937 411 1031 462 curus
1053 410 1101 462 rer
1128 393 1262 462 nuntius

120 487 182 557 luit
215 484 472 574 Argentinensis
507 489 660 579 quidam,
694 492 751 578 qui
784 490 885 580 llugo
922 493 1069 560 Wiricus
1096 491 1262 562 binornioe

120 586 312 656 vocabatur.
344 585 506 658 Rudolius
528 591 626 658 etiam
645 589 813 660 Palatinus
832 592 875 660 ad
892 609 966 660 curn
992 593 1097 659 virum
1123 592 1260 680 proburn

119 687 176 774 qui
212 686 340 773 Witigo
376 686 504 756 Pucher
538 688 649 757 dictus
685 696 737 758 est
771 689 969 782 destinavit,
1004 708 1198 759 ammonens
1225 696 1262 758 ut

117 802 243 854 rncnror
277 788 600 879 consanguinitatis,
635 790 687 857 sui
721 789 859 858 honoria
893 790 1023 859 titulum
1054 788 1260 859 confoveret.

119 883 275 953 Similiter
299 883 343 953 ad
370 884 606 956 Coloniensern
631 887 777 956 nobilem
805 891 908 958 virurn
930 888 1113 958 Gotlridurn
1130 887 1260 958 Cister-

122 985 246 1052 eiensis
269 983 394 1052 ordinis
417 984 460 1054 de
482 986 618 1055 Brunelr
642 988 840 1057 monachum
857 987 1176 1078 Halsprunnensem,
1204 989 1259 1075 qui

119 1082 289 1170 quondam
306 1084 341 1152 in
359 1084 464 1174 prelio
482 1081 592 1155 Adollr
619 1103 659 1154 ac
683 1083 811 1169 Albani
838 1105 954 1174 regurn
981 1089 1079 1156 claris
1106 1088 1260 1175 resplen-

118 1181 191 1251 duit
204 1183 345 1273 cotibus,
373 1183 416 1252 ad
442 1202 538 1252 suurn
559 1184 801 1273 impetrandum
819 1203 998 1256 assensum
1018 1185 1147 1278 direxit,
1174 1205 1260 1275 sup-

117 1282 248 1371 plicans
265 1288 302 1350 ut
317 1284 494 1352 assisteret
514 1285 545 1352 ei
564 1291 597 1353 et
619 1303 681 1353 suu
699 1285 868 1354 desideria
888 1290 1109 1376 promoveret.
1144 1286 1260 1354 Presul

117 1387 229 1450 autern
249 1380 460 1452 Coloniensis
481 1383 671 1472 respondit:
699 1403 738 1452 se
759 1386 842 1454 alias
861 1387 926 1454 ianr
946 1387 1170 1474 constrictum,
1197 1402 1261 1452 nec

116 1497 223 1569 posse
250 1482 359 1570 priora
385 1483 550 1571 promissa
574 1483 760 1572 aliqualiter
786 1490 959 1553 temerare.
996 1483 1174 1553 Heinricus
1195 1502 1260 1551 au·
1365 1514 1374 1524 ,

115 1585 183 1648 tcrn
210 1598 271 1648 rex
296 1581 437 1656 consilio
472 1600 608 1651 suorum
641 1584 834 1672 respondit:
860 1601 925 1652 nec
949 1582 1108 1652 Heinrioo
1138 1583 1259 1672 corriti,

117 1696 183 1748 neo
208 1677 355 1749 Rudolic
381 1679 458 1749 duci
483 1699 588 1770 posse
614 1683 798 1751 secundum
828 1681 919 1770 quod
944 1684 1110 1771 petierant
1134 1679 1259 1772 iuvere,

115 1796 159 1846 eo
186 1778 278 1866 quod
304 1784 412 1848 status
437 1783 533 1867 regni
568 1781 676 1850 taliter
703 1799 741 1850 se
768 1782 924 1872 haberet,
951 1786 989 1850 nt
1013 1782 1112 1849 unius
1139 1781 1258 1851 amiei-

114 1878 193 1945 tiam
215 1880 423 1970 conquirere,
451 1886 485 1948 et
502 1881 638 1949 alterius
657 1880 914 1950 benivolentiam
934 1881 1067 1949 abicere
1087 1880 1151 1948 sibi
1176 1879 1257 1947 nul·

112 1977 248 2046 latenus
284 1994 405 2065 equum
430 1985 542 2048 asset.
582 1979 640 2049 Sic
672 1979 802 2050 medius
836 1979 1013 2071 residens,
1040 1981 1147 2048 neutri
1172 1980 1258 2067 parti

112 2076 220 2145 voluit
256 2077 484 2170 complacere,
511 2081 546 2147 in
572 2080 756 2169 suiipsius
782 2081 958 2148 maximum
986 2079 1142 2167 sequenti
1168 2086 1257 2146 tern-

112 2177 187 2265 pcri
213 2175 456 2247 detrimentum.

185 2274 293 2361 lgitnr
325 2277 358 2344 in
393 2277 541 2365 pomerio
573 2275 685 2347 Rense
719 2295 821 2367 snper
853 2279 931 2346 litus
961 2276 1046 2346 Reni
1072 2277 1257 2346 secundurn
1275 2309 1337 2351 nov.

113 2374 393 2444 consuetudinem
411 2375 583 2466 prehabito
607 2382 747 2446 tractatu
767 2383 800 2445 et
817 2377 988 2464 colloquio
1012 2379 1155 2445 omniurn
1174 2396 1255 2465 pre·

112 2475 259 2543 sentium
294 2480 328 2543 et
358 2492 419 2563 per
453 2493 532 2544 suas
568 2477 786 2566 responsales
822 2476 1029 2564 absentium,
1065 2475 1187 2544 deinde
1223 2477 1255 2544 in

110 2573 356 2642 Franchenlurt
389 2574 423 2642 in
456 2573 545 2643 sesto
582 2575 671 2645 beati
706 2575 789 2644 Galli
825 2577 859 2642 in
885 2574 1076 2643 Heinricunr
1104 2577 1257 2643 comitem

110 2670 209 2741 lavor
240 2678 275 2741 ct
308 2690 496 2743 consensus
532 2677 677 2743 omniurn
711 2673 953 2765 devolvuntur,
988 2675 1164 2762 statimque
1198 2690 1257 2742 rex

109 2773 270 2861 prinecps
296 2771 517 2842 Rornanorum
544 2792 619 2843 curn
646 2773 801 2842 laudibus
828 2773 1035 2842 decantatur.

186 2867 288 2940 Anno
314 2870 437 2941 dornini
460 2874 653 2950 incooviiii.
673 2874 708 2941 in
732 2873 909 2963 epiphania
926 2872 1051 2942 dornini
1069 2889 1144 2939 curn
1159 2871 1341 2945 Mar-1309

109 2975 231 3056 garata
258 2978 426 3062 deusone,
454 2989 520 3059 que
545 2972 612 3041 lilia
638 2971 734 3041 ducis
760 2973 937 3041 Brabantie
964 2971 1082 3062 luerat,
1111 2972 1146 3039 in
1172 2971 1333 3082 sede1⁸6¹t

111 3069 238 3161 llaroli,
267 3077 301 3138 et
324 3073 417 3140 iuxta
443 3073 539 3138 ritum
565 3071 728 3141 haetenus
757 3072 981 3161 observatum,
1009 3089 1082 3139 oum
1107 3069 1256 3139 celebri-

110 3175 182 3237 tate
210 3175 245 3238 et
270 3169 395 3256 gaudio
423 3175 611 3241 coronatur.
646 3170 844 3240 Consortem
871 3177 981 3239 autern
1007 3170 1094 3239 liano
1119 3172 1256 3238 sortitus

110 3285 190 3336 curn
226 3267 288 3337 luit
312 3270 345 3337 in
372 3268 485 3338 ledere
519 3270 818 3360 reconciliationis,
846 3269 923 3338 durn
956 3270 1099 3337 amicitia
1126 3275 1159 3337 et
1190 3288 1257 3359 pax

108 3367 201 3436 inter
228 3385 303 3437 curn
330 3373 364 3436 et
389 3369 507 3437 ducern
534 3376 659 3457 patrern
693 3370 783 3437 illius
814 3385 915 3457 super
942 3384 1023 3435 casu
1049 3368 1164 3436 mortis
1190 3386 1257 3456 pa-

109 3469 175 3536 tris
203 3460 288 3558 sui¹,
316 3469 404 3536 sicut
429 3469 583 3557 superius
610 3473 663 3537 est
687 3470 884 3557 premissum
904 3466 946 3536 de
966 3466 1071 3555 prelio
1092 3468 1256 3534 intereos

108 3566 242 3656 habito,
261 3566 454 3638 linnaretur.
486 3568 537 3636 Ex
563 3586 627 3656 qua
654 3567 754 3637 lilium
780 3584 880 3635 unurn
904 3566 1088 3635 Iohannem
1113 3571 1147 3633 el
1172 3564 1256 3634 duas

105 3666 198 3734 irlias
225 3667 351 3753 genuit.
385 3667 555 3754 lohannes
585 3668 818 3737 rchohemie
847 3664 1005 3754 elicitur,
1032 3665 1172 3734 liliorum
1190 3683 1257 3732 una

105 3767 232 3853 regina
257 3765 409 3852 Francia,
436 3767 540 3834 altera
563 3766 773 3853 Ungarorurn
801 3774 853 3834 est
879 3765 1007 3834 elleota.
1040 3765 1141 3832 Venit
1158 3765 1257 3850 igitur

108 3864 301 3957 Coloniam,
327 3865 439 3953 ibique
466 3866 638 3934 rnaxirnarn
666 3868 788 3935 curiam
816 3865 1007 3955 celebravit,
1035 3863 1196 3951 civesque
1214 3862 1257 3931 ad

103 3965 254 4051 gratiam
291 3965 435 4055 excipit,
463 3983 601 4053 qnorum
635 3966 776 4055 predicti
802 3965 895 4054 prelii
922 3981 1026 4033 causa
1052 3962 1121 4032 luit.
1162 3961 1256 4030 Con-

103 4063 294 4133 lluentibus
312 4063 355 4133 ad
376 4082 452 4132 eurn
472 4065 730 4153 circumquaque
758 4063 926 4133 nobilibus
953 4062 1127 4152 privilegia
1153 4061 1257 4130 inno-

101 4163 215 4254 vavit,
235 4162 337 4233 ieoda
352 4165 533 4254 concessit,
554 4169 587 4232 et
604 4165 672 4235 alia
689 4183 754 4253 quc
769 4163 812 4234 ad
824 4162 992 4232 novitiolis
1008 4162 1106 4231 huius
1118 4160 1256 4230 honoris

138 4280 176 4335 ll
197 4280 284 4350 spilter
301 4281 452 4337 rerbessert
467 4286 586 4352 paterne.
