3052 4878
285 153 355 224 128
597 178 714 226 nrconn
736 178 779 224 aa.
802 175 944 224 coruom.
966 173 1099 222 aaunrm.

202 335 269 394 tere
284 336 392 408 usque
409 323 488 408 post
502 315 622 386 sestam
635 316 824 407 epiphanie.
863 313 959 384 Circa
974 313 1065 383 illum
1080 311 1193 382 locum
1209 315 1303 380 erant
1319 311 1421 380 multa

285 425 397 488 castra
421 417 530 488 sortia.
567 414 691 504 Aliqua
716 416 910 504 combussit,
938 414 1048 500 aliqua
1073 412 1216 502 retinuit,
1244 411 1331 480 siout
1348 409 1421 478 Lu-

284 517 431 607 oardum,
457 516 514 585 nbi
536 515 619 584 liunt
635 515 715 584 boni
739 515 842 604 casei,
871 519 904 580 et
919 519 1063 581 castrum
1081 516 1196 580 sancte
1217 508 1324 578 blarie
1346 508 1422 578 No·

284 616 383 708 velle,
409 616 444 683 in
472 632 538 702 quo
565 615 653 702 cepit
678 613 845 682 dominum
871 612 982 702 castri,
1008 615 1190 700 postquam
1208 625 1269 696 per
1290 608 1423 694 aliquos

286 713 359 784 dies
394 732 432 782 se
459 711 697 798 defenderant,
731 713 788 798 qui
813 717 951 780 vocatur
978 708 1152 778 Conradns
1185 707 1271 776 hlius
1298 706 1424 776 domini

287 813 446 882 Iohannis
472 811 616 880 Filache.
663 811 790 879 Dicitur
822 809 913 896 quod
946 813 1041 898 pater
1074 826 1158 880 oum*
1180 806 1248 874 hlio
1274 807 1310 874 in
1336 810 1424 873 terra

286 911 443 1000 Delphini
464 915 499 979 et
523 911 610 978 circa
624 908 820 978 Rhodanum
841 909 966 978 habant
981 909 1158 997 plusquam
1181 909 1313 974 centum
1334 905 1424 972 milia

287 1011 499 1099 llorenorum,
528 1014 561 1078 et
577 1014 655 1077 sunt
671 1008 713 1076 de
730 1010 861 1094 magnis
878 1005 1065 1076 hominibus
1089 1005 1264 1074 Florentio.
1306 1003 1424 1072 Plures

288 1109 422 1180 domino
440 1109 629 1195 imperatori
646 1107 876 1196 consulebant,
905 1106 995 1193 quod
1011 1105 1054 1174 de
1079 1107 1145 1174 isto
1171 1102 1296 1172 lacerat
1320 1103 1425 1171 iusti-

288 1210 366 1276 tiam
384 1206 426 1274 ad
440 1213 598 1276 terrorem
615 1206 752 1274 aliorum
765 1206 1038 1294 Florentinomm,
1058 1205 1136 1290 quia
1153 1204 1182 1270 si
1198 1204 1297 1271 istum
1316 1201 1426 1270 deoa-

288 1309 418 1396 pitaret,
435 1307 490 1374 alii
508 1323 676 1392 nunquam
698 1304 860 1374 auderent
876 1321 913 1372 se
928 1321 1055 1393 ponere
1069 1304 1104 1370 in
1123 1303 1255 1393 castris,
1269 1303 1425 1369 timentes

289 1405 428 1473 similem
451 1406 650 1472 sententiam
676 1406 705 1472 si
727 1409 932 1494 caperentur,
959 1408 992 1471 et
1015 1403 1045 1472 si
1065 1419 1134 1470 non
1156 1400 1283 1469 vellent
1302 1417 1340 1468 sc
1353 1417 1425 1488 po-

288 1505 416 1589 nerein
433 1502 630 1572 delensione
649 1509 842 1592 castrorum,
869 1520 1038 1589 nunquam
1063 1502 1265 1570 inveniretur
1289 1500 1426 1588 stipan-

290 1601 413 1672 diarius
447 1603 503 1690 qui
529 1601 668 1671 auderet
693 1620 730 1670 se
755 1619 892 1693 ponere,
920 1618 963 1668 ex
988 1617 1055 1688 quo
1081 1600 1152 1686 illi,
1180 1616 1319 1686 quorum
1344 1601 1428 1665 sunt

290 1708 410 1793 castra,
428 1719 497 1770 non
518 1701 691 1790 auderent,
711 1705 745 1768 ot
767 1703 816 1768 sic
831 1699 873 1768 da
892 1698 980 1768 sacili
997 1700 1106 1768 omnia
1123 1704 1235 1778 castra
1249 1697 1427 1766 lucraren-

289 1807 351 1890 tur,
363 1800 482 1887 quibus
499 1799 632 1889 habitiS,
652 1800 802 1868 civitates
818 1799 908 1867 nullo
925 1797 1025 1867 modo
1043 1815 1081 1865 sc
1098 1802 1258 1865 tenerent.
1283 1795 1427 1864 Miseri-

289 1897 404 1966 cordia
427 1903 538 1966 motus
556 1899 742 1988 imperator,
770 1899 848 1985 quia
867 1897 928 1966 luit
951 1897 1088 1986 pulcher
1113 1897 1255 1987 iuvenis,
1283 1902 1317 1964 et
1332 1895 1429 1962 multa

290 1996 474 2084 querebant
488 2001 625 2064 mortem
641 2013 746 2088 suam,
761 1997 870 2084 ipsum
886 2002 979 2065 extra
996 2013 1161 2064 carcerom
1176 1994 1308 2086 dimisit,
1318 1995 1428 2084 primo

289 2102 401 2164 tamen
430 2096 549 2184 positis
577 2094 708 2164 dnobus
735 2097 807 2164 suis
835 2096 910 2163 liliis
937 2094 1112 2164 obsidibus
1137 2111 1199 2182 pro
1226 2111 1279 2163 eo.
1320 2094 1429 2162 Post-

290 2212 387 2281 quam
405 2194 508 2262 exivit
526 2210 702 2285 carcerem,
729 2193 808 2262 lecit
828 2194 891 2264 sibi
905 2193 1108 2284 hdclitatem,
1136 2198 1171 2262 et
1196 2192 1348 2262 dominus
1366 2193 1429 2260 in·
1517 2239 1518 2286 ,

289 2292 393 2362 dulsit
418 2292 483 2361 sibi
510 2296 629 2382 omnia,
657 2294 686 2360 si
713 2292 820 2362 fidelis
846 2294 1059 2362 inveniretur.
1137 2299 1139 2306 ‘
1517 2289 1518 2306 ¹

309 2449 311 2452 .
362 2389 503 2481 Accepit
524 2391 691 2460 licentiam
711 2392 811 2461 eundi
832 2394 867 2461 in
885 2392 1102 2483 Florentiam,
1124 2390 1265 2474 madens
1283 2406 1344 2458 cos
1365 2390 1430 2458 in-

290 2489 411 2560 ducere
438 2490 481 2559 ad
506 2490 727 2560 obedientiam
754 2496 931 2581 postquam
957 2492 1006 2558 eis
1031 2489 1255 2560 conditionem
1276 2490 1430 2578 impora-

289 2591 371 2659 toris
397 2595 578 2682 narrasset,
606 2590 775 2677 quomodo
802 2596 873 2659 erat
899 2596 1034 2658 sanctus
1062 2595 1096 2658 et
1121 2589 1318 2658 misericors.
1353 2585 1431 2656 Re-

289 2706 409 2759 versus
437 2695 498 2779 est,
526 2694 559 2758 et
582 2689 663 2756 nihil
683 2689 771 2758 lecit.
808 2689 859 2758 De
875 2707 941 2776 quo
959 2688 1074 2778 doluit,
1101 2694 1138 2756 ut
1163 2686 1305 2756 dicebat
1341 2686 1430 2754 Plu-

290 2805 346 2855 res
372 2788 561 2856 voluissent
587 2787 734 2877 obedire,
763 2787 825 2856 sed
845 2787 978 2875 quidam
996 2786 1230 2876 impediebant,
1258 2786 1430 2872 lingentes
1516 2827 1517 2836 κ

289 2887 410 2954 multas
427 2886 566 2975 littorea,
597 2904 680 2972 quas
699 2886 801 2954 salsas
822 2887 895 2975 ipsc
919 2886 1071 2958 dominus
1089 2885 1275 2976 reputabat,
1302 2887 1430 2954 missas

290 2985 339 3052 eis
367 2982 408 3051 de
434 2986 499 3052 ista
524 2984 613 3051 curia
639 2991 750 3054 vestra
776 2984 837 3053 sed
867 3002 934 3054 non
964 2984 1005 3053 de
1031 2991 1145 3053 vestro
1169 3001 1341 3053 consensu
1366 2983 1431 3052 di-

291 3081 398 3173 cebat,
416 3082 584 3169 quomodo
603 3085 740 3152 viriliter
751 3100 789 3151 se
805 3088 967 3175 tenerent,
984 3085 1128 3173 quiaper
1137 3090 1282 3152 vestram
1295 3085 1432 3152 sancti-

290 3185 392 3249 tatem
414 3183 479 3250 cito
505 3182 694 3251 confortare
719 3200 780 3251 eos
798 3189 1023 3272 procurarent.
1064 3183 1125 3250 Isti
1150 3181 1341 3272 mendaces,
1369 3185 1432 3270 qui

292 3280 342 3347 sic
367 3281 526 3367 populum
551 3281 754 3349 inducebant
784 3288 821 3349 ut
846 3300 962 3370 paoem
987 3280 1133 3372 nollent,
1159 3299 1220 3370 pro
1243 3281 1432 3350 confirma·
1515 3319 1516 3382 4

291 3378 383 3447 tione
399 3377 621 3466 predictorum
634 3379 801 3449 dominum
811 3382 1004 3470 episcopum
1013 3380 1238 3448 Florentinum
1252 3380 1288 3447 in
1307 3398 1432 3450 exem·-
1515 3385 1516 3464 ζ

291 3476 382 3566 plum
408 3477 593 3566 ponebant;
628 3480 685 3566 qui
711 3479 753 3548 de
780 3480 921 3549 oonsilio
947 3496 1122 3570 reversuS,
1150 3485 1184 3548 et
1207 3480 1434 3548 intentionem
1515 3467 1516 3510 i

294 3581 436 3645 vestram
464 3576 587 3667 sciens,
615 3584 685 3646 erat
710 3577 752 3646 de
778 3580 891 3667 primis
919 3582 1062 3646 armatus
1089 3596 1162 3646 cum
1190 3579 1259 3646 suis
1286 3578 1433 3670 clericiS,

293 3680 327 3743 et
341 3675 416 3764 plus
439 3672 649 3743 confortabat
673 3693 733 3745 eos
753 3677 887 3764 publice
913 3679 946 3744 in
974 3677 1193 3768 sermonibus
1221 3676 1313 3763 quod
1332 3677 1432 3745 nullo

292 3773 393 3842 modo
419 3775 495 3865 ipsi,
524 3776 580 3860 qui
606 3780 700 3842 crant
725 3774 829 3866 liberi,
856 3781 1021 3865 ponerent
1047 3793 1084 3844 se
1101 3779 1136 3843 in
1162 3777 1365 3865 servitutem,
1397 3779 1435 3844 et

294 3875 484 3960 cogitarent
509 3871 689 3959 diligenter
716 3874 796 3961 quid
818 3873 860 3942 de
886 3875 969 3963 ipsis
993 3873 1143 3943 iacerent
1158 3875 1282 3942 inimici
1300 3892 1433 3967 corum,
1514 3957 1515 3966 2

293 3970 371 4041 dum
395 3974 555 4040 intrarent
578 3972 777 4040 Florentiam
801 3974 882 4062 ipsis
908 3975 1126 4063 potentiores
1152 3975 1281 4042 ratione
1308 3973 1435 4043 Theo-
1514 4026 1515 4050 ,

293 4072 496 4160 tonioorum,
524 4072 580 4158 qui
615 4089 675 4141 eos
703 4089 834 4160 semper
859 4078 975 4140 contra
1000 4090 1081 4142 suos
1108 4073 1237 4142 ricinos
1263 4074 1435 4144 iuvarent.

293 4166 366 4236 llec
391 4176 425 4238 et
448 4170 547 4261 plura
566 4170 631 4240 alia
649 4170 691 4240 dc
709 4171 876 4240 Florentia
902 4169 1043 4242 diversis
1068 4173 1103 4242 in
1123 4171 1269 4244 exercitu
1294 4171 1434 4242 scribe-
