3044 4882
450 233 593 282 ronrnnns
614 236 813 284 rrcrornmrsrs
860 235 883 303 2,
902 237 924 287 r.
1200 207 1264 278 321

130 372 290 442 tibertus
316 389 429 442 comos
456 373 598 464 (laniate,
629 373 727 444 irater
761 378 853 467 eius,
889 377 989 446 lenda
1023 394 1086 445 sua
1120 379 1267 466 recipcre

129 473 314 559 recusavit3
349 473 410 542 sed
445 489 485 542 aa
512 474 656 542 eoniarri
688 474 845 546 Heinrioo
878 478 945 547 lilio
978 494 1040 546 suo
1074 477 1266 566 postulavit,

131 579 165 640 et
196 574 291 639 visus
326 579 379 640 est
411 571 553 640 fraterne
580 573 692 659 gloria
718 575 880 646 invidere.
922 577 998 644 Dux
1030 575 1193 644 arbitrans
1228 593 1268 642 se

130 671 332 760 contempni,
359 671 416 740 uni
447 671 584 740 liliorum
620 690 753 741 snorum
791 675 875 743 dixit
906 678 1017 764 potius
1054 673 1269 744 conterenda.

131 767 358 838 decesserunt
383 773 491 838 autem
527 770 569 839 ad
601 768 769 840 Albartum
797 777 949 844 comitem
983 774 1082 860 Hugo
1117 773 1159 841 da
1193 766 1269 840 Du-

133 871 223 938 wino
242 887 285 938 arr
309 869 422 938 Ystria
449 876 482 938 et
506 870 653 939 lulianus
681 870 723 940 de
750 872 899 943 Saborcb
926 891 968 942 ex
993 873 1177 961 Karintbia3
1205 869 1269 940 ril-

130 969 257 1038 bertom
283 968 489 1054 redarguunt
514 969 683 1038 dicentes:
716 989 781 1039 non
814 991 887 1041 ease
920 972 1007 1040 donc
1038 972 1180 1059 pluriam
1213 989 1269 1039 re-

132 1069 322 1154 sprrerrdom,
348 1085 421 1136 eum
446 1069 611 1154 qnondam
635 1069 823 1139 Luderor'orrr
848 1075 1027 1158 imperator
1049 1071 1189 1154 Arnolso
1208 1071 1271 1138 dtr-

133 1173 244 1236 ectum
268 1165 436 1234 Komntlrie
463 1185 536 1234 eum
560 1169 883 1254 oeconomorum,
910 1172 1000 1257 qood
1023 1169 1272 1238 ndPololirnrm

128 1269 279 1353 perlinat,
306 1266 499 1347 eontnlerr'k
524 1266 729 1336 adicientes:
755 1271 785 1336 oi
811 1271 947 1338 ulterior
971 1271 1077 1356 pontia
1101 1270 1170 1337 dne
1187 1270 1274 1336 ercet

131 1384 193 1452 per
218 1366 387 1452 imperinm
413 1366 611 1450 metinates,
644 1367 776 1451 flectere
806 1387 930 1455 penne,
961 1369 1066 1452 feodo
1095 1368 1272 1454 suscipere,

132 1463 319 1552 bomnpr'rrm
341 1464 458 1549 faeere
483 1469 656 1550 oporteret.
695 1466 776 1535 blox
802 1485 884 1554 ergo
905 1466 1061 1535 ailbertus
1082 1465 1272 1535 fidelitatem

135 1562 225 1632 iratri
250 1563 339 1653 iacit,
366 1562 468 1632 feoda
493 1566 660 1656 suscepit,
700 1571 734 1634 et
767 1584 831 1653 que
866 1568 960 1655 petiit
1001 1566 1144 1634 obtinuit
1183 1583 1274 1652 genu

19 1737 24 1748 .
134 1662 240 1750 llexo;
268 1680 335 1732 non
362 1664 449 1730 anim
476 1661 587 1732 decuit
612 1681 690 1732 esse
717 1665 860 1751 iurgium
886 1667 971 1734 inter
1002 1683 1073 1734 eos.
1123 1665 1165 1732 Et
1196 1663 1276 1732 licet

134 1762 241 1831 Jaoob
269 1769 303 1830 et
328 1763 419 1830 Esau
444 1763 478 1830 in
503 1769 599 1830 utero
626 1763 862 1834 colliderentur
897 1772 930 1833 at
955 1782 1016 1853 pro
1042 1763 1273 1852 primogenitis

134 1862 383 1952 alternarentur,
410 1866 551 1950 uterque
578 1868 687 1931 tamen
710 1864 835 1950 largam
853 1864 1120 1932 benedictionem
1138 1862 1180 1930 de
1195 1863 1274 1948 pin-

134 1961 282 2048 guedine
309 1967 393 2028 terre
421 1966 454 2028 et
479 1979 554 2028 rore
579 1961 655 2052 celi,
682 1962 942 2031 habundantiam
969 1962 1121 2030 lrumenti
1146 1962 1215 2031 vini
1242 1965 1277 2027 ct

135 2060 201 2129 olei
228 2065 280 2128 est
305 2061 452 2128 sortitus
495 2061 536 2128 Et
562 2061 648 2129 siout
678 2068 787 2130 narrat
819 2062 1003 2150 Iosephus:
1036 2057 1274 2151 „Aristobolns

135 2167 169 2228 at
194 2159 359 2228 llircanus
386 2157 504 2227 iratres
532 2159 573 2227 da
599 2161 785 2249 principatu
813 2161 1057 2230 contendentes
1092 2158 1135 2228 ad
1165 2159 1277 2247 placi-

135 2265 202 2326 tum
229 2265 460 2328 convenerunt
486 2275 594 2346 eaque
620 2259 698 2345 lege
725 2261 758 2328 in
784 2260 998 2330 concordiam
1030 2258 1213 2348 redierunt,
1241 2262 1277 2324 ut

133 2355 347 2426 Aristobolns
373 2364 540 2448 regnaret,
568 2358 734 2427 llircanus
761 2360 823 2427 snb
858 2376 900 2428 eo
932 2359 1136 2447 quibuslibet
1161 2356 1277 2442 digni·-

134 2457 258 2526 tatrbus
286 2454 515 2543 iungeretur.“

134 2637 187 2706 De
211 2639 364 2708 renardo
388 2639 508 2726 nuptiis
538 2641 644 2725 repo,
680 2644 712 2709 et
744 2641 784 2708 de
817 2637 949 2706 Alderto
983 2639 1066 2706 duee
1092 2637 1163 2719 filio
1196 2635 1275 2704 eitra.

1107 2735 1277 2821 Coponii.

212 2849 312 2920 Anno
338 2851 461 2921 domini
487 2855 728 2926 moalxnnvii.
760 2859 979 2925 accesserunt
1010 2853 1052 2922 ad
1083 2869 1198 2938 regam
1224 2849 1276 2918 ia·
1294 2858 1363 2918 rear

137 2951 283 3020 miliares
311 2958 344 3019 at
370 2953 475 3043 amici,
504 2959 538 3021 et
563 2973 647 3042 quos
673 2957 854 3045 participes
891 2954 1013 3022 secreti
1040 2951 1119 3020 iecit
1143 2950 1277 3020 bonesti

135 3051 229 3118 iuxta
256 3050 455 3140 Iuvenalem,
483 3051 652 3122 dieentes:
679 3073 744 3124 non
769 3058 952 3140 competere
969 3071 1079 3138 repent
1095 3053 1165 3118 aine
1183 3048 1277 3117 llroro

136 3151 245 3217 viuere
272 3151 446 3236 eonbrpoli,
473 3153 535 3219 sed
558 3152 675 3221 dedere
692 3153 813 3222 liberos
825 3168 1018 3240 procreare,
1033 3168 1125 3217 nrum
1139 3149 1276 3234 serapni-

135 3267 209 3318 rtern
235 3249 403 3317 diurnare
428 3253 460 3316 el
483 3268 618 3338 repetem
644 3253 732 3321 lineo
756 3256 807 3322 sni
831 3253 961 3341 poneris
987 3251 1157 3317 decorare.
1201 3247 1277 3334 lpse

137 3365 221 3418 vero
247 3344 352 3416 Oratii
376 3349 530 3420 uersibus
558 3351 684 3421 eisdem
710 3353 884 3422 videbatur
917 3349 1105 3435 aliqualiter
1131 3363 1279 3434 respon-

139 3445 234 3531 dere,
261 3449 318 3535 qui
343 3447 438 3516 dicit:

237 3545 402 3638 „Singula
430 3546 472 3615 da
498 3545 596 3615 vobis
623 3546 701 3614 anni
726 3543 907 3633 predantur
933 3551 1069 3615 euntes:

263 3647 422 3735 Eripuara
447 3647 555 3736 iocos,
581 3663 750 3734 venerem,
779 3647 943 3734 convivia,
970 3643 1118 3714 ludum.“

138 3743 289 3814 Tandem
315 3763 500 3834 persuasus
535 3745 696 3830 cogitavit
732 3745 760 3811 si
795 3745 962 3814 abstracta
994 3746 1133 3833 imperio
1165 3759 1279 3810 resar-

140 3845 239 3932 ciret;
267 3845 354 3912 sicut
380 3850 432 3914 est
457 3862 597 3930 regnum
624 3843 836 3933 Arelatense,
873 3845 963 3932 qnod
1001 3863 1059 3912 rex
1085 3843 1221 3912 Francia
1248 3845 1282 3908 at
1380 3883 1384 3892 ·

137 3943 195 4012 alii
221 3961 282 4033 par
307 3943 534 4031 Burgundiam
563 3950 595 4010 et
620 3943 824 4011 Provinciam
844 3942 1074 4032 possidebant.
1114 3941 1187 4010 Fuit
1204 3944 1282 4008 ate-

136 4045 206 4112 nim
234 4043 346 4112 oordis
372 4045 424 4113 sui
450 4041 621 4110 meditatio
650 4048 767 4110 contra
792 4060 932 4129 regnum
959 4049 991 4110 et
1010 4060 1123 4127 regem
1142 4039 1282 4108 Francia

136 4143 276 4210 militem
302 4143 499 4231 instaurare,
536 4148 570 4208 ot
604 4159 705 4228 super
738 4140 801 4208 boc
836 4143 949 4209 amieis
986 4140 1197 4228 frequencius
1229 4139 1283 4206 lo-

137 4243 315 4330 quebatur.
361 4243 555 4329 Audireque
583 4240 673 4326 quod
700 4239 767 4308 dox
793 4239 985 4326 Burgundio
1018 4242 1116 4308 liliam
1144 4254 1287 4326 corpore

173 4367 307 4406 aonnrrnn
328 4365 430 4406 nonnas
449 4366 469 4409 r.
800 4350 805 4362 '
1053 4351 1083 4404 21
