3052 4878
283 209 356 278 ltu
600 237 715 284 nroornr
736 238 780 282 ur.
802 237 942 284 uornonr.
964 237 1099 282 nuunrro.

201 388 267 444 1312
283 365 405 464 rentur,
423 376 500 462 quia
516 380 705 444 meruerant
717 377 845 444 ratione
863 375 1037 444 ouinsdam
1048 375 1266 444 ordinationis
1281 382 1313 444 et
1325 393 1400 464 pro-

282 475 489 542 clamationis
525 473 630 564 laete,
663 473 754 560 quod
785 476 974 561 quiounque
1008 473 1093 542 inira
1125 480 1248 542 eertum
1282 481 1401 563 tempus

282 590 356 640 oum
378 575 448 640 suis
469 571 649 640 rebellibus
667 573 871 640 inveniretur
892 575 1020 642 ratione
1041 571 1211 661 stipendii,
1239 573 1328 660 quod
1345 592 1402 660 pu·
1505 608 1506 692 ,

281 673 407 740 nitetur
432 672 520 740 siout
546 671 678 740 rebellis
698 679 731 740 et
753 671 879 758 bostis3
905 673 984 740 item
1002 671 1168 762 dioebant,
1185 671 1277 758 quod
1292 673 1320 740 si
1335 671 1403 739 illos
1505 697 1506 722 ι

281 771 404 859 primos
432 777 549 859 oaptos
577 769 809 860 suspenderet,
837 771 947 838 nullus
975 770 1017 839 de
1044 788 1157 839 eorum
1184 772 1285 838 sooiis
1305 769 1404 838 aude·

282 873 333 937 ret
358 887 396 938 se
428 887 556 957 ponere
581 870 616 936 in
642 869 708 938 alio
735 877 845 939 oestro
882 869 992 958 firmo,
1021 876 1055 938 et
1086 886 1148 958 per
1179 869 1245 938 hoo
1273 869 1405 936 rebelles
1505 863 1506 876 ’

282 967 383 1035 'lusoi
408 967 473 1035 sibi
498 967 685 1056 obedirent,
713 970 770 1054 qni
796 969 904 1036 solum
928 970 964 1035 in
988 969 1139 1057 potentia
1160 973 1193 1035 et
1210 969 1328 1036 virtute
1345 966 1406 1034 Ca-

282 1066 489 1135 thalanornm
507 1085 643 1136 suorum
662 1067 952 1154 stipendiariorum
972 1066 1191 1155 confidentes,
1219 1084 1288 1136 non
1303 1068 1336 1134 in
1353 1083 1408 1134 se-

282 1170 350 1234 met
383 1166 486 1255 ipsis,
515 1167 571 1252 qui
596 1167 706 1233 miseri
733 1173 811 1234 sunt
844 1167 879 1232 in
906 1167 1020 1255 armis,
1053 1164 1298 1234 contradicunt:
1325 1165 1408 1232 nullo

282 1262 382 1332 modo
416 1264 521 1332 voluit
555 1266 721 1332 sustinere
756 1263 847 1351 quod
882 1269 1106 1354 morerentur,
1134 1263 1196 1332 sed
1221 1266 1317 1353 ipsos
1343 1280 1410 1330 oum

282 1361 357 1431 aliis
385 1361 426 1430 de
453 1363 517 1430 illis
543 1363 692 1451 partibus
723 1370 841 1451 oaptos
869 1363 911 1430 de
937 1362 1040 1432 Roma
1066 1368 1146 1452 post
1171 1380 1208 1430 se
1234 1365 1269 1430 in
1295 1379 1409 1448 magna

281 1462 415 1528 miseria
441 1461 517 1529 duoi
542 1460 629 1551 feeit,
658 1469 691 1529 ot
707 1463 742 1529 in
761 1462 848 1531 festo
871 1463 1052 1529 nativitatis
1081 1460 1202 1529 Christi
1227 1461 1271 1530 ad
1296 1477 1408 1550 preces

281 1577 373 1628 meas
389 1565 422 1628 et
436 1561 572 1629 aliorum
589 1561 760 1629 meliorum
774 1578 825 1629 me
841 1563 890 1628 eis
904 1562 1145 1648 eompatientes
1161 1559 1249 1648 apud
1264 1566 1409 1628 sanetum

281 1657 480 1728 Cassianum
505 1660 629 1740 liberos
657 1659 789 1728 dimisit.
828 1659 904 1728 Non
927 1665 1036 1727 tamen
1059 1660 1109 1726 eis
1132 1659 1231 1748 bona,
1258 1658 1410 1728 videlieet

280 1776 387 1844 equos
410 1764 445 1826 et
458 1778 557 1849 arma,
575 1760 732 1844 restituit5
761 1758 838 1845 quia
854 1758 940 1826 bene
956 1759 1093 1846 petitum
1109 1756 1171 1825 init
1190 1757 1232 1825 ab
1250 1757 1411 1845 aliquibus

279 1857 479 1946 melioribus,
507 1860 535 1924 si
560 1858 685 1924 vellent
710 1874 784 1926 eum
811 1873 851 1925 eo
877 1874 1012 1925 manere
1039 1863 1073 1924 et
1099 1857 1163 1925 sibi
1190 1857 1328 1947 servire,
1356 1856 1409 1942 qui

276 1972 412 2022 oausam
439 1960 556 2024 eontra
580 1956 790 2024 Florentinos
817 1955 972 2046 habebat,
1000 1956 1087 2022 siout
1112 1954 1306 2024 serviebant
1331 1954 1408 2022 Flo-

276 2055 425 2142 rentiniS,
453 2055 509 2141 qui
535 2055 658 2122 nullam
683 2057 804 2121 iustam
828 2072 962 2122 eausam
986 2053 1163 2142 habebant,
1191 2055 1269 2140 quio
1288 2053 1408 2121 inobe-

276 2150 406 2220 dientes
428 2151 563 2221 domino
586 2170 649 2221 suo
671 2158 774 2243 erant,
803 2152 904 2240 aliqui
929 2152 1082 2220 dixerunt
1104 2150 1194 2240 qnod
1218 2154 1278 2241 sio,
1308 2151 1411 2264 aliqui
1507 2199 1508 2212 ι

275 2251 367 2336 quod
392 2267 470 2340 non,
498 2269 572 2319 enm
599 2257 714 2320 essent
740 2251 862 2318 subditi
888 2254 978 2337 regis
1000 2249 1146 2341 liuberti,
1174 2252 1229 2338 qui
1257 2267 1319 2319 eos
1346 2251 1410 2317 rni-

277 2355 378 2418 serot.
421 2350 543 2418 Postea
568 2351 609 2417 ab
637 2351 803 2438 aliquibus
829 2348 890 2419 luit
915 2349 1038 2418 dietum
1063 2367 1124 2439 pro
1153 2350 1292 2440 meliori,
1322 2346 1412 2436 quod

278 2449 389 2516 nullus
417 2467 530 2517 eorum
557 2454 736 2518 teneretur.

351 2544 465 2618 Altera
481 2548 535 2616 die
553 2550 690 2617 venitm
704 2540 894 2637 Pbignino¹,
913 2489 1134 2635 puloberrimo
1152 2547 1230 2616 loeo
1248 2547 1324 2614 sine
1341 2565 1413 2614 mu·

276 2648 331 2737 ris,
359 2650 456 2734 quasi
477 2649 517 2716 ab
532 2649 649 2717 ineolis
666 2647 803 2716 dimisso
821 2653 955 2735 propter
973 2647 1134 2714 timorem.
1168 2645 1217 2712 lbi
1234 2653 1416 2733 pernoota·

275 2747 382 2813 vimus
408 2764 518 2834 usque
543 2765 651 2816 mane.
690 2747 732 2814 Et
749 2752 827 2814 tuno
850 2761 969 2813 versus
993 2751 1137 2813 oestrum
1152 2737 1323 2813 Anoisse²
1347 2743 1414 2814 lor·
1508 2783 1509 2786 =

278 2845 457 2935 tissimum,
484 2847 611 2931 inquo
638 2849 708 2912 erat
734 2850 804 2912 tota
829 2843 943 2910 militia
967 2843 1150 2933 Florentie,
1178 2848 1256 2931 post
1283 2846 1413 2912 tertiam

276 2944 439 3011 venimus,
481 2942 569 3010 Pons
591 2949 661 3010 erat
678 2943 723 3009 ibi
747 2959 848 3030 snper
864 2960 985 3029 aquam
999 2943 1091 3010 nullo
1108 2940 1208 3010 modo
1230 2959 1305 3009 oum
1324 2959 1413 3029 equo

277 3039 460 3109 meabilem.
499 3041 605 3130 Prope
627 3048 771 3108 oestrum
791 3058 892 3128 super
909 3042 999 3108 illum
1024 3046 1161 3130 pontem
1180 3046 1214 3108 et
1230 3041 1323 3109 eirea
1340 3060 1418 3108 rnu-

278 3155 333 3206 ros
361 3146 394 3206 et
418 3146 533 3227 portas
560 3141 849 3209 erantllorentini
876 3141 990 3207 armati
1016 3139 1234 3229 pulcherrime
1257 3141 1419 3229 etmulti,

278 3241 312 3305 et
336 3241 373 3304 ut
398 3237 569 3308 dieebatur
599 3241 634 3307 in
659 3238 762 3326 duplo
798 3256 896 3325 quarn
929 3256 1011 3324 noa,
1040 3240 1117 3325 qnia
1152 3245 1234 3305 tuno
1258 3239 1293 3305 in
1322 3240 1420 3326 equis

276 3336 375 3424 pauni
411 3354 558 3428 eramus,
586 3344 620 3406 et
650 3338 731 3406 nulli
761 3336 893 3424 pedites
920 3337 1046 3405 armati.
1085 3337 1127 3405 Et
1152 3337 1230 3423 quia
1256 3353 1328 3405 non
1356 3337 1417 3405 fnit

276 3435 331 3501 via
356 3450 420 3501 neo
444 3453 504 3522 per
529 3455 647 3523 aquam
673 3454 737 3504 neo
761 3454 823 3524 per
848 3442 994 3525 pontem,
1021 3453 1084 3503 neo
1109 3435 1234 3503 bellare
1257 3442 1418 3522 poterant

278 3533 343 3599 nisi
367 3533 414 3600 illi
440 3533 482 3601 de
508 3533 592 3602 loeis
618 3535 673 3602 ubi
709 3540 803 3602 erant
836 3533 1102 3620 descenderent,
1138 3551 1240 3622 supra
1267 3540 1417 3604 oestrum

277 3648 337 3719 per
361 3637 507 3700 montem
533 3635 606 3700 sine
631 3635 696 3723 via,
723 3632 779 3701 ubi
804 3651 873 3701 non
900 3632 1073 3701 dioebatur
1092 3651 1151 3720 per
1174 3632 1305 3700 ineolas
1325 3632 1419 3720 qnod

278 3731 464 3826 aliqualiter
477 3748 657 3819 possemus
677 3731 863 3800 aseendere
878 3749 942 3799 neo
959 3733 1107 3821 transire,
1122 3732 1251 3820 ivimus,
1266 3735 1300 3803 et
1309 3750 1422 3820 prope

215 3857 221 3863 ¹
278 3836 420 3898 oestrum
455 3849 497 3898 ex
529 3830 594 3898 elia
618 3836 713 3919 parte
739 3846 860 3897 versus
886 3830 1085 3898 Florentium
1112 3830 1308 3920 venienteS,
1340 3833 1422 3898 eui-

277 3935 395 3996 verunt
421 3929 467 3998 illi
493 3929 535 3997 de
562 3935 673 3998 oestro
699 3930 734 3996 in
761 3927 868 3996 eaudu
894 3930 1072 4019 exereitus,
1100 3934 1134 3996 et
1156 3927 1217 3996 luit
1241 3927 1285 3995 ibi
1311 3927 1422 3998 durus

278 4027 453 4096 condietus
477 4028 647 4120 nobilium,
675 4026 819 4096 etmulti
843 4030 961 4096 mortni
982 4026 1155 4096 Cathalani
1180 4032 1214 4094 et
1232 4026 1422 4096 Florentini

277 4142 337 4212 per
364 4132 498 4211 gentem
524 4127 732 4218 imperatoris
758 4125 901 4194 luerunt.
939 4127 981 4196 Et
1001 4131 1037 4196 ut
1057 4126 1098 4195 ab
1121 4124 1273 4196 omnibus
1294 4133 1423 4216 postea

314 4250 343 4316 l)
362 4250 462 4318 Figline
479 4267 520 4308 am
537 4251 618 4308 Arno.
659 4253 690 4323 2)
708 4255 793 4313 lneisa
811 4270 851 4310 am
869 4255 949 4311 Arno.
