3044 4882
429 300 576 350 ronanuns
598 302 809 348 vroronrnusrs.
846 300 871 363 3,
890 299 915 351 6.
1171 272 1240 340 Str

100 455 139 507 so
168 443 355 508 servantes.
389 439 515 508 Hostes
546 438 676 508 eduotis
698 439 818 526 gladiis
845 443 990 531 irruunt,
1018 439 1241 508 absolutionis

99 538 297 606 benolioium
324 547 479 627 posount,
508 556 575 625 quo
600 556 661 626 per
686 557 760 606 eum
786 540 913 629 pridem
931 538 1062 608 luorant
1078 536 1243 606 innodati.

99 637 217 704 Prasul
244 639 354 705 soiens
382 638 491 706 omnia
518 654 583 723 que
604 642 744 706 ventura
767 645 861 707 erant
885 657 986 728 super
1012 655 1098 726 eum,
1124 634 1242 703 indui-

97 741 152 800 tur
169 734 331 804 ,omnibus
359 737 560 802 ornamentis
586 736 773 826 papalibus,
802 755 932 806 oruoem
954 753 1098 824 auream,
1125 736 1160 802 in
1177 753 1244 822 qua

98 833 241 900 maxima
266 850 343 920 pers
370 831 430 900 luit
455 832 497 900 de
522 834 616 920 ligno
645 835 785 926 Domini,
813 836 856 904 ad
882 842 1002 926 peetus
1029 835 1152 924 posuit,
1180 851 1243 902 as-

99 947 218 998 serens
245 932 328 999 mori
355 936 566 1020 separatum
594 950 654 1021 pro
679 934 913 1003 oonservanda
935 934 1028 1003 sedis
1056 932 1242 1020 apostoliea

98 1027 271 1115 libertate;
308 1030 422 1116 sieque
459 1030 501 1098 ad
534 1034 654 1100 ostium
686 1033 901 1121 procedebat.
945 1033 1128 1119 Statimque
1155 1047 1242 1099 unus

99 1126 246 1194 eumad
280 1141 407 1194 murum
433 1130 579 1212 graviter
606 1149 678 1196 oum
706 1133 794 1200 ostio
821 1133 1084 1218 oomprimebat,
1108 1128 1241 1198 dieeus:

97 1223 239 1292 Intrasti
268 1227 305 1292 ot
334 1225 464 1310 volpes,
489 1227 637 1310 reparasti
667 1229 705 1292 ut
735 1225 805 1310 teo,
831 1228 980 1295 momoria
1005 1229 1042 1295 ut
1064 1225 1168 1292 eoois.
1203 1224 1242 1292 ln

99 1339 170 1410 quo
206 1328 323 1392 eontra
350 1322 554 1390 Celestinum
582 1324 654 1390 eius
680 1324 977 1416 predecessorem,
1005 1327 1033 1392 si
1060 1328 1169 1390 tamon
1195 1324 1243 1392 ita

97 1420 170 1512 luit,
198 1420 361 1490 lallaoiam
386 1425 421 1489 in
449 1422 564 1510 vulpe,
594 1427 709 1490 eontra
736 1422 1003 1513 Columpnensos
1031 1425 1181 1492 sevitiam
1207 1423 1241 1489 in

95 1520 217 1612 leone,
246 1527 280 1589 et
304 1522 475 1609 inopinate
501 1522 621 1588 misere
654 1523 768 1589 mortis
802 1524 994 1590 instantiam
1020 1520 1183 1607 arguebat
1208 1522 1241 1588 in

97 1637 194 1687 eane.
225 1619 340 1688 Fertur
360 1618 511 1708 pontifex
526 1619 763 1707 respondisse:
790 1620 863 1688 Noa
888 1639 960 1688 som
980 1618 1155 1706 propbeta,
1180 1635 1242 1686 aee

96 1718 184 1790 olam
193 1717 364 1803 propbete,
387 1720 448 1786 sed
461 1735 571 1803 repam
585 1718 787 1786 Francorum
805 1720 879 1786 dieo
892 1718 1123 1786 miserabiliter
1136 1718 1241 1784 otetu-

95 1833 178 1900 rom,
206 1815 346 1884 breuiter
360 1819 559 1900 mouturam,
584 1821 740 1884 etsemea
755 1819 838 1885 uteri
863 1819 914 1886 sai
939 1819 981 1886 de
1006 1816 1122 1885 tbrooo
1147 1817 1241 1901 repat

95 1915 250 1983 celeriter
266 1915 475 2000 defectorum.
512 1913 584 1996 Quo
600 1917 710 1984 omnia
736 1918 822 1984 siout
847 1917 974 2006 patebit
1000 1933 1063 1984 suo
1091 1921 1240 2003 tempore

96 2017 176 2082 sunt
203 2014 347 2102 impleta.
381 2013 521 2095 Quidam
550 2032 650 2102 super
679 2015 744 2082 biis
772 2017 961 2104 eompunoti
988 2015 1239 2083 abscesserunt.

95 2111 197 2180 Cives
232 2119 311 2202 post
344 2113 407 2180 boo
439 2130 515 2181 sera
541 2113 632 2181 duoti
658 2114 843 2201 penitentia
869 2132 986 2183 omnes
1012 2113 1239 2198 Franoigenas

95 2211 306 2303 expulerunt,
332 2229 520 2300 papamque
546 2213 581 2280 in
606 2212 780 2301 profundis
808 2213 1056 2282 tribulationum
1081 2211 1237 2280 lluotibus

93 2312 310 2398 reliquerunt.
346 2308 452 2391 Quem
478 2312 731 2400 potentissimus
747 2310 969 2380 Romanorum
992 2311 1146 2379 dominus
1170 2309 1238 2377 Ur-

93 2410 190 2477 sinus
218 2411 252 2477 in
270 2410 384 2478 urbem
404 2408 575 2499 perduxit3
601 2410 714 2497 ibique
742 2411 927 2478 artantibus
953 2429 1027 2478 eum
1054 2408 1237 2498 doloribus,

91 2515 274 2596 postquam
300 2508 388 2578 sedit
413 2515 489 2578 ooto
516 2510 623 2598 erinis,
650 2508 822 2576 mensibus
851 2509 1014 2598 undeoim,
1042 2508 1172 2576 transiit
1196 2517 1318 2574 exleoa

92 2607 161 2676 boo
186 2607 330 2698 mundo,
365 2609 400 2675 in
427 2607 572 2676 aeolesia
604 2607 693 2675 beati
719 2607 805 2674 Petri
831 2606 951 2697 Rome,
984 2609 1018 2674 in
1047 2605 1234 2694 sepulobro,
1260 2599 1320 2706 ⁰2ch

92 2705 187 2792 quod
217 2707 281 2774 sibi
310 2708 457 2794 pretiose
485 2706 661 2795 disposuit,
689 2706 857 2794 sepelitur.
900 2705 960 2773 Cui
988 2703 1139 2773 suooedit
1164 2703 1236 2770 Be-

91 2803 250 2873 nediotus
265 2805 462 2873 undeoimus
482 2807 641 2891 magister
660 2804 1050 2873 ordinisPredioatorum.
1077 2801 1139 2883 Qui
1159 2801 1237 2870 dum

92 2921 112 2970 a
129 2903 298 2973 Laterano
313 2902 356 2972 ad
372 2909 522 2972 sanetum
541 2903 669 2971 Petrum
688 2903 895 2994 proaederet,
914 2921 1002 2972 unus
1019 2900 1236 2970 oardinalium

91 3018 136 3070 ox
171 3002 314 3090 quadam
357 3005 435 3071 turri
469 3003 612 3088 graviter
647 3002 846 3071 vulneratur.
899 3000 1003 3082 Quem
1038 3000 1116 3069 dum
1149 3017 1238 3088 papa

92 3100 249 3189 dissipari
273 3103 470 3191 preoiperet,
498 3104 589 3170 oives
608 3101 797 3170 nullatenus
816 3101 1030 3191 admiserunt,
1059 3100 1236 3186 statimque

91 3199 267 3268 Perusium
294 3218 332 3268 se
360 3200 525 3268 transtulit
551 3200 594 3268 ob
621 3199 709 3268 bano
736 3218 882 3268 oausam.

169 3295 269 3369 Anno
300 3299 423 3368 domiui
450 3299 695 3366 m.ooo.iiii.rex
721 3292 1016 3387 illisie1morirm,
1044 3299 1237 3385 relinquens

91 3414 195 3464 unam
216 3398 327 3488 filiam,
352 3416 448 3486 quam
464 3416 523 3467 rex
538 3397 698 3466 Bohemie
715 3397 961 3464 Wenozeslaus
978 3395 1081 3488 duxit,
1098 3413 1238 3483 regnum

87 3495 175 3563 illud
200 3496 349 3566 adioiens
382 3515 487 3583 regno
522 3513 596 3565 suo.
636 3492 792 3563 Albertus
820 3513 978 3565 asserens
1005 3496 1071 3564 boo
1097 3512 1237 3581 regnum

87 3593 135 3662 ad
173 3595 344 3684 imperium
378 3595 588 3684 devolutum,
615 3595 859 3664 instantissime
886 3595 1077 3684 repetebat,
1105 3598 1139 3660 et
1165 3599 1238 3661 orta

88 3698 174 3760 sunt
194 3696 281 3762 inter
306 3711 367 3762 eos
388 3647 588 3780 gravissima
609 3700 847 3763 wernamenta.
879 3693 1098 3780 Condatoque
1118 3688 1237 3777 grandi

86 3793 242 3860 exercitu
276 3790 432 3861 Albertus
465 3793 657 3861 Bohemiam
691 3792 893 3883 ingreditur,
927 3799 960 3860 et
986 3809 1127 3902 regnum
1153 3806 1236 3877 per·
1253 3801 1323 3854 reor

85 3892 262 3958 transiens
297 3910 405 3980 usque
439 3891 481 3959 ad
513 3890 644 3959 fodinas
678 3890 886 3959 Kuttinarum
918 3908 1005 3978 pene
1032 3889 1143 3957 omnia
1170 3886 1236 3955 de·
1260 3881 1318 3924 0οΤ

83 3991 249 4058 vastavit.
275 3989 347 4060 Rex
359 3991 582 4059 Bobemorum
593 3991 727 4076 trrgrnta
740 3989 871 4057 mrlrbus
882 4005 1061 4058 marearum
1073 4003 1236 4074 eprsoopo

83 4088 295 4174 Moguntino
325 4089 465 4157 duoibus
487 4088 633 4157 Saxonie
652 4106 691 4156 ae
709 4089 784 4156 aliis
808 4088 1001 4177 distributis,
1020 4087 1077 4154 et
1068 4102 1142 4174 rpse
1161 4104 1237 4152 ma-

126 4239 160 4303 1)
182 4236 258 4293 lllisie
282 4239 351 4294 stebt
374 4244 436 4294 statt
462 4239 569 4303 Silesie;
594 4240 710 4306 gemeint
731 4241 765 4294 ist
788 4238 904 4306 Premysl
925 4237 973 4292 der
990 4237 1070 4292 letzte
1088 4237 1166 4303 konig
1185 4251 1237 4290 ron

82 4306 180 4360 Polen
197 4321 240 4360 aus
259 4308 318 4362 dem
335 4307 496 4363 Plastiseben
515 4313 636 4374 stauuae,
654 4306 703 4360 der
720 4322 761 4362 am
779 4307 795 4362 6
812 4306 863 4362 leb
867 4295 949 4364 1296
972 4307 1103 4362 ermordet
1121 4305 1219 4360 warde
