3096 4882
294 177 365 250 206
627 207 730 254 smnrr
751 205 886 254 tubures
907 205 961 252 oss
981 207 1095 254 elisar.

350 342 398 404 12.
420 337 547 418 Ludwig
574 341 743 404 rbmlscber
772 341 874 404 kaiser
905 339 1041 404 schreibt
1070 339 1139 404 dem
1167 342 1262 417 Aloys
1290 342 1432 417 liouzega

415 423 600 486 reicbsriear
621 425 803 502 inlibatus,
825 422 897 484 dass
920 439 953 486 er
974 440 1080 499 wegen
1100 424 1278 488 binderniss
1300 423 1356 486 des
1376 425 1429 485 kb-

416 508 485 582 nlgs
507 520 566 566 rou
588 505 721 568 Bb'hmeu
753 505 809 567 auf
833 504 892 567 den
920 509 1079 580 gesetzteu
1100 507 1140 568 23
1162 507 1240 584 april
1269 506 1348 568 nach
1372 507 1430 568 lta-

293 617 297 622 ·
416 585 479 649 llen
507 587 593 648 nicht
619 587 852 649 zurllcklrebren
879 588 997 666 kenne,
1026 603 1090 649 nun
1116 587 1188 650 aber
1209 589 1288 652 habe
1309 604 1343 649 er
1364 588 1431 649 sich

414 672 470 731 mit
497 669 580 730 allen
608 672 640 732 iu
668 668 876 732 Deulschlaud
907 668 1076 732 besonders
1105 673 1159 731 mit
1190 670 1249 733 den
1276 670 1432 745 berzogen

415 766 475 814 ron
497 752 654 814 Oestreieb
676 751 845 827 dergestalt
866 754 1017 831 geeinigt,
1047 752 1119 814 dass
1141 769 1175 814 er
1196 752 1361 814 sicberlicb
1382 753 1430 815 bis

415 836 457 896 24
476 837 541 896 iuni
568 837 621 896 mit
648 837 748 896 ciuem
775 834 867 896 heere
896 833 975 896 naeb
1008 835 1062 896 der
1084 835 1265 898 bombardei
1288 835 1431 897 kommen

416 915 539 995 werde,
566 916 756 978 einstweilen
785 914 880 978 sende
901 932 935 976 er
957 917 1017 978 den
1037 915 1230 993 pfalzgrafen
1250 933 1306 978 zur
1327 920 1430 977 unter-

417 1001 562 1076 stlltzuug
583 1002 684 1060 seiner
705 997 882 1076 anhinger,
904 995 953 1058 die
976 1014 1009 1058 er
1029 1014 1083 1059 zur
1105 998 1362 1076 staudbaftiglreit
1383 1014 1430 1060 er·

292 1103 296 1113 ·
416 1079 532 1160 mabnt,
553 1096 674 1142 vorans.
717 1080 875 1159 blbncben,
900 1079 979 1141 1330
1000 1095 1065 1158 apr.
1089 1082 1139 1143 23.

368 1235 575 1306 Ludowicus
608 1236 662 1305 dei
688 1238 802 1324 gracia
831 1235 1053 1306 Romanorum
1079 1236 1272 1326 imperator,
1299 1253 1432 1325 semper

293 1342 472 1422 augustus.
522 1336 633 1406 Nobili
658 1337 729 1404 viro
755 1336 883 1423 Lopsio
911 1335 952 1404 dc
980 1335 1160 1426 Gunzago,
1191 1335 1315 1404 vicario
1343 1335 1430 1403 eivi-

294 1437 371 1504 tatis
397 1434 546 1525 llantue,
577 1435 667 1523 [suo
687 1441 720 1504 et
740 1436 869 1523 imperii
894 1434 984 1504 fideli
1011 1433 1144 1524 dilecto,
1172 1434 1317 1520 graciam
1334 1452 1431 1502 suam

295 1539 330 1602 et
349 1551 447 1602 omne
464 1533 599 1604 bonum.
641 1533 824 1622 Imperialis
842 1539 955 1602 nostre
977 1532 1185 1602 celsitudinis
1201 1532 1348 1602 debitum
1365 1551 1430 1604 uos

294 1631 488 1720 frequentor
512 1651 592 1703 eura
616 1634 709 1720 vigili
732 1633 737 1722 l
760 1632 803 1703 ad
829 1633 892 1702 beo
917 1633 1076 1702 sollicitat
1093 1638 1127 1700 et
1151 1633 1311 1722 hortatur,
1339 1631 1432 1719 quod

295 1732 355 1800 tibi
381 1739 414 1802 et
444 1734 610 1801 universis
643 1733 766 1801 nostris
799 1731 952 1800 fidelibus
986 1733 1020 1799 in
1046 1731 1175 1820 Y'talia,
1210 1749 1275 1819 que
1302 1749 1431 1820 sponsa

294 1837 412 1900 nostra
437 1831 558 1900 dilecta
584 1831 655 1898 lore
682 1830 873 1921 dinoscitur,
901 1847 961 1920 per
984 1829 988 1914 Ι
1012 1847 1193 1900 succursus
1210 1835 1347 1898 nostros
1367 1849 1431 1900 sa-

294 1928 407 1998 lubres
435 1935 469 1998 et
492 1935 647 2019 polentes
674 1930 835 2000 altissimo
863 1929 1072 1998 concedente
1098 1946 1314 2018 preparemus
1334 1934 1459 2006 tran-‚

296 2028 466 2115 quillitatis
493 2035 528 2096 et
551 2029 644 2117 pacis
671 2029 879 2098 commodum
906 2034 939 2097 et
957 2034 1181 2115 augmentum.
1224 2027 1314 2096 Sciat
1330 2029 1432 2114 igitur

294 2133 353 2195 tua
369 2126 513 2196 fidelitas
537 2134 696 2197 constans
715 2134 749 2196 et
768 2128 901 2213 devote
929 2127 1171 2216 quodpropter
1194 2126 1432 2216 impedimenta

295 2242 336 2294 ae
369 2227 472 2294 eciam
508 2225 709 2295 debilitatem
738 2227 898 2315 principis
926 2233 960 2294 et
985 2226 1094 2294 affinis
1120 2227 1225 2294 nostri
1251 2227 1430 2316 karissimi,

293 2325 430 2394 illustris
456 2327 546 2412 regis
571 2326 718 2410 Boemie‚
746 2327 780 2394 in
807 2327 957 2417 termino,
984 2325 1049 2394 hoc
1075 2332 1127 2394 est
1151 2327 1186 2393 in
1210 2323 1296 2394 sesto
1322 2326 1432 2394 sancti

296 2423 407 2494 Georii
433 2442 522 2493 nuuc
547 2425 722 2514 instantiS,
751 2443 847 2512 quem
882 2425 938 2493 tibi
965 2431 998 2493 et
1023 2424 1096 2492 aliis
1123 2425 1247 2494 nostris
1274 2422 1431 2493 fidelibus

294 2541 356 2612 pro
382 2523 491 2593 reditu
516 2531 633 2594 nostro
658 2529 891 2615 statueramus,
917 2525 1032 2592 venire
1058 2524 1243 2613 nequimus,
1270 2530 1370 2612 prout
1394 2524 1433 2592 iu

294 2629 411 2692 nostro
446 2628 611 2712 conceptu
645 2623 819 2692 habuimus
846 2630 881 2692 et
904 2624 939 2692 in
968 2621 1105 2691 indubia
1130 2640 1170 2691 ac
1197 2621 1288 2690 firma
1313 2623 1434 2692 inten-

294 2723 403 2791 cione.
444 2721 541 2792 Nune
564 2741 646 2792 vero
674 2725 784 2792 omnia
809 2727 924 2791 nostra
950 2723 1094 2808 negocia
1112 2722 1147 2790 in
1172 2721 1321 2809 partibus
1342 2718 1433 2790 Ale·

293 2821 426 2890 mannia
462 2822 512 2889 sic
543 2820 769 2909 disposuimus
797 2827 830 2890 et
856 2839 930 2890 cum
964 2820 1118 2889 omnibus
1148 2821 1273 2889 nostris
1300 2821 1433 2908 princi-

292 2919 391 3007 pibus
418 2967 429 2988 .
452 2967 462 2986 .
489 2918 654 2989 ducibus,
674 2919 875 2989 ,comitibus
901 2969 911 2989 .
936 2969 945 2988 .
970 2918 1151 2988 baronibus
1179 2924 1211 2987 et
1238 2920 1433 3007 specialiter

295 3035 368 3085 cum
392 3017 575 3087 illustribus
600 3017 739 3086 ducibus
758 3015 891 3086 Austrie
909 3018 1185 3104 consanguineis
1204 3018 1329 3086 nostris
1345 3021 1433 3086 arni·

294 3115 443 3184 oabiliter
469 3122 503 3184 et
520 3116 728 3186 concorditer
753 3118 788 3184 in
810 3135 911 3187 unum
937 3119 1166 3208 convenimus,
1195 3116 1375 3187 concordia
1396 3123 1433 3186 et

294 3215 446 3282 amicicia
471 3217 589 3303 procul
615 3216 715 3287 dubio
740 3222 904 3305 perpetuo
932 3214 1105 3307 duratura,
1133 3216 1225 3305 quod
1250 3233 1311 3305 pro
1336 3223 1433 3286 certo

295 3317 328 3380 et
345 3313 588 3405 inevitabiliter,
610 3317 832 3402 coassumptis
849 3315 948 3385 nobis
969 3314 1066 3384 dictis
1084 3317 1208 3385 nostris
1223 3316 1434 3405 principibus

295 3429 335 3479 ac
352 3429 465 3480 eorum
484 3415 633 3500 egregiis
656 3415 735 3482 viris
760 3419 793 3482 et
807 3414 941 3504 viribus,
968 3416 1003 3481 in
1030 3413 1116 3483 sesto
1140 3417 1247 3482 sancti
1267 3414 1434 3483 Iohannis

294 3510 440 3599 baptiste
465 3514 614 3599 proxime
632 3513 772 3581 affutura
793 3512 835 3580 ad
853 3518 965 3602 partes
980 3512 1178 3602 Lompardie
1193 3512 1434 3605 procedemuS,

296 3617 329 3677 et
360 3609 404 3677 ibi
427 3610 658 3698 potencialiter
686 3614 805 3680 crimus
833 3612 1018 3679 certissime
1044 3614 1215 3682 constituti
1239 3629 1312 3679 oum
1337 3629 1436 3698 gen-

296 3709 382 3776 cium
408 3715 593 3777 nostrarum
619 3708 807 3779 fortitudine
833 3707 945 3778 valida
968 3716 1001 3778 et
1026 3713 1164 3799 potenti.
1206 3711 1269 3778 Pro
1292 3712 1436 3799 speciali

295 3811 407 3876 tamen
432 3808 669 3877 consolacione
697 3816 752 3876 tua
776 3814 810 3876 et
836 3808 972 3876 oliorum
989 3815 1177 3878 nostrorum
1196 3808 1342 3876 fidelium
1359 3810 1436 3878 im·
1536 3817 1537 3879 l

295 3905 439 3974 mediate
465 3926 565 3975 uuum
592 3906 633 3975 de
661 3908 932 3993 consanguineis
958 3909 1083 3977 nostris
1109 3909 1265 3976 Palatinis
1293 3909 1436 3977 comiti-

295 4004 359 4072 bus
385 4003 467 4074 Reni
492 4013 525 4076 et
550 4006 691 4075 ducibus
710 4006 872 4096 Bawarie,
900 4009 1101 4075 associatum
1129 4005 1307 4075 sullicienti
1330 4009 1438 4096 copia

297 4110 505 4195 armatorum,
533 4106 591 4173 tibi
617 4123 657 4173 ac
682 4106 806 4173 uostris
833 4104 986 4173 fidelibus
1015 4108 1197 4174 certissime
1223 4107 1438 4176 transmitte·
1535 4153 1536 4202 p

299 4219 388 4291 mus,
417 4206 472 4291 qui
506 4222 569 4274 vos
597 4206 662 4274 isto
689 4203 799 4272 medio
826 4204 991 4273 adventus
1017 4207 1124 4274 nostri
1147 4203 1287 4294 predicti
1312 4211 1441 4276 contra
1535 4215 1536 4264 l
