3096 4882
525 205 593 262 vrr'x
615 216 723 262 xenoni
745 217 853 271 ouxnrr
875 218 934 262 rur.
1226 189 1290 258 231

154 359 210 445 qui
238 355 429 424 anunoiavit
462 355 560 424 vobis
590 373 651 444 per
686 353 787 422 lilium
827 373 923 423 suum
950 354 1117 424 dominum
1145 360 1295 425 nostrum

156 457 268 525 lesum
305 453 469 522 Christum
504 471 617 540 regem
654 453 831 544 celestem,
863 457 959 523 ouius
994 461 1109 544 typum
1136 462 1169 524 et
1202 457 1295 524 vines

157 555 276 641 geritis
302 555 335 621 in
363 554 469 620 terris.
513 553 707 622 Mandatum
733 571 815 622 vero
842 556 947 622 maius
976 562 1045 622 est:
1072 555 1208 641 dilipere
1233 555 1296 622 do-

157 655 278 721 minum
309 652 415 720 Deum
446 669 490 718 ee
515 655 584 718 tolo
609 653 710 719 eorde
735 655 768 717 et
797 670 842 720 ee
872 656 943 719 tolo
968 656 1094 735 aalma,
1122 658 1154 720 el
1173 655 1296 739 prom·-

155 771 241 820 mum
265 753 352 819 aaut
375 753 477 818 semet
499 751 613 838 ipsum.
661 750 696 819 Si
722 768 763 817 ea
789 750 977 821 dileeoione
1004 753 1111 823 Deum
1137 752 1294 841 diligetis,

156 854 283 920 animas
309 855 440 919 vestras
466 868 527 937 pro
555 851 630 938 ipso
656 866 782 938 ponere
808 868 876 918 non
903 849 1139 942 formidabitis,
1168 858 1201 919 et
1226 871 1296 920 non

157 950 313 1019 timebitis
341 967 412 1038 eos,
440 950 496 1035 qui
522 967 643 1038 eorpus
665 948 799 1036 quidem
825 960 968 1038 possunt
993 951 1189 1041 interimere,
1217 953 1294 1020 ani-

156 1069 241 1118 mam
256 1065 335 1117 vero
349 1046 490 1137 perdere
503 1066 573 1116 non
587 1048 710 1117 valent.
737 1046 806 1116 Sed
824 1050 982 1118 timebitis
996 1058 1122 1138 patrem
1136 1058 1293 1138 vestrum,

158 1151 213 1236 qui
239 1153 438 1237 potensest
464 1147 606 1237 salvare,
634 1156 668 1216 et
693 1149 822 1215 mittere
848 1149 882 1215 in
908 1149 1086 1218 iebannam
1113 1152 1295 1238 sempiter-

155 1266 243 1316 num.
288 1247 323 1314 Si
349 1263 430 1315 vero
465 1248 499 1314 in
530 1249 647 1316 timore
672 1247 805 1316 Domini
832 1246 1096 1339 ambulaveritis,
1124 1250 1296 1338 sapiencia

156 1354 303 1416 vestrum
320 1348 380 1414 erit
396 1348 533 1436 initium,
562 1353 595 1414 et
615 1345 804 1415 iudioabitis
828 1345 946 1415 iratres
972 1355 1106 1418 vestros
1133 1351 1167 1416 in
1193 1350 1295 1416 insli-

159 1449 209 1514 aia
245 1451 279 1514 et
312 1448 478 1535 equitate,
512 1451 612 1534 prout
640 1448 708 1534 ipsi
739 1445 877 1515 iudieari
911 1451 1054 1535 speratis
1087 1447 1294 1535 aDomino;

156 1565 219 1614 neo
250 1547 300 1614 sie
325 1545 501 1613 deviabitis
532 1546 566 1614 in
593 1545 743 1635 devium,
770 1546 848 1634 quia
875 1547 928 1613 via
955 1546 1090 1614 Domini
1115 1552 1206 1614 reota
1232 1552 1294 1614 est.

155 1646 290 1732 Eritque
308 1643 535 1712 misericordia
550 1653 663 1713 vestra
682 1662 783 1733 super
802 1662 932 1730 egenos
952 1652 986 1714 et
1002 1663 1179 1734 pauperes,
1197 1650 1295 1733 prout

159 1746 281 1833 optatis
313 1743 571 1812 miserioordiam
607 1746 771 1831 consequi
806 1743 848 1812 de
876 1750 1028 1830 egestate
1056 1751 1090 1813 et
1116 1743 1294 1830 fragilitate

156 1849 270 1912 vestra
292 1861 312 1910 a
334 1843 487 1912 Domino.
525 1843 567 1911 Et
593 1845 764 1933 sapienoia
790 1849 902 1912 vestra
924 1843 1152 1913 lortifioabitur
1177 1845 1211 1910 in
1232 1862 1294 1912 ro-

155 1943 237 2012 bore
259 1942 402 2032 Domini,
430 1947 463 2009 et
488 1949 592 2031 ponet
616 1950 653 2011 ut
680 1961 788 2012 arc-um
812 1961 931 2011 eneum
949 1943 1117 2011 braobium
1136 1949 1293 2032 vestrum,

157 2049 191 2110 et
215 2043 398 2111 eorrteretis
431 2041 519 2110 bolla
551 2041 673 2131 loreia,
709 2050 742 2110 et
775 2041 897 2110 eadent
928 2044 1018 2130 impii
1049 2061 1159 2111 eoram
1185 2042 1294 2130 vobis,

156 2143 235 2209 iusti
269 2147 378 2210 autem
410 2141 615 2227 gaudebunt.
665 2139 901 2228 Cogitaeiones
928 2160 1062 2230 quoque
1088 2143 1294 2209 inimieorum

156 2247 345 2309 vestrorum
360 2240 452 2309 Deus
471 2239 657 2329 dissipabit,
685 2246 718 2308 et
745 2241 879 2309 doeebit
904 2259 967 2310 vos
995 2241 1102 2308 faeere
1129 2243 1294 2308 iusticiam

158 2345 192 2408 et
216 2339 384 2408 iudioium.
435 2339 609 2408 llevelabit
644 2339 741 2406 vobis
775 2345 922 2426 seoreta,
950 2341 1146 2407 scrutinium
1172 2342 1295 2408 iustum

157 2438 316 2508 ostendet
339 2437 447 2526 vobis,
476 2444 509 2505 et
525 2455 592 2505 non
611 2437 764 2525 palliabit
783 2440 833 2506 vir·
855 2443 985 2505 astutus
1012 2439 1172 2506 maliciam
1201 2457 1294 2506 suam

156 2545 234 2605 ante
262 2537 380 2606 laniem
406 2543 559 2626 vestrum,
588 2539 665 2624 quia
692 2539 826 2625 spiritus
854 2538 1017 2623 sapientie
1043 2543 1076 2605 et
1100 2537 1294 2604 intellectus

154 2636 290 2705 Domini
310 2637 371 2703 erit
387 2637 421 2704 iu
434 2635 541 2704 vobis.
575 2636 618 2703 Et
629 2629 846 2704 vetabuntur¹
862 2635 949 2703 oouli
965 2637 1160 2704 iniustorum
1182 2653 1294 2703 ooram

155 2736 265 2825 vobis,
293 2735 455 2823 tolletque
469 2735 563 2803 Deus
581 2734 623 2802 de
642 2734 796 2804 eordibus
815 2752 929 2802 eorum
947 2734 1094 2823 verbum,
1122 2740 1154 2802 et
1171 2752 1292 2802 amen-

154 2843 207 2902 tes
234 2841 332 2903 erunt
356 2836 609 2923 proposieiones
629 2853 751 2904 eorum.
798 2833 909 2902 Iustus
936 2840 1045 2902 autem
1072 2833 1214 2902 salvabit
1239 2835 1294 2900 vi-

154 2940 223 3002 tam
249 2952 354 3022 suam,
382 2935 499 3020 sieque
523 2935 583 3001 erit
601 2934 709 3002 honor
734 2935 824 3018 regis
834 2925 856 3023 ²,
885 2931 962 3021 quia
987 2933 1095 3002 bonor
1121 2935 1210 3019 regis
1237 2935 1294 3000 iu-

155 3032 276 3102 dieium
304 3031 422 3120 diligit.
468 3033 510 3101 Et
530 3039 663 3120 sceptra
682 3040 796 3101 vestra
817 3032 982 3100 llorebunt
1008 3051 1118 3101 coram
1138 3032 1292 3122 Domino,

155 3133 234 3219 quia
250 3133 449 3221 porrexistis
469 3150 510 3200 ea
530 3133 639 3221 lapso,
667 3139 701 3199 et
725 3132 860 3219 inopem
887 3134 1075 3200 extraxistis
1102 3131 1144 3199 de
1170 3132 1293 3218 laqueo

152 3234 363 3300 venaneium.
411 3230 687 3319 Dyademataque
718 3237 831 3299 vestra
857 3229 1100 3321 splendebunt,
1129 3237 1162 3298 et
1188 3229 1292 3298 lanies

149 3337 264 3399 vestre
300 3330 569 3420 illustrabuntur,
588 3331 684 3418 uuio
718 3331 807 3399 oeuli
841 3331 1044 3417 sapienoium
1075 3333 1108 3398 in
1135 3333 1209 3418 ipsa
1234 3348 1293 3398 re-

152 3432 299 3518 spioient
325 3435 358 3498 et
374 3429 558 3500 laudabunt
574 3429 750 3499 Dominum
775 3428 946 3497 dieentes:
978 3429 1112 3497 Adiciet
1134 3429 1294 3496 Dominus

152 3530 226 3598 dies
255 3531 346 3616 repis
378 3547 478 3614 nuper
510 3529 580 3596 dies
606 3531 683 3596 eiua
727 3528 764 3596 ln
790 3530 1016 3614 generacione
1043 3531 1202 3596 iustorum
1229 3529 1293 3595 be-

150 3627 330 3698 nedieetnr
365 3645 481 3696 semen
514 3634 672 3698 vestrum.
716 3625 903 3696 Avarioiam
930 3629 959 3696 si
993 3626 1072 3696 odio
1099 3627 1292 3714 habueritis,

151 3726 293 3798 afluent
325 3727 424 3796 vobis
460 3727 596 3816 divide,
634 3727 753 3814 quibus
785 3728 888 3796 nolite
916 3743 974 3796 eor
1000 3743 1193 3814 apponere,
1232 3723 1293 3793 sed

147 3828 375 3896 thesaurisate
411 3826 506 3895 vobis
542 3829 767 3916 sapienoiam,
809 3829 965 3914 quoniam
999 3827 1034 3892 in
1068 3825 1293 3913 possessione

147 3928 224 3995 eius
252 3926 354 3994 multa
379 3925 576 3995 dominacio.
619 3924 750 3994 Avarus
772 3932 884 3994 nutem
910 3942 977 3992 non
1005 3924 1203 4013 dominatur,
1231 3922 1293 3991 sed

146 4025 307 4096 subditus
343 4030 394 4094 est
423 4027 566 4114 pecunie
594 4024 726 4094 dioioni.
781 4025 943 4092 Perverse
979 4024 1157 4092 oonsoroia
1193 4028 1294 4110 atque

146 4125 303 4195 oonsilio.
321 4122 435 4215 fugite,
464 4126 543 4212 quia
561 4142 634 4192 eum
652 4125 777 4192 sanetis
800 4124 906 4192 saneti
929 4123 1032 4213 eritis,
1060 4125 1094 4189 et
1117 4140 1191 4189 oum
1212 4141 1295 4210 per-

193 4248 223 4313 1)
244 4247 427 4302 revelabuntur
444 4249 483 4302 bs.
520 4249 550 4314 2)
571 4251 656 4315 regius
675 4249 748 4302 ilem.
