<?xml version="1.0" encoding="UTF-8"?>
<!DOCTYPE html PUBLIC "-//W3C//DTD XHTML 1.0 Transitional//EN"
    "http://www.w3.org/TR/xhtml1/DTD/xhtml1-transitional.dtd">
<html xmlns="http://www.w3.org/1999/xhtml" xml:lang="en" lang="en">
 <head>
  <title>
</title>
<meta http-equiv="Content-Type" content="text/html;charset=utf-8" />
  <meta name='ocr-system' content='tesseract 3.04.00' />
  <meta name='ocr-capabilities' content='ocr_page ocr_carea ocr_par ocr_line ocrx_word'/>
</head>
<body>
  <div class='ocr_page' id='page_1' title='image "./fontesrerumgerm02hubegoog_0277.png"; bbox 0 0 3096 4882; ppageno 0'>
   <div class='ocr_carea' id='block_1_1' title="bbox 243 195 1019 276">
    <p class='ocr_par' dir='ltr' id='par_1_1' title="bbox 243 195 1019 276">
     <span class='ocr_line' id='line_1_1' title="bbox 243 195 1019 276; baseline 0 -12"><span class='ocrx_word' id='word_1_1' title='bbox 243 195 313 265; x_wconf 78' lang='lat'>232</span> <span class='ocrx_word' id='word_1_2' title='bbox 606 223 674 268; x_wconf 85' lang='lat' dir='ltr'>vrrn</span> <span class='ocrx_word' id='word_1_3' title='bbox 695 219 805 268; x_wconf 82' lang='lat' dir='ltr'>uneour</span> <span class='ocrx_word' id='word_1_4' title='bbox 827 221 935 276; x_wconf 78' lang='lat' dir='ltr'>cunnrr</span> <span class='ocrx_word' id='word_1_5' title='bbox 960 221 1019 266; x_wconf 85' lang='lat' dir='ltr'>rur.</span> 
     </span>
    </p>
   </div>
   <div class='ocr_carea' id='block_1_2' title="bbox 241 358 1388 3026">
    <p class='ocr_par' dir='ltr' id='par_1_2' title="bbox 241 358 1388 3026">
     <span class='ocr_line' id='line_1_2' title="bbox 242 358 1380 451; baseline -0.004 -20"><span class='ocrx_word' id='word_1_6' title='bbox 242 363 351 431; x_wconf 91' lang='lat' dir='ltr'>versis</span> <span class='ocrx_word' id='word_1_7' title='bbox 376 361 628 451; x_wconf 79' lang='lat' dir='ltr'>pervertamini3</span> <span class='ocrx_word' id='word_1_8' title='bbox 656 361 792 429; x_wconf 83' lang='lat' dir='ltr'>morbus</span> <span class='ocrx_word' id='word_1_9' title='bbox 818 377 961 447; x_wconf 88' lang='lat' dir='ltr'>namqrre</span> <span class='ocrx_word' id='word_1_10' title='bbox 987 358 1208 444; x_wconf 76' lang='lat' dir='ltr'><strong>contagiosus</strong></span> <span class='ocrx_word' id='word_1_11' title='bbox 1229 363 1380 448; x_wconf 88' lang='lat' dir='ltr'>estpec-</span> 
     </span>
     <span class='ocr_line' id='line_1_3' title="bbox 243 456 1377 550; baseline -0.004 -20"><span class='ocrx_word' id='word_1_12' title='bbox 243 469 361 530; x_wconf 92' lang='lat' dir='ltr'>catum.</span> <span class='ocrx_word' id='word_1_13' title='bbox 399 458 649 550; x_wconf 84' lang='lat' dir='ltr'>Apprehendite</span> <span class='ocrx_word' id='word_1_14' title='bbox 663 461 763 546; x_wconf 90' lang='lat' dir='ltr'>igitur</span> <span class='ocrx_word' id='word_1_15' title='bbox 781 459 990 548; x_wconf 78' lang='lat' dir='ltr'>disciplinam</span> <span class='ocrx_word' id='word_1_16' title='bbox 1005 458 1148 549; x_wconf 82' lang='lat' dir='ltr'>Domini,</span> <span class='ocrx_word' id='word_1_17' title='bbox 1175 476 1218 527; x_wconf 94' lang='lat' dir='ltr'>ne</span> <span class='ocrx_word' id='word_1_18' title='bbox 1239 456 1377 546; x_wconf 90' lang='lat' dir='ltr'>quando</span> 
     </span>
     <span class='ocr_line' id='line_1_4' title="bbox 242 555 1381 651; baseline -0.004 -23"><span class='ocrx_word' id='word_1_19' title='bbox 242 563 412 651; x_wconf 77' lang='lat' dir='ltr'>irascatur,</span> <span class='ocrx_word' id='word_1_20' title='bbox 440 565 473 627; x_wconf 95' lang='grc' dir='ltr'><strong>ει</strong></span> <span class='ocrx_word' id='word_1_21' title='bbox 498 560 642 648; x_wconf 89' lang='lat' dir='ltr'>pereatis</span> <span class='ocrx_word' id='word_1_22' title='bbox 666 558 707 626; x_wconf 86' lang='lat' dir='ltr'>de</span> <span class='ocrx_word' id='word_1_23' title='bbox 731 560 785 626; x_wconf 87' lang='lat' dir='ltr'>via</span> <span class='ocrx_word' id='word_1_24' title='bbox 810 559 909 648; x_wconf 90' lang='lat' dir='ltr'>iusta,</span> <span class='ocrx_word' id='word_1_25' title='bbox 938 575 1011 625; x_wconf 93' lang='lat' dir='ltr'>curn</span> <span class='ocrx_word' id='word_1_26' title='bbox 1035 559 1071 625; x_wconf 92' lang='lat' dir='ltr'>in</span> <span class='ocrx_word' id='word_1_27' title='bbox 1098 555 1189 625; x_wconf 91' lang='lat' dir='ltr'>brevi</span> <span class='ocrx_word' id='word_1_28' title='bbox 1216 557 1381 626; x_wconf 83' lang='lat' dir='ltr'>exarserit</span> 
     </span>
     <span class='ocr_line' id='line_1_5' title="bbox 241 655 1381 746; baseline -0.005 -19"><span class='ocrx_word' id='word_1_29' title='bbox 241 662 290 727; x_wconf 88' lang='lat' dir='ltr'>ira</span> <span class='ocrx_word' id='word_1_30' title='bbox 308 662 391 728; x_wconf 81' lang='lat' dir='ltr'>eius</span> <span class='ocrx_word' id='word_1_31' title='bbox 435 660 469 727; x_wconf 91' lang='lat' dir='ltr'>Si</span> <span class='ocrx_word' id='word_1_32' title='bbox 487 676 629 746; x_wconf 90' lang='lat' dir='ltr'>peccare</span> <span class='ocrx_word' id='word_1_33' title='bbox 648 675 711 726; x_wconf 88' lang='lat' dir='ltr'>vos</span> <span class='ocrx_word' id='word_1_34' title='bbox 732 659 920 745; x_wconf 89' lang='lat' dir='ltr'>contigerit,</span> <span class='ocrx_word' id='word_1_35' title='bbox 947 655 1061 724; x_wconf 88' lang='lat' dir='ltr'>tedeat</span> <span class='ocrx_word' id='word_1_36' title='bbox 1077 657 1219 724; x_wconf 92' lang='lat' dir='ltr'>animam</span> <span class='ocrx_word' id='word_1_37' title='bbox 1235 662 1381 724; x_wconf 90' lang='lat' dir='ltr'>vestram</span> 
     </span>
     <span class='ocr_line' id='line_1_6' title="bbox 242 753 1380 848; baseline -0.004 -22"><span class='ocrx_word' id='word_1_38' title='bbox 242 761 308 826; x_wconf 92' lang='lat' dir='ltr'>vite</span> <span class='ocrx_word' id='word_1_39' title='bbox 334 764 464 848; x_wconf 86' lang='lat' dir='ltr'>vestre,</span> <span class='ocrx_word' id='word_1_40' title='bbox 491 757 599 825; x_wconf 90' lang='lat' dir='ltr'>donee</span> <span class='ocrx_word' id='word_1_41' title='bbox 625 758 800 824; x_wconf 76' lang='lat' dir='ltr'>recurratis</span> <span class='ocrx_word' id='word_1_42' title='bbox 828 755 871 823; x_wconf 87' lang='lat' dir='ltr'>od</span> <span class='ocrx_word' id='word_1_43' title='bbox 898 754 1022 823; x_wconf 86' lang='lat' dir='ltr'>iontem</span> <span class='ocrx_word' id='word_1_44' title='bbox 1053 756 1186 844; x_wconf 88' lang='lat' dir='ltr'>pietatis</span> <span class='ocrx_word' id='word_1_45' title='bbox 1215 761 1248 822; x_wconf 88' lang='lat' dir='ltr'>et</span> <span class='ocrx_word' id='word_1_46' title='bbox 1273 753 1380 823; x_wconf 88' lang='lat' dir='ltr'>mise-</span> 
     </span>
     <span class='ocr_line' id='line_1_7' title="bbox 242 853 1380 944; baseline -0.003 -20"><span class='ocrx_word' id='word_1_47' title='bbox 242 857 394 926; x_wconf 90' lang='lat' dir='ltr'>ricordie.</span> <span class='ocrx_word' id='word_1_48' title='bbox 444 855 649 943; x_wconf 85' lang='lat' dir='ltr'>Quamquam</span> <span class='ocrx_word' id='word_1_49' title='bbox 684 855 859 923; x_wconf 91' lang='lat' dir='ltr'>humanum</span> <span class='ocrx_word' id='word_1_50' title='bbox 893 856 937 921; x_wconf 89' lang='lat' dir='ltr'>sit</span> <span class='ocrx_word' id='word_1_51' title='bbox 969 871 1129 944; x_wconf 90' lang='lat' dir='ltr'>peccare,</span> <span class='ocrx_word' id='word_1_52' title='bbox 1166 853 1380 942; x_wconf 84' lang='lat' dir='ltr'>dyabulicum</span> 
     </span>
     <span class='ocr_line' id='line_1_8' title="bbox 242 954 1381 1044; baseline -0.004 -20"><span class='ocrx_word' id='word_1_53' title='bbox 242 964 353 1024; x_wconf 88' lang='lat' dir='ltr'>tamen</span> <span class='ocrx_word' id='word_1_54' title='bbox 373 962 424 1023; x_wconf 92' lang='lat' dir='ltr'>est</span> <span class='ocrx_word' id='word_1_55' title='bbox 440 973 669 1044; x_wconf 88' lang='lat' dir='ltr'>perseverare.</span> <span class='ocrx_word' id='word_1_56' title='bbox 709 954 820 1022; x_wconf 86' lang='lat' dir='ltr'>Nolite</span> <span class='ocrx_word' id='word_1_57' title='bbox 838 971 980 1042; x_wconf 85' lang='lat' dir='ltr'>peccare</span> <span class='ocrx_word' id='word_1_58' title='bbox 996 955 1030 1021; x_wconf 94' lang='lat' dir='ltr'>in</span> <span class='ocrx_word' id='word_1_59' title='bbox 1049 955 1198 1041; x_wconf 91' lang='lat' dir='ltr'>spiritum</span> <span class='ocrx_word' id='word_1_60' title='bbox 1219 959 1381 1044; x_wconf 88' lang='lat' dir='ltr'>sanetum,</span> 
     </span>
     <span class='ocr_line' id='line_1_9' title="bbox 241 1052 1382 1145; baseline -0.003 -23"><span class='ocrx_word' id='word_1_61' title='bbox 241 1054 414 1145; x_wconf 88' lang='lat' dir='ltr'>peccando</span> <span class='ocrx_word' id='word_1_62' title='bbox 441 1056 475 1121; x_wconf 93' lang='lat' dir='ltr'>in</span> <span class='ocrx_word' id='word_1_63' title='bbox 509 1052 750 1122; x_wconf 84' lang='lat' dir='ltr'>confidenciam</span> <span class='ocrx_word' id='word_1_64' title='bbox 781 1053 861 1139; x_wconf 92' lang='lat' dir='ltr'>Dei,</span> <span class='ocrx_word' id='word_1_65' title='bbox 889 1055 968 1140; x_wconf 91' lang='lat' dir='ltr'>quia</span> <span class='ocrx_word' id='word_1_66' title='bbox 995 1053 1129 1140; x_wconf 91' lang='lat' dir='ltr'>spiritus</span> <span class='ocrx_word' id='word_1_67' title='bbox 1155 1052 1217 1120; x_wconf 93' lang='lat' dir='ltr'>Dei</span> <span class='ocrx_word' id='word_1_68' title='bbox 1244 1057 1382 1136; x_wconf 89' lang='lat' dir='ltr'>sanctus</span> 
     </span>
     <span class='ocr_line' id='line_1_10' title="bbox 243 1150 1382 1242; baseline -0.004 -19"><span class='ocrx_word' id='word_1_69' title='bbox 243 1155 419 1239; x_wconf 84' lang='lat' dir='ltr'>elongatur</span> <span class='ocrx_word' id='word_1_70' title='bbox 446 1153 587 1242; x_wconf 89' lang='lat' dir='ltr'>avobis,</span> <span class='ocrx_word' id='word_1_71' title='bbox 614 1152 864 1242; x_wconf 86' lang='lat' dir='ltr'>putandumque</span> <span class='ocrx_word' id='word_1_72' title='bbox 891 1158 942 1220; x_wconf 89' lang='lat' dir='ltr'>est</span> <span class='ocrx_word' id='word_1_73' title='bbox 971 1150 1062 1239; x_wconf 93' lang='lat' dir='ltr'>quod</span> <span class='ocrx_word' id='word_1_74' title='bbox 1082 1153 1217 1240; x_wconf 92' lang='lat' dir='ltr'>spiritus</span> <span class='ocrx_word' id='word_1_75' title='bbox 1242 1157 1382 1219; x_wconf 90' lang='lat' dir='ltr'>sanctus</span> 
     </span>
     <span class='ocr_line' id='line_1_11' title="bbox 242 1248 1381 1342; baseline -0.003 -21"><span class='ocrx_word' id='word_1_76' title='bbox 242 1255 372 1342; x_wconf 90' lang='lat' dir='ltr'>peceati</span> <span class='ocrx_word' id='word_1_77' title='bbox 406 1252 534 1320; x_wconf 87' lang='lat' dir='ltr'>zelator</span> <span class='ocrx_word' id='word_1_78' title='bbox 567 1258 629 1320; x_wconf 92' lang='lat' dir='ltr'>est.</span> <span class='ocrx_word' id='word_1_79' title='bbox 676 1251 753 1320; x_wconf 89' lang='lat' dir='ltr'>Non</span> <span class='ocrx_word' id='word_1_80' title='bbox 789 1250 867 1320; x_wconf 89' lang='lat' dir='ltr'>date</span> <span class='ocrx_word' id='word_1_81' title='bbox 893 1252 928 1318; x_wconf 96' lang='lat' dir='ltr'>in</span> <span class='ocrx_word' id='word_1_82' title='bbox 958 1251 1056 1320; x_wconf 92' lang='lat' dir='ltr'>vobis</span> <span class='ocrx_word' id='word_1_83' title='bbox 1085 1250 1197 1319; x_wconf 91' lang='lat' dir='ltr'>locum</span> <span class='ocrx_word' id='word_1_84' title='bbox 1222 1251 1288 1340; x_wconf 84' lang='lat' dir='ltr'>ire,</span> <span class='ocrx_word' id='word_1_85' title='bbox 1316 1248 1381 1318; x_wconf 91' lang='lat' dir='ltr'>sed</span> 
     </span>
     <span class='ocr_line' id='line_1_12' title="bbox 241 1344 1384 1440; baseline 0 -22"><span class='ocrx_word' id='word_1_86' title='bbox 241 1351 505 1440; x_wconf 76' lang='lat' dir='ltr'>mansuetudini,</span> <span class='ocrx_word' id='word_1_87' title='bbox 542 1344 640 1438; x_wconf 90' lang='lat' dir='ltr'>qnia1</span> <span class='ocrx_word' id='word_1_88' title='bbox 665 1349 887 1419; x_wconf 91' lang='lat' dir='ltr'>mansuetudo</span> <span class='ocrx_word' id='word_1_89' title='bbox 913 1351 1015 1419; x_wconf 91' lang='lat' dir='ltr'>vincit</span> <span class='ocrx_word' id='word_1_90' title='bbox 1040 1351 1121 1418; x_wconf 91' lang='lat' dir='ltr'>irarn</span> <span class='ocrx_word' id='word_1_91' title='bbox 1149 1354 1182 1418; x_wconf 94' lang='lat' dir='ltr'>et</span> <span class='ocrx_word' id='word_1_92' title='bbox 1207 1351 1384 1438; x_wconf 89' lang='lat' dir='ltr'>paciencia</span> 
     </span>
     <span class='ocr_line' id='line_1_13' title="bbox 242 1449 1383 1540; baseline -0.001 -22"><span class='ocrx_word' id='word_1_93' title='bbox 242 1451 414 1520; x_wconf 90' lang='lat' dir='ltr'>maliciam.</span> <span class='ocrx_word' id='word_1_94' title='bbox 455 1449 566 1518; x_wconf 90' lang='lat' dir='ltr'>Nolite</span> <span class='ocrx_word' id='word_1_95' title='bbox 588 1450 739 1519; x_wconf 89' lang='lat' dir='ltr'>invidere</span> <span class='ocrx_word' id='word_1_96' title='bbox 767 1451 966 1540; x_wconf 90' lang='lat' dir='ltr'>alterutrum,</span> <span class='ocrx_word' id='word_1_97' title='bbox 994 1449 1056 1518; x_wconf 89' lang='lat' dir='ltr'>sed</span> <span class='ocrx_word' id='word_1_98' title='bbox 1080 1450 1249 1518; x_wconf 88' lang='lat' dir='ltr'>caritatem</span> <span class='ocrx_word' id='word_1_99' title='bbox 1263 1451 1383 1536; x_wconf 93' lang='lat' dir='ltr'>pocius</span> 
     </span>
     <span class='ocr_line' id='line_1_14' title="bbox 241 1546 1386 1638; baseline -0.002 -20"><span class='ocrx_word' id='word_1_100' title='bbox 241 1549 363 1618; x_wconf 89' lang='lat' dir='ltr'>habete</span> <span class='ocrx_word' id='word_1_101' title='bbox 389 1551 542 1638; x_wconf 91' lang='lat' dir='ltr'>invicem,</span> <span class='ocrx_word' id='word_1_102' title='bbox 571 1552 647 1637; x_wconf 88' lang='lat' dir='ltr'>quia</span> <span class='ocrx_word' id='word_1_103' title='bbox 673 1549 798 1618; x_wconf 93' lang='lat' dir='ltr'>invidia</span> <span class='ocrx_word' id='word_1_104' title='bbox 816 1555 956 1635; x_wconf 89' lang='lat' dir='ltr'>generet</span> <span class='ocrx_word' id='word_1_105' title='bbox 977 1548 1098 1617; x_wconf 90' lang='lat' dir='ltr'>edium.</span> <span class='ocrx_word' id='word_1_106' title='bbox 1143 1546 1206 1628; x_wconf 84' lang='lat' dir='ltr'>Qui</span> <span class='ocrx_word' id='word_1_107' title='bbox 1227 1546 1297 1616; x_wconf 94' lang='lat' dir='ltr'>odit</span> <span class='ocrx_word' id='word_1_108' title='bbox 1314 1565 1386 1616; x_wconf 94' lang='lat' dir='ltr'>non</span> 
     </span>
     <span class='ocr_line' id='line_1_15' title="bbox 242 1646 1380 1740; baseline -0.002 -24"><span class='ocrx_word' id='word_1_109' title='bbox 242 1656 380 1740; x_wconf 90' lang='lat' dir='ltr'>amatur,</span> <span class='ocrx_word' id='word_1_110' title='bbox 408 1651 497 1717; x_wconf 92' lang='lat' dir='ltr'>etin</span> <span class='ocrx_word' id='word_1_111' title='bbox 520 1647 628 1717; x_wconf 89' lang='lat' dir='ltr'>lurore</span> <span class='ocrx_word' id='word_1_112' title='bbox 651 1667 713 1718; x_wconf 91' lang='lat' dir='ltr'>suo</span> <span class='ocrx_word' id='word_1_113' title='bbox 734 1649 871 1737; x_wconf 70' lang='lat' dir='ltr'>peribit,</span> <span class='ocrx_word' id='word_1_114' title='bbox 900 1650 1052 1737; x_wconf 90' lang='lat' dir='ltr'>quivero</span> <span class='ocrx_word' id='word_1_115' title='bbox 1076 1650 1246 1716; x_wconf 90' lang='lat' dir='ltr'>caritatem</span> <span class='ocrx_word' id='word_1_116' title='bbox 1268 1646 1380 1738; x_wconf 90' lang='lat' dir='ltr'>babet,</span> 
     </span>
     <span class='ocr_line' id='line_1_16' title="bbox 245 1747 1384 1839; baseline -0.001 -24"><span class='ocrx_word' id='word_1_117' title='bbox 245 1748 362 1839; x_wconf 83' lang='lat' dir='ltr'>diligit,</span> <span class='ocrx_word' id='word_1_118' title='bbox 390 1754 423 1815; x_wconf 87' lang='lat' dir='ltr'>et</span> <span class='ocrx_word' id='word_1_119' title='bbox 449 1753 501 1815; x_wconf 92' lang='lat' dir='ltr'>est</span> <span class='ocrx_word' id='word_1_120' title='bbox 527 1747 667 1816; x_wconf 91' lang='lat' dir='ltr'>dilectus</span> <span class='ocrx_word' id='word_1_121' title='bbox 694 1748 767 1815; x_wconf 90' lang='lat' dir='ltr'>Deo</span> <span class='ocrx_word' id='word_1_122' title='bbox 795 1753 827 1815; x_wconf 91' lang='lat' dir='ltr'>et</span> <span class='ocrx_word' id='word_1_123' title='bbox 852 1747 1050 1816; x_wconf 83' lang='lat' dir='ltr'>hominibus</span> <span class='ocrx_word' id='word_1_124' title='bbox 1094 1747 1129 1816; x_wconf 92' lang='lat' dir='ltr'>Si</span> <span class='ocrx_word' id='word_1_125' title='bbox 1151 1747 1290 1815; x_wconf 88' lang='lat' dir='ltr'>exaltari</span> <span class='ocrx_word' id='word_1_126' title='bbox 1317 1764 1384 1814; x_wconf 93' lang='lat' dir='ltr'>cu-</span> 
     </span>
     <span class='ocr_line' id='line_1_17' title="bbox 243 1846 1388 1936; baseline -0.001 -22"><span class='ocrx_word' id='word_1_127' title='bbox 243 1849 328 1936; x_wconf 90' lang='lat' dir='ltr'>perit</span> <span class='ocrx_word' id='word_1_128' title='bbox 347 1864 406 1914; x_wconf 93' lang='lat' dir='ltr'>cor</span> <span class='ocrx_word' id='word_1_129' title='bbox 423 1853 581 1936; x_wconf 90' lang='lat' dir='ltr'>vestrum,</span> <span class='ocrx_word' id='word_1_130' title='bbox 601 1847 766 1914; x_wconf 88' lang='lat' dir='ltr'>humiliate</span> <span class='ocrx_word' id='word_1_131' title='bbox 778 1865 850 1935; x_wconf 92' lang='lat' dir='ltr'>vos,</span> <span class='ocrx_word' id='word_1_132' title='bbox 872 1864 936 1915; x_wconf 90' lang='lat' dir='ltr'>neo</span> <span class='ocrx_word' id='word_1_133' title='bbox 950 1846 1171 1915; x_wconf 87' lang='lat' dir='ltr'>veniatvobis</span> <span class='ocrx_word' id='word_1_134' title='bbox 1183 1863 1244 1934; x_wconf 90' lang='lat' dir='ltr'>pes</span> <span class='ocrx_word' id='word_1_135' title='bbox 1261 1863 1388 1933; x_wconf 90' lang='lat' dir='ltr'>super-</span> 
     </span>
     <span class='ocr_line' id='line_1_18' title="bbox 243 1944 1386 2034; baseline 0 -22"><span class='ocrx_word' id='word_1_136' title='bbox 243 1945 309 2013; x_wconf 93' lang='lat' dir='ltr'>bie.</span> <span class='ocrx_word' id='word_1_137' title='bbox 353 1945 517 2033; x_wconf 89' lang='lat' dir='ltr'>Superbia</span> <span class='ocrx_word' id='word_1_138' title='bbox 550 1948 682 2032; x_wconf 90' lang='lat' dir='ltr'>ingrata</span> <span class='ocrx_word' id='word_1_139' title='bbox 715 1952 766 2013; x_wconf 93' lang='lat' dir='ltr'>est</span> <span class='ocrx_word' id='word_1_140' title='bbox 801 1948 942 2014; x_wconf 90' lang='lat' dir='ltr'>creatori</span> <span class='ocrx_word' id='word_1_141' title='bbox 970 1951 1003 2014; x_wconf 88' lang='grc' dir='ltr'><strong>ει</strong></span> <span class='ocrx_word' id='word_1_142' title='bbox 1034 1944 1321 2034; x_wconf 83' lang='lat' dir='ltr'>benefactoribus,</span> <span class='ocrx_word' id='word_1_143' title='bbox 1350 1949 1386 2012; x_wconf 89' lang='lat' dir='ltr'>et</span> 
     </span>
     <span class='ocr_line' id='line_1_19' title="bbox 244 2044 1388 2133; baseline 0 -22"><span class='ocrx_word' id='word_1_144' title='bbox 244 2044 322 2112; x_wconf 89' lang='lat' dir='ltr'>ideo</span> <span class='ocrx_word' id='word_1_145' title='bbox 356 2061 424 2111; x_wconf 94' lang='lat' dir='ltr'>non</span> <span class='ocrx_word' id='word_1_146' title='bbox 459 2044 559 2112; x_wconf 92' lang='lat' dir='ltr'>habet</span> <span class='ocrx_word' id='word_1_147' title='bbox 591 2045 756 2133; x_wconf 90' lang='lat' dir='ltr'>superbus</span> <span class='ocrx_word' id='word_1_148' title='bbox 793 2047 941 2131; x_wconf 84' lang='lat' dir='ltr'>graciam</span> <span class='ocrx_word' id='word_1_149' title='bbox 976 2062 1040 2113; x_wconf 92' lang='lat' dir='ltr'>nec</span> <span class='ocrx_word' id='word_1_150' title='bbox 1073 2062 1185 2113; x_wconf 92' lang='lat' dir='ltr'>eoram</span> <span class='ocrx_word' id='word_1_151' title='bbox 1218 2044 1291 2112; x_wconf 94' lang='lat' dir='ltr'>Deo</span> <span class='ocrx_word' id='word_1_152' title='bbox 1320 2061 1388 2112; x_wconf 89' lang='lat' dir='ltr'>nec</span> 
     </span>
     <span class='ocr_line' id='line_1_20' title="bbox 246 2141 1385 2232; baseline 0 -22"><span class='ocrx_word' id='word_1_153' title='bbox 246 2160 357 2211; x_wconf 88' lang='lat' dir='ltr'>coram</span> <span class='ocrx_word' id='word_1_154' title='bbox 383 2142 582 2210; x_wconf 91' lang='lat' dir='ltr'>hominibus.</span> <span class='ocrx_word' id='word_1_155' title='bbox 633 2143 790 2212; x_wconf 89' lang='lat' dir='ltr'>Conteret</span> <span class='ocrx_word' id='word_1_156' title='bbox 821 2149 931 2213; x_wconf 90' lang='lat' dir='ltr'>autem</span> <span class='ocrx_word' id='word_1_157' title='bbox 958 2163 1031 2212; x_wconf 92' lang='lat' dir='ltr'>earn</span> <span class='ocrx_word' id='word_1_158' title='bbox 1057 2144 1219 2212; x_wconf 91' lang='lat' dir='ltr'>Dominus</span> <span class='ocrx_word' id='word_1_159' title='bbox 1246 2144 1279 2210; x_wconf 93' lang='lat' dir='ltr'>in</span> <span class='ocrx_word' id='word_1_160' title='bbox 1307 2141 1385 2232; x_wconf 89' lang='lat' dir='ltr'>fine,</span> 
     </span>
     <span class='ocr_line' id='line_1_21' title="bbox 247 2241 1387 2333; baseline 0 -24"><span class='ocrx_word' id='word_1_161' title='bbox 247 2241 422 2329; x_wconf 90' lang='lat' dir='ltr'>deponens</span> <span class='ocrx_word' id='word_1_162' title='bbox 450 2246 606 2328; x_wconf 92' lang='lat' dir='ltr'>potentes</span> <span class='ocrx_word' id='word_1_163' title='bbox 634 2241 675 2310; x_wconf 94' lang='lat' dir='ltr'>de</span> <span class='ocrx_word' id='word_1_164' title='bbox 704 2243 810 2333; x_wconf 88' lang='lat' dir='ltr'>sede,</span> <span class='ocrx_word' id='word_1_165' title='bbox 844 2250 877 2311; x_wconf 88' lang='grc' dir='ltr'><strong>ει</strong></span> <span class='ocrx_word' id='word_1_166' title='bbox 904 2241 1057 2310; x_wconf 87' lang='lat' dir='ltr'>exaltans</span> <span class='ocrx_word' id='word_1_167' title='bbox 1084 2242 1127 2310; x_wconf 95' lang='lat' dir='ltr'>de</span> <span class='ocrx_word' id='word_1_168' title='bbox 1153 2243 1291 2332; x_wconf 89' lang='lat' dir='ltr'>pulvere</span> <span class='ocrx_word' id='word_1_169' title='bbox 1317 2241 1387 2309; x_wconf 89' lang='lat' dir='ltr'>hu-</span> 
     </span>
     <span class='ocr_line' id='line_1_22' title="bbox 244 2339 1386 2431; baseline 0.001 -23"><span class='ocrx_word' id='word_1_170' title='bbox 244 2342 351 2431; x_wconf 92' lang='lat' dir='ltr'>miles,</span> <span class='ocrx_word' id='word_1_171' title='bbox 378 2346 414 2408; x_wconf 89' lang='lat' dir='ltr'>ut</span> <span class='ocrx_word' id='word_1_172' title='bbox 441 2339 582 2408; x_wconf 91' lang='lat' dir='ltr'>sedeant</span> <span class='ocrx_word' id='word_1_173' title='bbox 610 2359 682 2409; x_wconf 91' lang='lat' dir='ltr'>cum</span> <span class='ocrx_word' id='word_1_174' title='bbox 700 2341 904 2430; x_wconf 91' lang='lat' dir='ltr'>principibus</span> <span class='ocrx_word' id='word_1_175' title='bbox 924 2347 958 2409; x_wconf 93' lang='lat' dir='ltr'>et</span> <span class='ocrx_word' id='word_1_176' title='bbox 973 2342 1091 2410; x_wconf 91' lang='lat' dir='ltr'>solium</span> <span class='ocrx_word' id='word_1_177' title='bbox 1112 2341 1218 2428; x_wconf 89' lang='lat' dir='ltr'>glorie</span> <span class='ocrx_word' id='word_1_178' title='bbox 1237 2346 1386 2409; x_wconf 87' lang='lat' dir='ltr'>teneant.</span> 
     </span>
     <span class='ocr_line' id='line_1_23' title="bbox 243 2438 1386 2531; baseline 0.001 -24"><span class='ocrx_word' id='word_1_179' title='bbox 243 2440 354 2508; x_wconf 88' lang='lat' dir='ltr'>Nolite</span> <span class='ocrx_word' id='word_1_180' title='bbox 382 2441 545 2527; x_wconf 91' lang='lat' dir='ltr'>crapulari</span> <span class='ocrx_word' id='word_1_181' title='bbox 572 2459 592 2508; x_wconf 90' lang='lat' dir='ltr'>a</span> <span class='ocrx_word' id='word_1_182' title='bbox 618 2441 692 2509; x_wconf 90' lang='lat' dir='ltr'>cibe</span> <span class='ocrx_word' id='word_1_183' title='bbox 719 2446 753 2508; x_wconf 94' lang='lat' dir='ltr'>et</span> <span class='ocrx_word' id='word_1_184' title='bbox 778 2447 879 2531; x_wconf 91' lang='lat' dir='ltr'>potu,</span> <span class='ocrx_word' id='word_1_185' title='bbox 910 2441 996 2507; x_wconf 87' lang='lat' dir='ltr'>sicut</span> <span class='ocrx_word' id='word_1_186' title='bbox 1023 2438 1147 2507; x_wconf 84' lang='lat' dir='ltr'>iaciunt</span> <span class='ocrx_word' id='word_1_187' title='bbox 1172 2440 1217 2508; x_wconf 93' lang='lat' dir='ltr'>hii</span> <span class='ocrx_word' id='word_1_188' title='bbox 1244 2456 1386 2528; x_wconf 89' lang='lat' dir='ltr'>querum</span> 
     </span>
     <span class='ocr_line' id='line_1_24' title="bbox 244 2538 1385 2630; baseline -0.003 -22"><span class='ocrx_word' id='word_1_189' title='bbox 244 2540 336 2608; x_wconf 92' lang='lat' dir='ltr'>Deus</span> <span class='ocrx_word' id='word_1_190' title='bbox 364 2545 479 2607; x_wconf 86' lang='lat' dir='ltr'>venter</span> <span class='ocrx_word' id='word_1_191' title='bbox 507 2544 577 2630; x_wconf 90' lang='lat' dir='ltr'>est,</span> <span class='ocrx_word' id='word_1_192' title='bbox 613 2558 752 2628; x_wconf 91' lang='lat' dir='ltr'>quorum</span> <span class='ocrx_word' id='word_1_193' title='bbox 779 2541 888 2626; x_wconf 91' lang='lat' dir='ltr'>gloria</span> <span class='ocrx_word' id='word_1_194' title='bbox 915 2543 948 2606; x_wconf 94' lang='grc' dir='ltr'><strong>ει</strong></span> <span class='ocrx_word' id='word_1_195' title='bbox 973 2538 1049 2606; x_wconf 87' lang='lat' dir='ltr'>finis</span> <span class='ocrx_word' id='word_1_196' title='bbox 1075 2538 1196 2606; x_wconf 87' lang='lat' dir='ltr'>leolum</span> <span class='ocrx_word' id='word_1_197' title='bbox 1221 2555 1385 2606; x_wconf 91' lang='lat' dir='ltr'>accumu-</span> 
     </span>
     <span class='ocr_line' id='line_1_25' title="bbox 244 2636 1384 2726; baseline 0 -20"><span class='ocrx_word' id='word_1_198' title='bbox 244 2639 330 2707; x_wconf 91' lang='lat' dir='ltr'>lacio</span> <span class='ocrx_word' id='word_1_199' title='bbox 357 2647 418 2707; x_wconf 92' lang='grc' dir='ltr'><strong>εει.</strong></span> <span class='ocrx_word' id='word_1_200' title='bbox 471 2637 582 2707; x_wconf 91' lang='lat' dir='ltr'>Nolite</span> <span class='ocrx_word' id='word_1_201' title='bbox 613 2657 713 2707; x_wconf 91' lang='lat' dir='ltr'>renes</span> <span class='ocrx_word' id='word_1_202' title='bbox 739 2645 873 2708; x_wconf 86' lang='lat' dir='ltr'>vestros</span> <span class='ocrx_word' id='word_1_203' title='bbox 902 2640 1137 2726; x_wconf 88' lang='lat' dir='ltr'>coinquinare,</span> <span class='ocrx_word' id='word_1_204' title='bbox 1165 2637 1226 2705; x_wconf 95' lang='lat' dir='ltr'>sed</span> <span class='ocrx_word' id='word_1_205' title='bbox 1251 2636 1384 2706; x_wconf 90' lang='lat' dir='ltr'>lumbos</span> 
     </span>
     <span class='ocr_line' id='line_1_26' title="bbox 243 2737 1385 2827; baseline -0.001 -22"><span class='ocrx_word' id='word_1_206' title='bbox 243 2745 378 2806; x_wconf 88' lang='lat' dir='ltr'>vestros</span> <span class='ocrx_word' id='word_1_207' title='bbox 403 2739 600 2827; x_wconf 90' lang='lat' dir='ltr'>precingite,</span> <span class='ocrx_word' id='word_1_208' title='bbox 628 2738 821 2807; x_wconf 85' lang='lat' dir='ltr'>fortitudine</span> <span class='ocrx_word' id='word_1_209' title='bbox 852 2739 972 2805; x_wconf 90' lang='lat' dir='ltr'>mentis</span> <span class='ocrx_word' id='word_1_210' title='bbox 1000 2737 1234 2822; x_wconf 91' lang='lat' dir='ltr'>concingimini</span> <span class='ocrx_word' id='word_1_211' title='bbox 1261 2737 1385 2806; x_wconf 92' lang='lat' dir='ltr'>coniu-</span> 
     </span>
     <span class='ocr_line' id='line_1_27' title="bbox 245 2829 1383 2926; baseline -0.001 -23"><span class='ocrx_word' id='word_1_212' title='bbox 245 2829 357 2923; x_wconf 86' lang='lat' dir='ltr'>gium²</span> <span class='ocrx_word' id='word_1_213' title='bbox 370 2835 612 2925; x_wconf 89' lang='lat' dir='ltr'>amplectendo.</span> <span class='ocrx_word' id='word_1_214' title='bbox 640 2834 803 2917; x_wconf 84' lang='lat' dir='ltr'>Quoniam</span> <span class='ocrx_word' id='word_1_215' title='bbox 824 2838 958 2926; x_wconf 91' lang='lat' dir='ltr'>spiritus</span> <span class='ocrx_word' id='word_1_216' title='bbox 977 2842 1114 2903; x_wconf 92' lang='lat' dir='ltr'>sanetus</span> <span class='ocrx_word' id='word_1_217' title='bbox 1132 2835 1269 2921; x_wconf 90' lang='lat' dir='ltr'>ellugiet</span> <span class='ocrx_word' id='word_1_218' title='bbox 1281 2835 1383 2904; x_wconf 85' lang='lat' dir='ltr'>luxu-</span> 
     </span>
     <span class='ocr_line' id='line_1_28' title="bbox 245 2934 1385 3026; baseline 0 -24"><span class='ocrx_word' id='word_1_219' title='bbox 245 2939 291 3002; x_wconf 90' lang='lat' dir='ltr'>rie</span> <span class='ocrx_word' id='word_1_220' title='bbox 319 2953 355 3003; x_wconf 92' lang='lat' dir='ltr'>se</span> <span class='ocrx_word' id='word_1_221' title='bbox 383 2934 513 3026; x_wconf 94' lang='lat' dir='ltr'>dantes,</span> <span class='ocrx_word' id='word_1_222' title='bbox 541 2953 604 3002; x_wconf 90' lang='lat' dir='ltr'>nec</span> <span class='ocrx_word' id='word_1_223' title='bbox 626 2935 785 3004; x_wconf 89' lang='lat' dir='ltr'>habitabit</span> <span class='ocrx_word' id='word_1_224' title='bbox 800 2937 834 3003; x_wconf 92' lang='lat' dir='ltr'>in</span> <span class='ocrx_word' id='word_1_225' title='bbox 857 2936 1051 3024; x_wconf 90' lang='lat' dir='ltr'>corporibus</span> <span class='ocrx_word' id='word_1_226' title='bbox 1071 2934 1213 3003; x_wconf 92' lang='lat' dir='ltr'>subditis</span> <span class='ocrx_word' id='word_1_227' title='bbox 1233 2940 1385 3022; x_wconf 91' lang='lat' dir='ltr'>peccato.</span> 
     </span>
    </p>
   </div>
   <div class='ocr_carea' id='block_1_3' title="bbox 243 3027 1386 3717">
    <p class='ocr_par' dir='ltr' id='par_1_3' title="bbox 243 3027 1386 3717">
     <span class='ocr_line' id='line_1_29' title="bbox 243 3027 1386 3125; baseline 0.002 -25"><span class='ocrx_word' id='word_1_228' title='bbox 243 3032 418 3101; x_wconf 82' lang='lat' dir='ltr'>Abstinete</span> <span class='ocrx_word' id='word_1_229' title='bbox 445 3051 507 3102; x_wconf 91' lang='lat' dir='ltr'>vos</span> <span class='ocrx_word' id='word_1_230' title='bbox 535 3035 668 3102; x_wconf 90' lang='lat' dir='ltr'>amalo</span> <span class='ocrx_word' id='word_1_231' title='bbox 696 3027 865 3125; x_wconf 84' lang='lat' dir='ltr'>accidie³,</span> <span class='ocrx_word' id='word_1_232' title='bbox 901 3053 944 3102; x_wconf 92' lang='lat' dir='ltr'>ne</span> <span class='ocrx_word' id='word_1_233' title='bbox 977 3052 1042 3102; x_wconf 87' lang='lat' dir='ltr'>vos</span> <span class='ocrx_word' id='word_1_234' title='bbox 1069 3033 1176 3102; x_wconf 89' lang='lat' dir='ltr'>trahat</span> <span class='ocrx_word' id='word_1_235' title='bbox 1201 3033 1386 3120; x_wconf 80' lang='lat' dir='ltr'>gravedine</span> 
     </span>
     <span class='ocr_line' id='line_1_30' title="bbox 244 3131 1385 3220; baseline 0.003 -21"><span class='ocrx_word' id='word_1_236' title='bbox 244 3151 305 3200; x_wconf 88' lang='lat' dir='ltr'>sua</span> <span class='ocrx_word' id='word_1_237' title='bbox 340 3134 373 3198; x_wconf 92' lang='lat' dir='ltr'>in</span> <span class='ocrx_word' id='word_1_238' title='bbox 410 3131 608 3220; x_wconf 83' lang='lat' dir='ltr'>profundum</span> <span class='ocrx_word' id='word_1_239' title='bbox 642 3133 772 3202; x_wconf 91' lang='lat' dir='ltr'>inlerni.</span> <span class='ocrx_word' id='word_1_240' title='bbox 825 3133 949 3201; x_wconf 84' lang='lat' dir='ltr'>Cavete</span> <span class='ocrx_word' id='word_1_241' title='bbox 985 3151 1067 3220; x_wconf 90' lang='lat' dir='ltr'>erge</span> <span class='ocrx_word' id='word_1_242' title='bbox 1101 3132 1199 3202; x_wconf 83' lang='lat' dir='ltr'>vobis</span> <span class='ocrx_word' id='word_1_243' title='bbox 1226 3133 1267 3201; x_wconf 94' lang='lat' dir='ltr'>ab</span> <span class='ocrx_word' id='word_1_244' title='bbox 1295 3135 1385 3202; x_wconf 92' lang='lat' dir='ltr'>omni</span> 
     </span>
     <span class='ocr_line' id='line_1_31' title="bbox 243 3232 1380 3323; baseline 0.003 -25"><span class='ocrx_word' id='word_1_245' title='bbox 243 3236 383 3320; x_wconf 91' lang='lat' dir='ltr'>peccato</span> <span class='ocrx_word' id='word_1_246' title='bbox 418 3232 452 3298; x_wconf 92' lang='lat' dir='ltr'>in</span> <span class='ocrx_word' id='word_1_247' title='bbox 487 3238 574 3300; x_wconf 91' lang='lat' dir='ltr'>etate</span> <span class='ocrx_word' id='word_1_248' title='bbox 604 3239 740 3323; x_wconf 90' lang='lat' dir='ltr'>tenera,</span> <span class='ocrx_word' id='word_1_249' title='bbox 769 3234 846 3321; x_wconf 95' lang='lat' dir='ltr'>quia</span> <span class='ocrx_word' id='word_1_250' title='bbox 878 3251 999 3321; x_wconf 88' lang='lat' dir='ltr'>parvus</span> <span class='ocrx_word' id='word_1_251' title='bbox 1028 3251 1118 3301; x_wconf 90' lang='lat' dir='ltr'>error</span> <span class='ocrx_word' id='word_1_252' title='bbox 1143 3234 1177 3300; x_wconf 94' lang='lat' dir='ltr'>in</span> <span class='ocrx_word' id='word_1_253' title='bbox 1204 3234 1380 3323; x_wconf 89' lang='lat' dir='ltr'>principio,</span> 
     </span>
     <span class='ocr_line' id='line_1_32' title="bbox 243 3331 1381 3419; baseline 0.003 -22"><span class='ocrx_word' id='word_1_254' title='bbox 243 3348 385 3416; x_wconf 93' lang='lat' dir='ltr'>magnus</span> <span class='ocrx_word' id='word_1_255' title='bbox 422 3332 484 3397; x_wconf 91' lang='lat' dir='ltr'>erit</span> <span class='ocrx_word' id='word_1_256' title='bbox 509 3332 542 3398; x_wconf 94' lang='lat' dir='ltr'>in</span> <span class='ocrx_word' id='word_1_257' title='bbox 571 3332 646 3401; x_wconf 87' lang='lat' dir='ltr'>ime.</span> <span class='ocrx_word' id='word_1_258' title='bbox 691 3331 759 3400; x_wconf 90' lang='lat' dir='ltr'>Sed</span> <span class='ocrx_word' id='word_1_259' title='bbox 785 3332 950 3401; x_wconf 87' lang='lat' dir='ltr'>ambulate</span> <span class='ocrx_word' id='word_1_260' title='bbox 984 3333 1018 3399; x_wconf 96' lang='lat' dir='ltr'>in</span> <span class='ocrx_word' id='word_1_261' title='bbox 1043 3333 1121 3419; x_wconf 90' lang='lat' dir='ltr'>lege</span> <span class='ocrx_word' id='word_1_262' title='bbox 1147 3331 1279 3400; x_wconf 91' lang='lat' dir='ltr'>Domini</span> <span class='ocrx_word' id='word_1_263' title='bbox 1306 3333 1381 3400; x_wconf 89' lang='lat' dir='ltr'>sine</span> 
     </span>
     <span class='ocr_line' id='line_1_33' title="bbox 247 3429 1380 3519; baseline 0.002 -23"><span class='ocrx_word' id='word_1_264' title='bbox 247 3429 386 3518; x_wconf 92' lang='lat' dir='ltr'>macula,</span> <span class='ocrx_word' id='word_1_265' title='bbox 412 3435 449 3495; x_wconf 93' lang='lat' dir='ltr'>ut</span> <span class='ocrx_word' id='word_1_266' title='bbox 473 3429 746 3498; x_wconf 88' lang='lat' dir='ltr'>benediccionem</span> <span class='ocrx_word' id='word_1_267' title='bbox 777 3433 949 3519; x_wconf 90' lang='lat' dir='ltr'>accipiatis</span> <span class='ocrx_word' id='word_1_268' title='bbox 971 3432 1013 3498; x_wconf 90' lang='lat' dir='ltr'>ab</span> <span class='ocrx_word' id='word_1_269' title='bbox 1040 3449 1081 3499; x_wconf 93' lang='lat' dir='ltr'>eo</span> <span class='ocrx_word' id='word_1_270' title='bbox 1115 3432 1171 3518; x_wconf 93' lang='lat' dir='ltr'>qui</span> <span class='ocrx_word' id='word_1_271' title='bbox 1197 3432 1256 3498; x_wconf 88' lang='lat' dir='ltr'>eit:</span> <span class='ocrx_word' id='word_1_272' title='bbox 1282 3431 1380 3498; x_wconf 81' lang='lat' dir='ltr'>Basti</span> 
     </span>
     <span class='ocr_line' id='line_1_34' title="bbox 243 3529 1378 3617; baseline 0.002 -21"><span class='ocrx_word' id='word_1_273' title='bbox 243 3529 433 3596; x_wconf 77' lang='lat' dir='ltr'>inmaculati</span> <span class='ocrx_word' id='word_1_274' title='bbox 465 3529 499 3595; x_wconf 85' lang='lat' dir='ltr'>io</span> <span class='ocrx_word' id='word_1_275' title='bbox 531 3529 586 3595; x_wconf 86' lang='lat' dir='ltr'>cte</span> <span class='ocrx_word' id='word_1_276' title='bbox 618 3532 672 3614; x_wconf 83' lang='lat' dir='ltr'>qut</span> <span class='ocrx_word' id='word_1_277' title='bbox 704 3529 874 3597; x_wconf 81' lang='lat' dir='ltr'>ambulant</span> <span class='ocrx_word' id='word_1_278' title='bbox 900 3532 934 3597; x_wconf 84' lang='lat' dir='ltr'>in</span> <span class='ocrx_word' id='word_1_279' title='bbox 968 3530 1039 3617; x_wconf 79' lang='lat' dir='ltr'>tcpc</span> <span class='ocrx_word' id='word_1_280' title='bbox 1063 3530 1211 3613; x_wconf 84' lang='lat' dir='ltr'>Domini,</span> <span class='ocrx_word' id='word_1_281' title='bbox 1243 3535 1279 3598; x_wconf 93' lang='lat' dir='ltr'>ut</span> <span class='ocrx_word' id='word_1_282' title='bbox 1305 3530 1378 3599; x_wconf 92' lang='lat' dir='ltr'>sitis</span> 
     </span>
     <span class='ocr_line' id='line_1_35' title="bbox 244 3627 1380 3717; baseline 0 -20"><span class='ocrx_word' id='word_1_283' title='bbox 244 3637 409 3716; x_wconf 91' lang='lat' dir='ltr'>tamquam</span> <span class='ocrx_word' id='word_1_284' title='bbox 430 3627 557 3713; x_wconf 90' lang='lat' dir='ltr'>lignum</span> <span class='ocrx_word' id='word_1_285' title='bbox 576 3628 665 3715; x_wconf 94' lang='lat' dir='ltr'>qnod</span> <span class='ocrx_word' id='word_1_286' title='bbox 683 3630 864 3717; x_wconf 90' lang='lat' dir='ltr'>plantatum</span> <span class='ocrx_word' id='word_1_287' title='bbox 883 3635 936 3698; x_wconf 91' lang='lat' dir='ltr'>est</span> <span class='ocrx_word' id='word_1_288' title='bbox 954 3646 1053 3697; x_wconf 90' lang='lat' dir='ltr'>secus</span> <span class='ocrx_word' id='word_1_289' title='bbox 1077 3627 1240 3697; x_wconf 90' lang='lat' dir='ltr'>decursus</span> <span class='ocrx_word' id='word_1_290' title='bbox 1269 3648 1380 3717; x_wconf 87' lang='lat' dir='ltr'>aqua-</span> 
     </span>
    </p>
   </div>
   <div class='ocr_carea' id='block_1_4' title="bbox 243 3726 1381 3919">
    <p class='ocr_par' dir='ltr' id='par_1_4' title="bbox 243 3726 1381 3919">
     <span class='ocr_line' id='line_1_36' title="bbox 243 3726 1381 3818; baseline 0.001 -23"><span class='ocrx_word' id='word_1_291' title='bbox 243 3746 322 3816; x_wconf 92' lang='lat' dir='ltr'>rum,</span> <span class='ocrx_word' id='word_1_292' title='bbox 351 3726 441 3814; x_wconf 92' lang='lat' dir='ltr'>quod</span> <span class='ocrx_word' id='word_1_293' title='bbox 468 3726 607 3795; x_wconf 90' lang='lat' dir='ltr'>lruetum</span> <span class='ocrx_word' id='word_1_294' title='bbox 634 3745 730 3795; x_wconf 91' lang='lat' dir='ltr'>suum</span> <span class='ocrx_word' id='word_1_295' title='bbox 756 3728 847 3796; x_wconf 93' lang='lat' dir='ltr'>dabit</span> <span class='ocrx_word' id='word_1_296' title='bbox 871 3729 905 3795; x_wconf 93' lang='lat' dir='ltr'>in</span> <span class='ocrx_word' id='word_1_297' title='bbox 932 3727 1080 3817; x_wconf 88' lang='lat' dir='ltr'>ternpore</span> <span class='ocrx_word' id='word_1_298' title='bbox 1108 3746 1181 3818; x_wconf 92' lang='lat' dir='ltr'>suo,</span> <span class='ocrx_word' id='word_1_299' title='bbox 1209 3732 1242 3796; x_wconf 95' lang='lat' dir='ltr'>et</span> <span class='ocrx_word' id='word_1_300' title='bbox 1266 3728 1381 3797; x_wconf 92' lang='lat' dir='ltr'>lolium</span> 
     </span>
     <span class='ocr_line' id='line_1_37' title="bbox 243 3825 1381 3919; baseline 0.001 -25"><span class='ocrx_word' id='word_1_301' title='bbox 243 3828 316 3894; x_wconf 91' lang='lat' dir='ltr'>eius</span> <span class='ocrx_word' id='word_1_302' title='bbox 350 3845 419 3895; x_wconf 93' lang='lat' dir='ltr'>nou</span> <span class='ocrx_word' id='word_1_303' title='bbox 451 3825 594 3917; x_wconf 88' lang='lat' dir='ltr'>delluet,</span> <span class='ocrx_word' id='word_1_304' title='bbox 628 3826 688 3895; x_wconf 92' lang='lat' dir='ltr'>sed</span> <span class='ocrx_word' id='word_1_305' title='bbox 716 3829 914 3915; x_wconf 89' lang='lat' dir='ltr'>asscriptum</span> <span class='ocrx_word' id='word_1_306' title='bbox 946 3829 1009 3896; x_wconf 89' lang='lat' dir='ltr'>erit</span> <span class='ocrx_word' id='word_1_307' title='bbox 1041 3829 1076 3895; x_wconf 95' lang='lat' dir='ltr'>in</span> <span class='ocrx_word' id='word_1_308' title='bbox 1101 3827 1186 3896; x_wconf 91' lang='lat' dir='ltr'>libro</span> <span class='ocrx_word' id='word_1_309' title='bbox 1212 3829 1295 3919; x_wconf 91' lang='lat' dir='ltr'>vite,</span> <span class='ocrx_word' id='word_1_310' title='bbox 1322 3828 1381 3896; x_wconf 93' lang='lat' dir='ltr'>ubi</span> 
     </span>
    </p>
   </div>
   <div class='ocr_carea' id='block_1_5' title="bbox 242 4042 1385 4304">
    <p class='ocr_par' dir='ltr' id='par_1_5' title="bbox 242 4042 1385 4304">
     <span class='ocr_line' id='line_1_38' title="bbox 277 4042 1382 4114; baseline 0.005 -18"><span class='ocrx_word' id='word_1_311' title='bbox 277 4045 307 4110; x_wconf 84' lang='lat' dir='ltr'>l]</span> <span class='ocrx_word' id='word_1_312' title='bbox 326 4060 374 4114; x_wconf 89' lang='lat' dir='ltr'>que</span> <span class='ocrx_word' id='word_1_313' title='bbox 393 4047 430 4100; x_wconf 93' lang='lat' dir='ltr'>bs.</span> <span class='ocrx_word' id='word_1_314' title='bbox 449 4045 501 4100; x_wconf 93' lang='lat' dir='ltr'>und</span> <span class='ocrx_word' id='word_1_315' title='bbox 518 4045 592 4099; x_wconf 87' lang='lat' dir='ltr'>Rein.</span> <span class='ocrx_word' id='word_1_316' title='bbox 645 4045 675 4109; x_wconf 84' lang='lat'>2]</span> <span class='ocrx_word' id='word_1_317' title='bbox 696 4047 840 4112; x_wconf 86' lang='lat' dir='ltr'>coniugium</span> <span class='ocrx_word' id='word_1_318' title='bbox 865 4043 927 4097; x_wconf 87' lang='lat' dir='ltr'>fehlt</span> <span class='ocrx_word' id='word_1_319' title='bbox 949 4047 976 4096; x_wconf 90' lang='lat' dir='ltr'>in</span> <span class='ocrx_word' id='word_1_320' title='bbox 1002 4044 1048 4098; x_wconf 92' lang='lat' dir='ltr'>der</span> <span class='ocrx_word' id='word_1_321' title='bbox 1072 4044 1126 4113; x_wconf 82' lang='lat' dir='ltr'>hs,</span> <span class='ocrx_word' id='word_1_322' title='bbox 1150 4042 1215 4096; x_wconf 89' lang='lat' dir='ltr'>wird</span> <span class='ocrx_word' id='word_1_323' title='bbox 1240 4043 1305 4098; x_wconf 86' lang='lat' dir='ltr'>aber</span> <span class='ocrx_word' id='word_1_324' title='bbox 1327 4059 1382 4102; x_wconf 85' lang='lat' dir='ltr'>von</span> 
     </span>
     <span class='ocr_line' id='line_1_39' title="bbox 242 4112 1384 4182; baseline 0 -12"><span class='ocrx_word' id='word_1_325' title='bbox 242 4113 333 4182; x_wconf 80' lang='lat' dir='ltr'>Dein,</span> <span class='ocrx_word' id='word_1_326' title='bbox 358 4115 404 4168; x_wconf 88' lang='lat' dir='ltr'>der</span> <span class='ocrx_word' id='word_1_327' title='bbox 421 4117 455 4168; x_wconf 92' lang='lat' dir='ltr'>im</span> <span class='ocrx_word' id='word_1_328' title='bbox 474 4120 529 4168; x_wconf 86' lang='lat' dir='ltr'>text</span> <span class='ocrx_word' id='word_1_329' title='bbox 547 4113 602 4167; x_wconf 87' lang='lat' dir='ltr'>dies</span> <span class='ocrx_word' id='word_1_330' title='bbox 621 4113 674 4167; x_wconf 94' lang='lat' dir='ltr'>und</span> <span class='ocrx_word' id='word_1_331' title='bbox 692 4113 737 4168; x_wconf 88' lang='lat' dir='ltr'>das</span> <span class='ocrx_word' id='word_1_332' title='bbox 757 4112 880 4179; x_wconf 82' lang='lat' dir='ltr'>lclgende</span> <span class='ocrx_word' id='word_1_333' title='bbox 897 4119 965 4168; x_wconf 88' lang='lat' dir='ltr'>wcrt</span> <span class='ocrx_word' id='word_1_334' title='bbox 983 4113 1120 4181; x_wconf 77' lang='lat' dir='ltr'>wegliisst,</span> <span class='ocrx_word' id='word_1_335' title='bbox 1139 4113 1177 4167; x_wconf 87' lang='lat' dir='ltr'>als</span> <span class='ocrx_word' id='word_1_336' title='bbox 1195 4112 1274 4166; x_wconf 86' lang='lat' dir='ltr'>lesert</span> <span class='ocrx_word' id='word_1_337' title='bbox 1297 4127 1384 4182; x_wconf 83' lang='lat' dir='ltr'>auge-</span> 
     </span>
     <span class='ocr_line' id='line_1_40' title="bbox 244 4179 1385 4304; baseline 0.004 -70"><span class='ocrx_word' id='word_1_338' title='bbox 244 4181 320 4304; x_wconf 45' lang='grc' dir='ltr'>ἱιὲιῖῐιι.</span> <span class='ocrx_word' id='word_1_339' title='bbox 354 4183 384 4248; x_wconf 82' lang='grc'>3)</span> <span class='ocrx_word' id='word_1_340' title='bbox 404 4183 451 4237; x_wconf 88' lang='lat' dir='ltr'>Ein</span> <span class='ocrx_word' id='word_1_341' title='bbox 471 4183 528 4240; x_wconf 89' lang='lat' dir='ltr'>deur</span> <span class='ocrx_word' id='word_1_342' title='bbox 547 4182 726 4250; x_wconf 85' lang='lat' dir='ltr'>griechischen</span> <span class='ocrx_word' id='word_1_343' title='bbox 744 4191 942 4238; x_wconf 90' lang='lat' dir='ltr'>entnommenes</span> <span class='ocrx_word' id='word_1_344' title='bbox 959 4186 1037 4235; x_wconf 85' lang='lat' dir='ltr'>uort:</span> <span class='ocrx_word' id='word_1_345' title='bbox 1063 4181 1188 4250; x_wconf 78' lang='lat' dir='ltr'>trdgbeit,</span> <span class='ocrx_word' id='word_1_346' title='bbox 1206 4179 1385 4239; x_wconf 86' lang='lat' dir='ltr'>verdrossen-</span> 
     </span>
    </p>
   </div>
   <div class='ocr_carea' id='block_1_6' title="bbox 0 0 1556 4882">
    <p class='ocr_par' dir='ltr' id='par_1_6' title="bbox 0 0 1556 4882">
     <span class='ocr_line' id='line_1_41' title="bbox 0 0 1556 4882; baseline 0 0"><span class='ocrx_word' id='word_1_347' title='bbox 0 0 1556 4882; x_wconf 95' lang='lat' dir='ltr'> </span> 
     </span>
    </p>
   </div>
  </div>
 </body>
</html>
