3002 4880
400 276 545 322 cnnomcn
567 277 604 321 nn
624 277 723 324 ersus
742 277 909 324 rnrncrrun.
1176 252 1221 321 19

95 431 183 482 suam
201 411 432 483 Maehthildim
457 415 729 484 honestissimam
747 416 955 485 domicellam
969 414 1113 486 Rudollo
1139 418 1221 488 illu-

93 515 146 580 stri
172 511 250 580 duoi
275 514 429 582 Bawarie
459 515 741 582 matrimonialiter
770 517 897 606 jungit,
936 517 1129 584 existimans
1157 519 1220 586 sibi
1239 518 1307 573 129*
1369 519 1372 524 '

91 611 158 680 lore
183 613 324 700 perutile
344 615 381 680 vsi
414 619 481 681 tam
512 613 688 682 honestum
717 615 821 682 virum
848 620 882 682 et
907 617 1046 700 egregie
1072 615 1220 702 dignita·
1238 601 1311 713 ΒΨ·

92 713 130 778 tis
160 711 223 778 sibi
257 710 373 780 feeerit
406 714 563 802 amioum,
600 718 634 780 et
666 729 709 781 ex
735 731 776 782 eo
812 731 953 803 sperans
980 731 1018 782 se
1051 716 1086 782 in
1112 733 1218 802 regno

91 809 159 878 ieri
184 808 363 878 fortiorem.

162 909 242 996 Ipso
282 914 392 977 autem
425 906 548 978 naoth
584 911 689 998 primo
724 929 863 997 regnum
901 914 1043 982 intrante
1079 916 1219 1003 paoilioa

90 1005 218 1075 fuerant
243 1009 353 1076 omnia
379 1014 413 1076 et
438 1009 624 1097 tranquille
657 1008 725 1078 Sed
751 1009 871 1078 eodem
896 1013 930 1080 in
956 1016 1105 1100 ternpore
1131 1021 1218 1083 terra

88 1106 359 1174 Maeiohsnensis
386 1110 531 1176 omnium
556 1107 715 1176 heredum
740 1127 943 1198 possessore
971 1110 1159 1182 destituitur
1185 1119 1219 1182 et

89 1209 244 1295 privatur,
273 1225 370 1293 quam
398 1205 530 1294 quidam
557 1207 702 1276 marohio
728 1214 848 1296 petens
875 1210 1063 1298 irrequisito
1083 1229 1164 1299 rege
1185 1217 1219 1280 et

90 1307 162 1372 sine
188 1307 262 1372 eius
290 1308 385 1397 soitu,
413 1306 456 1373 ad
471 1323 568 1393 quern
596 1308 750 1375 extinotis
770 1307 950 1377 heredibus
968 1310 1118 1378 eiusdem
1132 1318 1217 1379 terre

84 1406 138 1488 jus
167 1406 303 1492 respieit
336 1404 549 1496 conserendi,
594 1408 672 1493 quia
706 1423 768 1473 sue
802 1413 886 1474 terre
920 1410 1049 1476 eminus
1076 1409 1217 1500 adlatret,

87 1508 242 1590 potenter
260 1521 333 1570 earn
351 1505 450 1572 intrat
477 1511 509 1572 et
527 1503 590 1571 sibi
609 1504 740 1593 subioit,
766 1503 956 1574 laventibus
976 1507 1038 1574 sibi
1060 1509 1217 1576 ministris

88 1601 240 1670 eiusdem
264 1609 362 1693 terre,
390 1610 423 1671 et
442 1621 514 1672 eam
532 1620 631 1671 manu
647 1602 802 1692 possidet
817 1605 975 1674 uiolento.
1027 1603 1101 1686 Quo
1120 1623 1217 1675 oom-

87 1707 182 1788 perto
202 1718 262 1769 rex
279 1702 420 1770 eolleoto
441 1704 597 1793 exercitu,
625 1701 859 1792 rempublioam
888 1706 1026 1792 oupiens
1046 1703 1215 1795 ampliare,

86 1801 186 1868 intrat
211 1799 353 1868 eandem
380 1805 508 1893 terram,
537 1807 570 1869 et
596 1807 734 1891 temptat
751 1801 891 1869 eandem
917 1821 1032 1892 rapere
1059 1802 1101 1872 de
1118 1821 1219 1872 manu

88 1900 211 1966 iniuste
227 1899 484 1988 possidentium.
536 1898 604 1968 Sed
630 1918 698 1969 non
724 1900 874 1989 proleeit.
923 1901 1104 1990 Repulsarn
1132 1904 1218 1970 enirn

87 2000 261 2066 sustinens
287 1997 405 2086 fatigat
431 2017 504 2066 earn
529 1999 685 2068 inoendio
713 2006 747 2068 et
771 2001 905 2091 rapina,
943 2007 977 2068 et
1002 1999 1136 2068 tandem
1162 2003 1220 2068 in-

87 2095 176 2167 ieeto
203 2099 342 2183 negotio
370 2100 459 2167 exire
486 2101 625 2188 oogitur,
653 2097 744 2185 quod
770 2116 886 2167 revera
906 2101 1033 2186 regiam
1059 2118 1128 2168 non
1153 2099 1220 2168 de·
1294 2158 1296 2162 .

89 2198 156 2264 ouit
183 2198 401 2266 maiestatem.
450 2197 527 2266 Non
548 2202 618 2265 erat
635 2195 766 2265 lortuna
792 2215 865 2266 oum
893 2215 934 2267 eo
954 2199 1123 2286 quomodo
1145 2217 1220 2268 oum

88 2312 169 2382 rege
186 2294 332 2364 Rudollo
350 2302 566 2364 anteoessore
594 2313 668 2387 suo,
696 2295 758 2364 sed
777 2297 872 2365 malis
896 2297 1112 2367 suooessibus
1132 2299 1220 2388 oepit

89 2396 117 2460 ei
143 2393 278 2463 fortuna
305 2397 400 2463 eitius
427 2398 614 2464 noveroari.

160 2494 263 2562 Porro
289 2491 446 2562 Alhertus
473 2494 542 2562 dux
563 2492 697 2562 Austrie
725 2495 875 2562 sentiens
904 2510 942 2562 se
968 2492 1158 2563 frustratum
1186 2501 1220 2564 et

88 2589 274 2662 fraudatum
300 2610 406 2679 regno
432 2592 583 2684 indoluit,
610 2600 643 2661 et
663 2593 854 2662 dilationem
869 2592 1005 2661 ultionis
1024 2611 1092 2661 non
1110 2596 1219 2661 susti-

89 2709 172 2759 nens
202 2698 320 2759 eontra
346 2691 396 2759 las
423 2710 536 2779 regern
555 2689 711 2760 Adollum
736 2696 832 2780 parat
856 2689 1015 2759 invadere
1042 2698 1076 2760 et
1093 2697 1217 2779 quanta

88 2792 196 2878 potuit
208 2792 329 2859 virtute
345 2790 543 2860 omnimodis
562 2792 786 2880 supplantare.
822 2790 923 2859 Porro
939 2807 998 2879 per
1015 2791 1219 2880 sollempnes

88 2892 223 2959 nuntios
252 2888 342 2977 apud
367 2892 532 2979 principes
560 2896 593 2959 et
619 2907 774 2976 quosque
800 2895 976 2975 magnates
1004 2893 1111 2976 querit
1136 2907 1220 2977 gra·-

89 2990 162 3056 tiam
182 2995 216 3057 et
239 2986 397 3079 levorem,
424 2991 529 3078 aperit
555 2990 705 3078 erarium,
734 2992 767 3056 et
792 3006 890 3057 manu
915 2988 1104 3074 largissima
1130 2990 1220 3058 mul-

91 3093 194 3156 torum
220 3087 341 3156 bursas
360 3088 476 3178 relidit,
504 3105 570 3176 quo
597 3088 693 3173 regni
718 3088 847 3176 apioem
871 3088 982 3156 valeat
1008 3088 1158 3180 adipisoi,
1187 3096 1221 3157 et

91 3201 173 3273 quos
201 3192 303 3256 antea
337 3189 520 3255 eontrarios
553 3188 726 3276 sustinuit,
759 3189 828 3271 jam
853 3187 1044 3255 muneribus
1072 3188 1136 3256 sibi
1162 3195 1219 3256 at-

92 3287 184 3354 trahit
211 3292 246 3354 et
272 3288 419 3354 asoisoit
469 3285 623 3374 Denique
642 3290 769 3354 tantam
795 3285 837 3353 de
853 3291 995 3370 argento
1013 3286 1220 3375 expenderat

94 3401 189 3474 snper
214 3403 300 3454 usus
327 3387 479 3474 proprios
500 3391 533 3453 et
556 3386 629 3452 aliis
656 3385 870 3475 necessariis,
897 3390 934 3452 ut
950 3403 1016 3452 una
1034 3392 1124 3454 muta
1142 3393 1221 3455 tuno

94 3487 247 3573 temporis
281 3486 316 3553 in
351 3485 516 3552 communi
550 3483 622 3553 loro
656 3484 765 3551 levius
804 3501 902 3570 quam
937 3488 1014 3552 ante
1047 3484 1220 3554 delaloatis

95 3586 235 3672 quinque
263 3582 381 3652 solidis
404 3584 615 3652 venderetur.
667 3581 735 3651 Sed
761 3600 829 3651 non
855 3583 1025 3652 ineassum
1044 3583 1218 3674 distribuit,

97 3684 168 3766 quia
192 3701 236 3751 ex
272 3699 314 3751 eo
348 3682 472 3750 luorum
503 3700 572 3751 non
606 3680 772 3750 modionm
807 3683 999 3770 reportavit.
1049 3683 1219 3770 Prinoipes

96 3796 169 3848 vero
203 3782 262 3870 qui
287 3779 443 3849 Adollam
481 3799 595 3868 regem
626 3787 704 3849 ante
735 3779 778 3849 ad
804 3781 900 3866 regni
933 3780 1052 3849 solium
1080 3798 1221 3869 promo-

98 3887 215 3971 verant,
243 3885 437 3948 averterunt
452 3897 491 3947 se
510 3880 550 3948 ab
573 3898 625 3970 eo,
651 3885 685 3948 et
700 3897 768 3948 non
796 3883 1015 3948 servaverunt
1033 3878 1096 3946 sibi
1111 3879 1220 3972 fidem,

100 3993 189 4062 quam
215 3980 279 4048 sibi
306 3985 384 4048 ante
404 3978 543 4047 fideliter
567 3979 801 4067 inpenderunt.
852 3975 925 4058 Quo
945 3977 1097 4066 exemplo
1112 3977 1220 4048 dooe-

101 4093 173 4168 mur,
199 4079 296 4147 tidem
322 4097 391 4147 non
418 4095 497 4146 esse
523 4078 712 4167 ponendam
738 4080 772 4145 in
793 4078 926 4146 homine
953 4078 987 4142 in
1011 4076 1074 4144 hoo
1090 4079 1170 4148 vita.

165 4176 318 4265 Denique
351 4175 508 4246 Alhertus
542 4175 611 4246 dux
635 4175 770 4245 Austrie
805 4180 970 4262 oonoepto
999 4173 1077 4244 odio
1104 4183 1221 4245 eontra

103 4287 204 4358 regem
230 4276 272 4346 de
300 4282 405 4345 morte
428 4278 500 4344 eius
521 4282 649 4367 traotat,
678 4278 773 4345 struit
790 4271 941 4364 insidias,
968 4273 1125 4360 laqueum
1140 4282 1219 4344 ten-

985 4382 1023 4436 2*
