3052 4878
446 225 564 273 niconnr
584 227 629 274 nr.
651 226 793 274 soraonr.
815 227 949 274 nrnnrro.
1221 197 1267 268 83
1299 247 1301 251 ν

131 363 325 434 cancellarii
340 365 568 455 transiveram,
591 365 647 434 ubi
664 365 787 435 dictum
807 365 975 436 dominum
993 364 1176 435 blattbonm
1193 383 1266 435 cum
1286 381 1349 436 nan

130 481 198 533 nno
225 462 294 532 lilio
322 480 385 533 suo
412 462 603 533 dimiseram
630 465 703 533 sino
730 467 849 556 armis,
876 461 960 534 dixi:
985 466 1134 550 nonam,
1160 467 1266 534 domi·

127 579 206 631 aum
237 561 415 632 Mottbcum
440 563 475 630 in
499 564 596 632 domo
627 564 821 632 concellaria·
850 565 965 632 dictim
1015 563 1134 633 Nullus
1160 565 1268 634 voluit

127 661 209 730 mibi
236 660 386 731 credere.
417 662 571 754 Procopit
602 662 680 731 mibi
712 661 885 755 dominus,
913 663 1004 750 quod
1033 680 1099 750 ego
1125 664 1206 732 irem
1233 670 1268 731 et

129 759 333 830 adducerom
359 778 443 830 omn.
474 761 522 829 lvi
549 777 623 830 curn
649 763 792 832 maximo
819 761 979 853 periculo,
1006 768 1040 830 et
1065 764 1174 850 ipsum
1200 761 1266 830 ad·-

128 859 211 929 dnxi
229 858 271 930 ad
288 860 449 948 capellam
466 860 601 930 domini.
628 859 722 928 Tunc
741 859 824 929 dixit
845 861 924 929 mihi
944 860 1099 930 dominus
1120 861 1267 951 publice,

129 957 223 1046 quod
250 959 386 1027 servitia
412 958 556 1028 feceram
579 959 654 1050 sibl,
682 957 745 1027 sed
762 959 854 1029 istud
875 966 947 1029 erat
968 959 1160 1048 maximum,
1188 961 1268 1048 quia

127 1059 232 1126 istum
256 1059 471 1127 innocentem
488 1057 705 1127 mandaverat
730 1060 804 1147 capi
831 1057 874 1127 ad
897 1077 972 1128 enrn
990 1058 1266 1151 interficiendum,

127 1158 158 1226 si
185 1174 252 1243 ego
277 1173 346 1226 non
372 1155 523 1250 inissem,
551 1158 630 1244 qnia
649 1157 869 1226 accusabatur
892 1158 934 1226 ab
957 1158 1124 1251 omnibus,
1151 1162 1186 1228 et
1200 1156 1266 1227 ad-

126 1255 196 1325 huc
223 1257 320 1324 etiarn
346 1261 533 1325 accusatur.
558 1255 600 1332 Et
625 1255 749 1347 dicunt,
778 1256 869 1344 quod
893 1258 968 1346 ipse
991 1258 1177 1348 consensit,
1205 1254 1268 1325 sad

127 1352 267 1442 qnando
293 1353 395 1446 vidit,
432 1354 523 1443 qnod
556 1371 611 1424 res
638 1373 707 1423 non
737 1360 893 1444 poterant
924 1356 994 1424 lieri
1027 1360 1066 1425 ut
1098 1354 1267 1446 credebat,

126 1459 266 1543 propter
282 1452 529 1523 festinationem
545 1455 678 1522 nimiam
691 1453 972 1523 Theotonicorum
985 1460 1194 1546 armatorum,
1211 1453 1268 1522 di-

126 1553 221 1622 misit
236 1552 323 1622 alios
340 1555 375 1621 in
391 1553 497 1643 briga,
525 1559 560 1621 et
577 1569 615 1622 se
635 1558 728 1622 extra
748 1555 870 1641 posuit
895 1552 946 1621 lbi
962 1551 1051 1622 lacta
1070 1559 1150 1622 sunt
1165 1552 1268 1621 multa

125 1651 217 1720 mala
251 1656 285 1719 et
317 1649 447 1720 infinita
480 1653 605 1741 spolia,
641 1651 792 1720 etmulti
817 1653 938 1720 mortui
965 1653 1195 1722 etvulnerati.
1232 1652 1268 1719 Si

124 1752 228 1840 inste,
254 1750 348 1819 Dens
375 1751 448 1821 scit
473 1751 571 1837 Fugit
588 1749 743 1820 dominus
762 1749 880 1820 Guldo.
905 1750 944 1818 ln
969 1749 1068 1821 domo
1096 1769 1157 1820 sua
1181 1751 1268 1818 inter

125 1850 196 1918 alia
220 1851 415 1939 suspicione
441 1851 542 1940 plena
562 1851 697 1919 inventa
717 1855 795 1918 suunt
814 1851 936 1936 sagitte
953 1855 1069 1938 parate
1093 1867 1167 1919 cum
1187 1851 1266 1936 ignc

125 1965 235 2036 greco
261 1949 373 2039 multc,
401 1953 435 2017 et
460 1966 582 2036 grosse
606 1948 728 2018 baliste
756 1948 798 2017 ad
824 1947 1030 2018 trahendum.

204 2048 287 2116 Post
303 2046 386 2116 illud
401 2049 598 2139 periculum,
618 2047 708 2135 qnod
727 2049 812 2118 satis
831 2065 987 2134 magnum
1005 2047 1076 2138 luit,
1092 2063 1161 2115 non
1178 2047 1267 2115 mul-

125 2151 200 2216 tnm
229 2152 310 2236 post
343 2146 507 2216 Cremona
540 2147 714 2217 rebellavit
745 2147 915 2235 proiciens
950 2151 1076 2235 partem
1107 2164 1207 2214 unam
1234 2153 1269 2213 et

123 2246 289 2316 vicarium
315 2251 408 2315 extra
434 2248 612 2315 civitatem.
639 2245 713 2314 lloc
738 2245 827 2314 idern
850 2245 930 2316 lecit
952 2246 1064 2314 brixia
1091 2250 1125 2313 et
1142 2244 1268 2314 Cremu.

126 2343 200 2414 Sed
225 2344 341 2414 Laude
361 2349 454 2414 extra
475 2351 603 2434 partem
625 2343 841 2414 Guebelinam
856 2345 981 2435 posuit,
1010 2342 1072 2413 sed
1089 2342 1269 2412 obediebat

124 2445 255 2513 vicario
292 2443 371 2514 dicti
407 2445 509 2531 regis.
551 2443 622 2512 Illis
656 2443 774 2512 diebus
807 2442 915 2512 dictus
948 2459 1007 2512 rex
1038 2440 1131 2511 dedit
1156 2445 1267 2511 cornitl

125 2542 322 2632 Philipponi
348 2543 478 2635 Casalc,
507 2542 645 2632 Symoni
672 2540 714 2611 de
726 2542 889 2611 Vercellis
915 2541 1004 2610 mille
1028 2541 1129 2608 libras
1155 2541 1268 2629 impe-

127 2642 262 2710 rialium
288 2643 324 2710 in
349 2642 484 2712 leodum
515 2643 549 2710 in
575 2640 760 2710 redditibus
786 2642 856 2710 suis
882 2639 1093 2729 recipiendas
1118 2641 1153 2706 in
1179 2639 1267 2708 Ver-

124 2741 236 2810 cellis.
262 2739 361 2821 Quod
386 2743 523 2810 multum
550 2741 740 2810 Guebclinis
767 2739 976 2830 displicebat
1011 2739 1155 2808 Domino
1183 2738 1268 2806 Gui-

126 2838 212 2908 doni
246 2841 309 2908 tria
341 2841 443 2910 millia
468 2838 681 2909 ordinaverat
706 2839 802 2929 dare,
837 2839 904 2908 nisi
929 2839 987 2907 illa
1012 2839 1148 2907 miseria
1173 2839 1267 2906 acci-

129 2937 251 3008 disset
275 2938 327 3007 De
354 2940 494 3009 oonsilio
521 2941 660 3009 istorum
685 2939 810 3007 missus
832 2943 886 3007 ost
904 2935 1072 3006 Antonius
1093 2937 1135 3006 de
1152 2935 1268 3005 Laude

128 3036 174 3106 ad
201 3037 285 3106 istas
318 3043 386 3106 tres
418 3040 571 3107 civitates
598 3037 767 3127 predictas
801 3053 867 3126 qne
900 3037 1161 3127 rebellaverant,
1189 3043 1268 3104 tan-

128 3153 232 3224 quam
257 3135 453 3224 prudentior
478 3139 565 3206 inter
591 3138 675 3206 alios
699 3135 909 3206 Lumbardos
936 3141 971 3204 ct
995 3136 1112 3205 melior
1137 3134 1268 3203 media-

124 3240 192 3304 tur.
226 3234 298 3303 Illis
321 3237 418 3304 etiam
445 3236 563 3305 diebus
587 3237 713 3305 missus
739 3235 801 3304 luit
827 3237 1007 3325 episcopus
1035 3234 1269 3305 Gebcnncnsis

124 3335 163 3402 in
190 3331 349 3425 Paduam,
375 3335 433 3404 ubi
455 3353 515 3424 per
532 3351 607 3405 cum
623 3338 760 3404 invente
787 3339 866 3403 sunt
890 3333 1024 3403 diverse
1050 3336 1104 3402 vie
1131 3339 1165 3401 et
1189 3336 1268 3422 qui-

124 3431 206 3502 dam
231 3437 394 3502 tractatus
418 3451 519 3524 super
536 3433 736 3522 quibusdam
760 3435 888 3520 gratiis,
915 3450 998 3520 quas
1025 3432 1185 3524 petebant
1201 3433 1268 3500 Pa-

125 3530 244 3600 dnani.
269 3532 312 3601 Et
337 3531 380 3602 de
406 3533 471 3603 hoc
497 3533 612 3602 babuit
637 3531 793 3603 dominus
817 3550 876 3601 rex
901 3550 1056 3619 magnam
1082 3531 1268 3622 pecuniam,

125 3631 220 3699 sicut
246 3632 328 3700 scio.

204 3729 286 3798 Post
311 3730 376 3799 hec
402 3726 568 3800 Antonius
597 3730 639 3800 dc
665 3730 781 3802 Laude
808 3747 965 3800 rcversus
993 3735 1048 3799 cst
1072 3728 1114 3797 dc
1139 3727 1267 3817 Brixia,

125 3826 315 3920 Cremona,
349 3827 467 3898 Crema
493 3835 527 3898 et
551 3829 679 3924 Laude,
707 3848 773 3919 quc
799 3830 1059 3918 rebellaverant,
1086 3829 1120 3895 in
1146 3825 1269 3914 quibus

127 3927 258 3995 nnllam
284 3927 511 3997 obedientiam
537 3929 674 4000 invenit.
700 3931 743 4000 Et
768 3929 834 3998 sibi
859 3929 900 3998 ab
927 3928 1094 4014 aliquibus
1120 3924 1181 3993 luit
1205 3925 1268 3992 im·

126 4025 290 4116 positum,
320 4025 411 4114 qnod
438 4029 467 4094 si
494 4027 581 4097 bene
606 4029 797 4100 laborasset
822 4034 856 4097 et
880 4026 1031 4116 fideliter,
1059 4023 1149 4111 quod
1175 4026 1270 4115 ipsos

127 4123 176 4192 de
210 4122 299 4192 laclli
325 4125 368 4194 ad
390 4123 614 4196 obedientiam
646 4128 855 4217 reduxisset,
883 4127 961 4214 quia
986 4124 1068 4192 nihil
1093 4126 1173 4193 novi
1199 4127 1272 4193 erat

125 4221 258 4292 sactum
290 4225 376 4294 inter
410 4241 472 4295 eos
506 4223 635 4318 adhuc,
669 4246 732 4296 nec
761 4243 896 4295 oausam
922 4223 1091 4293 habebant
1116 4223 1270 4314 aliquam,

1033 4333 1050 4388 6
1058 4331 1075 4368 96
