3028 4878
472 253 613 300 nouimus
634 253 840 299 mosomensis.
875 250 900 319 6,
919 253 941 305 2.
1196 225 1268 294 tte

133 393 287 478 operibns
313 394 382 460 nris
407 431 455 442 --
475 393 573 458 modo
588 390 693 458 debito
706 393 919 477 procedatur.
945 393 1034 461 Nnttt
1052 412 1131 480 erpo
1148 399 1207 462 etc.
1234 394 1270 462 st
1287 405 1351 458 1335

133 493 207 576 onis
224 496 332 559 ontem
347 496 408 559 eto.
431 491 556 558 Dotrem
570 490 735 574 Aotnione,
750 493 793 558 iii.
810 491 876 558 bol.
891 491 1062 575 februarii.
1088 494 1269 575 Pontificu-

130 592 311 658 banestre·
338 608 425 657 onno
450 581 500 656 ti.1

133 769 183 836 lio
202 768 472 838 inthronizatione
488 768 615 836 Ottonic
631 771 723 837 dncis
739 770 772 835 in
788 771 942 838 duootnm
953 768 1131 852 Korintbic,
1148 774 1269 854 etpro-

230 868 373 953 fectr'onc
389 869 457 935 eins
473 872 591 934 contro
608 867 788 936 lobonnem
803 887 914 954 renem
931 868 1092 938 Bononio.
1132 870 1213 954 Cup.
1227 869 1269 935 ttn'.

204 997 303 1070 Auno
321 1000 445 1069 domini
462 1019 686 1070 inoccuxxn.
707 1001 774 1072 dux
793 1000 872 1070 Otto
891 1009 927 1069 ut
945 1003 1178 1071 fluctuationes
1199 1002 1271 1070 Ka-

128 1099 366 1167 uintbianouum
390 1099 601 1190 dissolveret,
630 1101 685 1188 qui
710 1100 825 1167 dieunt
842 1102 966 1168 nullum
983 1103 1166 1190 principem
1184 1107 1271 1167 teme

131 1214 195 1266 sue
221 1199 282 1265 rite
309 1216 412 1286 posse
439 1199 626 1268 concedere
654 1199 753 1267 ieoda
780 1201 833 1268 vel
860 1199 982 1268 iudicia
1010 1217 1178 1290 exemere,
1206 1201 1271 1266 uisi

130 1297 166 1363 in
193 1313 234 1364 eo
269 1299 450 1385 priscarum
486 1298 764 1366 consuetudinum
797 1299 853 1366 lex
887 1305 1054 1385 servetur,
1081 1305 1118 1366 ut
1144 1299 1272 1365 scilicet

133 1411 236 1482 super
262 1395 377 1464 sedem
405 1415 498 1464 suam
517 1396 743 1484 sollempniter
762 1398 961 1484 collocetur,
989 1399 1080 1464 venit
1098 1413 1180 1482 ergo
1198 1395 1271 1465 Ka-

130 1494 294 1584 rintbium,
323 1501 356 1562 et
382 1496 416 1562 in
444 1495 588 1563 ecclesia
615 1496 761 1564 Soliensi
778 1515 797 1564 a
817 1495 996 1564 Laurentio
1023 1496 1155 1584 presule
1183 1495 1272 1563 Gur,-

130 1594 247 1681 censi,
274 1594 486 1681 presentibus
514 1594 669 1661 Heinrico
692 1594 878 1662 Laventino
904 1594 1062 1682 pontifice
1089 1595 1270 1682 prepositis

128 1690 307 1759 abbatibus
335 1698 368 1759 et
394 1691 540 1783 prelatis,
568 1694 602 1760 in
629 1693 684 1762 die
710 1693 862 1761 Processi
889 1699 923 1759 ct
947 1693 1134 1762 Mantiniam
1161 1692 1271 1760 bene·
1294 1724 1349 1762 aa.

131 1785 261 1858 dicitur.
307 1791 453 1880 Populus
480 1792 664 1877 gratulatur
694 1811 768 1860 oum
795 1797 946 1860 cerneret
972 1790 1104 1859 modum
1129 1791 1271 1879 provin·
1313 1777 1329 1828 ²

130 1888 184 1956 oie
212 1907 272 1957 sue
299 1891 485 1976 recenseri3
514 1890 625 1957 clerici
653 1897 687 1958 et
718 1892 867 1976 religiosi
884 1896 1096 1980 murmurant,
1124 1891 1201 1980 quia
1228 1887 1272 1956 ad

130 1987 231 2055 buius
259 1985 335 2055 testi
361 1988 485 2075 gaudia
503 1991 687 2057 contraius
715 1989 824 2080 elias
852 1989 895 2057 ad
922 2006 1089 2077 expensas
1116 1990 1271 2056 iumentis

132 2092 167 2154 et
193 2088 334 2175 pecunia
363 2088 536 2156 bulliantur.
570 2088 676 2154 Multa
696 2093 806 2156 tamen
825 2089 858 2156 in
877 2089 975 2155 buius
1003 2086 1079 2155 iesti
1106 2088 1273 2157 observa-

133 2187 225 2252 tione
253 2191 330 2254 sunt
354 2185 535 2275 improvide
555 2188 769 2276 pretermissa
794 2189 873 2275 quia
898 2187 1057 2255 oblivioni
1084 2185 1212 2276 tradita,
1241 2193 1273 2252 et

133 2285 212 2353 ideo
248 2286 325 2371 quia
359 2285 401 2367 ab
435 2285 690 2354 intronizatione
726 2285 819 2354 ducis
853 2285 1058 2376 lleinbardi,
1095 2286 1148 2352 avi
1174 2283 1271 2351 huius

133 2382 280 2472 Ottonis,
308 2384 385 2451 anni
413 2386 655 2471 quinquaginta
683 2402 743 2452 sex
770 2385 897 2452 circiter
924 2389 1163 2472 computantur.
1197 2379 1272 2452 Au·
1300 2457 1301 2460 Ἴ

132 2481 251 2550 stnales
279 2481 335 2569 qui
363 2501 477 2550 secum
503 2489 682 2566 venerant,
709 2481 862 2551 videntes
893 2501 989 2550 suum
1015 2483 1196 2570 principem
1224 2483 1273 2548 sio

131 2582 331 2669 circumagi,
359 2582 580 2670 mirabantur,
609 2587 643 2649 et
669 2599 783 2649 secum
812 2597 1008 2670 processum
1036 2597 1123 2647 nove
1150 2597 1273 2668 supen-

132 2680 278 2748 stitionis
298 2679 394 2748 buius
412 2680 504 2748 velut
524 2680 696 2748 ridiculum
719 2687 818 2766 atque
847 2679 1025 2747 colludium
1051 2682 1084 2768 in
1104 2675 1273 2745 Austriam

132 2777 359 2866 reportabant.
394 2777 521 2859 Quibus
540 2780 683 2866 peractis
708 2779 775 2846 dux
801 2778 843 2846 ad
870 2777 1001 2846 fratrem
1018 2774 1187 2844 bibentum
1214 2793 1274 2844 re-

132 2894 264 2966 versus,
291 2878 324 2943 in
343 2877 512 2946 Karintbia
539 2880 683 2946 vonmm
702 2877 924 2946 obedientiam
947 2885 979 2944 et
1007 2875 1185 2944 exhibitam
1204 2874 1274 2942 sibi

132 2976 353 3044 reverentiam
379 2994 452 3044 cum
478 2976 604 3064 gaudio
631 2981 821 3065 reportavit.

208 3074 282 3142 Hoc
309 3080 457 3163 tempore
485 3075 616 3163 quidam
643 3077 756 3144 zelans
789 3077 895 3144 nostri
922 3074 1098 3142 salvatoris
1124 3071 1274 3142 iniuriam

136 3172 283 3241 crucifixi
303 3176 453 3264 surrexit,
482 3174 592 3242 dictus
614 3193 674 3241 rex
692 3171 873 3264 Armleden,
900 3171 1080 3260 Alsaticus,
1108 3175 1195 3240 circa
1214 3172 1274 3239 lit-

136 3270 305 3341 touaReni
332 3279 366 3340 et
392 3273 546 3362 confinia,
575 3271 718 3341 comitata
742 3275 884 3340 maxima
910 3271 1116 3339 multitudine
1145 3288 1182 3339 se
1210 3288 1274 3338 co-

134 3373 288 3460 mitante,
323 3389 365 3438 ex
399 3371 508 3459 opidis
545 3377 578 3439 et
611 3372 847 3444 munitionibus
883 3377 983 3457 atque
1017 3369 1105 3437 villis
1140 3369 1274 3437 ludaico

135 3470 242 3557 plebis
264 3471 518 3538 inestimabilem
540 3477 685 3556 stragem
705 3469 794 3538 iecit.
828 3467 968 3549 Quidam
988 3469 1082 3534 miles
1102 3465 1272 3536 Annoldus

134 3571 207 3656 pani
234 3567 354 3636 ductus
380 3570 454 3637 zelo
479 3588 540 3659 peu
567 3569 761 3640 orientalem
778 3569 947 3635 Franciam
973 3566 1060 3634 idem
1088 3565 1172 3633 iecit.
1200 3565 1271 3654 Hic,

136 3669 213 3753 quia
230 3685 290 3755 pro
307 3667 473 3756 stipendio
491 3669 670 3756 imperialis
693 3667 847 3753 obsequii
866 3666 989 3733 ludeos
1016 3671 1049 3731 et
1066 3664 1272 3733 Christianos

135 3767 320 3856 antestant,
349 3769 478 3856 capitur
495 3773 529 3834 et
545 3769 652 3856 capite
673 3767 842 3855 spoliatur,
871 3772 904 3832 et
925 3767 958 3832 iu
985 3762 1087 3831 natali
1114 3763 1187 3830 solo
1215 3779 1273 3830 se-

167 3928 198 3992 l)
217 3926 258 3980 iob
283 3926 348 3980 babe
371 3927 468 3982 bereits
496 3927 562 3984 oben
591 3927 632 3981 bei
661 3928 720 3982 dem
743 3926 1030 3980 inbaltsverzeiebnisse
1057 3923 1192 3988 bemcnbt,
1212 3922 1271 3976 dass

133 3996 221 4049 dieses
245 3997 339 4064 capite!
364 3998 451 4064 spiter
474 3997 661 4064 eingescbaltet
690 3995 794 4058 wurde;
818 3995 849 4048 da
872 3993 964 4048 iedocb
993 3994 1088 4046 dessen
1107 3991 1189 4043 inbalt
1206 3991 1270 4043 uucb

135 4062 203 4118 beim
221 4063 299 4118 Cont-
316 4065 389 4118 biart.
407 4064 461 4118 Pol.
480 4065 600 4118 erwibnt
617 4067 660 4128 ist,
679 4078 709 4116 so
728 4065 831 4116 sebeint
850 4075 879 4115 es
896 4061 1038 4129 ullerdiugs
1055 4059 1123 4137 nocb
1137 4072 1196 4112 vom
1209 4057 1272 4111 veri.

134 4131 325 4199 berzuuitbrem
344 4133 411 4186 decb
428 4131 533 4200 glaubte
550 4133 591 4185 icb
612 4134 654 4186 die
670 4132 809 4198 decretale,
827 4129 929 4184 welche
946 4144 1005 4183 mou
1023 4126 1153 4182 obncdues
1168 4126 1274 4193 inbap-

137 4202 206 4253 nalli
225 4201 289 4254 nnn.
308 4200 381 4268 eccl,
399 4202 425 4253 in
446 4199 587 4254 cherubini
607 4201 671 4254 Bntl.
685 4215 802 4266 magnum
820 4200 873 4253 und
893 4202 965 4251 sonst
983 4197 1072 4261 findet,
1092 4194 1153 4248 weil
1172 4195 1210 4249 sie
1224 4197 1276 4249 den

138 4269 351 4335 zusammenbang
369 4268 551 4336 unangeuebm
570 4267 736 4334 unterbnicbt,
756 4268 811 4320 bien
829 4267 975 4334 meglassen
994 4281 1024 4319 zu
1043 4264 1135 4318 sollen.

1027 4350 1082 4404 27*
