3044 4882
264 161 333 232 292
507 240 511 250 ,
591 190 734 238 ranarum
753 190 963 240 merommms.
1001 193 1023 258 1,
1042 196 1065 246 5.

263 340 317 401 tus
341 337 393 400 est
419 332 559 402 maxime
582 332 823 424 commendata,
851 341 885 402 et
906 352 994 424 pape
1014 341 1048 404 et
1073 333 1286 404 cardinalium
1305 347 1392 400 mens

263 431 305 500 ad
332 429 506 500 stridorem
533 431 680 501 dentium
704 432 866 501 sauoiata.

337 527 515 600 Ottalrarus
542 538 652 600 autem
677 533 710 600 in
738 531 837 601 cubili
857 548 919 602 suo
940 532 1118 603 meditatur
1139 528 1307 621 quomodo
1334 547 1394 597 ex-

263 629 416 698 tenderet
441 630 510 700 alas
538 649 617 700 suas
645 637 678 699 et
704 631 819 699 virium
848 649 981 701 suarum
1006 632 1160 722 palmites
1188 629 1339 699 dilataret
1364 633 1396 696 et

263 728 416 800 dillusius
441 737 652 819 propageret.
695 726 842 798 Oratium
869 747 936 800 non
962 729 1161 823 adtendens
1190 730 1246 817 qui
1264 728 1341 796 dioit
1363 729 1395 794 in

262 827 393 916 lyrieis:

362 927 501 1019 „Latius
527 943 652 1014 regnes
679 927 811 996 aridum
837 925 1005 996 domando

390 1026 557 1115 Spiritum,
585 1043 683 1113 quam
711 1028 739 1093 si
765 1026 904 1114 Lybiam
930 1027 1065 1095 remotis

390 1124 537 1194 Gadibus
553 1122 709 1212 ἱιιιιςιε.ιι

266 1305 436 1393 &maredo
469 1305 650 1376 ottalanus
683 1305 800 1374 Belum
830 1307 945 1374 alaerit
974 1309 1007 1373 el
1030 1304 1176 1393 Sturium
1201 1303 1396 1390 aequauerit.

1249 1404 1332 1488 Cup.
1357 1402 1395 1468 ol.
1504 1461 1505 1488 p

337 1516 437 1587 Anno
464 1518 588 1589 domini
609 1518 748 1590 moolx.
776 1519 970 1607 styrienses
996 1519 1037 1588 ab
1061 1519 1205 1606 Ungarls
1230 1517 1399 1604 angustati
1503 1517 1505 1586 l

264 1614 458 1688 Ottalrarum
490 1621 648 1689 invooant
672 1626 708 1688 ut
744 1624 925 1688 suoourrat.
966 1617 1064 1699 Quod
1092 1617 1169 1686 dum
1194 1616 1277 1686 Belo
1304 1633 1398 1685 oom-

262 1719 349 1806 perit
375 1717 579 1806 Stephanum
607 1718 706 1788 lilium
734 1736 830 1786 suum
856 1717 898 1786 ad
925 1716 1154 1786 devastandos
1181 1717 1265 1786 lines
1292 1715 1400 1804 Styrie

264 1816 454 1886 destinavit.
489 1814 668 1886 otakarus
686 1823 795 1885 autern
808 1815 1000 1907 respondit:
1027 1835 1101 1884 earn
1121 1817 1319 1902 deperisse
1339 1813 1400 1881 llo-

264 1914 340 1983 bere
366 1921 509 2001 troipas,
535 1919 568 1983 et
591 1933 657 1984 noa
677 1934 780 2002 posse
805 1933 866 1984 aee
890 1915 973 1983 aelle
993 1933 1114 2001 paoem
1138 1915 1314 2000 talepore,
1341 1929 1399 1980 nee

259 2029 325 2100 pro
345 2019 420 2082 tuae
438 2032 631 2082 succurrere
646 2014 818 2082 tutotuto.
855 2014 976 2083 Comes
988 2033 1070 2083 vero
1090 2013 1132 2082 de
1150 2011 1286 2081 Hardea
1309 2017 1401 2081 extra

267 2114 357 2198 regis
384 2112 572 2181 eondiotum
599 2132 672 2182 eum
698 2113 830 2182 deoenti
858 2113 1064 2182 multitudine
1086 2117 1311 2202 pugnatorum
1337 2129 1401 2180 ve-

268 2211 365 2280 niens
391 2211 477 2299 Styr.
498 2211 739 2281 delectabiliter
758 2219 811 2281 est
829 2220 1017 2303 susceptus,
1045 2218 1078 2280 et
1093 2213 1215 2280 iunctis
1238 2211 1301 2280 sibi
1320 2211 1401 2298 Sty-

268 2311 435 2380 riensibus
468 2310 623 2380 iestinum
657 2311 828 2400 Stephano
853 2313 972 2380 inoutit
997 2318 1230 2380 retrooeasum.
1272 2309 1403 2378 lntoroa

261 2413 389 2497 treugis
417 2411 541 2499 elapsis
569 2408 748 2480 Ottalrarus
766 2412 883 2479 astruit
904 2411 967 2480 sibi
990 2429 1106 2499 paoem
1123 2411 1290 2498 violatam,
1322 2410 1400 2496 Sty·
1503 2469 1504 2472 ,

264 2511 344 2578 riam
369 2511 537 2600 introivit,
574 2515 607 2578 et
641 2510 683 2580 ab
714 2509 868 2580 omnibus
904 2515 1083 2598 susceptus
1110 2509 1254 2578 oblatam
1281 2514 1401 2576 terram

261 2609 485 2698 interpolatim
519 2627 580 2698 per
612 2615 697 2677 terre
729 2609 860 2678 nobiles
888 2607 1071 2696 ordinavit,
1099 2605 1222 2676 deinde
1248 2606 1400 2676 Miletum

264 2708 428 2795 quendam
454 2709 633 2778 Bobemioe
660 2711 771 2795 gentis
798 2706 840 2777 ad
866 2707 1070 2796 presidatum
1096 2708 1202 2796 ipsius
1229 2707 1402 2796 provineie

264 2807 445 2895 deputavit.
486 2808 570 2876 Bela
601 2813 717 2876 ooaeto
753 2809 901 2876 exereitu
933 2805 1151 2876 dueentorum
1177 2806 1299 2874 milium
1330 2822 1402 2874 oum

266 2905 421 2974 Comanis
455 2907 546 2974 iuxta
579 2904 749 2974 Marobam
781 2905 915 2975 lluvium
948 2907 982 2973 in
1013 2903 1149 2974 dustria
1183 2911 1293 2972 eastra
1321 2904 1401 2990 figit.

266 3001 445 3072 Ottalrarus
479 3009 610 3072 eentum
643 3005 776 3073 milibus
803 3003 971 3095 adunatis
998 3002 1155 3073 Ottonem
1181 3003 1405 3072 marebionem

266 3103 423 3192 saxonie,
442 3103 623 3193 Philippum
639 3104 780 3172 eleotum
798 3103 1105 3193 Saltzpurgensem,
1124 3102 1268 3172 Ulrioum
1283 3101 1402 3172 duuem

265 3202 434 3272 Karintbie
450 3220 564 3270 seeum
583 3201 722 3292 babens,
740 3209 855 3271 oontra
871 3203 984 3272 Belam
1000 3204 1091 3272 aeies
1109 3202 1240 3270 instmit
1257 3208 1291 3270 et
1307 3219 1402 3270 eume

265 3302 371 3390 ponit.
405 3301 544 3370 Nobiles
571 3302 752 3392 quosdam,
780 3319 867 3389 quos
894 3300 936 3370 ad
964 3300 1150 3372 oustodiam
1175 3304 1210 3368 in
1237 3302 1404 3370 oivitatem

265 3399 391 3468 Labam
418 3400 644 3491 deputaverat,
673 3418 834 3487 egressos
851 3399 1072 3472 Cumanorum
1099 3400 1187 3488 oepit
1212 3417 1299 3486 gens
1327 3417 1403 3468 oru-

267 3497 353 3568 delis
380 3505 414 3567 et
438 3501 586 3587 peremit.
619 3498 717 3580 Quod
736 3498 886 3569 Ottalrari
904 3517 962 3569 our
980 3500 1184 3570 amarissime
1201 3498 1399 3570 vulneravit

183 3616 250 3673 aaao
266 3598 329 3668 Die
356 3603 466 3668 autem
501 3597 656 3668 oondieto
681 3601 821 3688 prelium
848 3601 1059 3668 summittitur
1084 3597 1200 3668 durum
1225 3598 1342 3688 nimis,
1369 3598 1403 3664 in

193 3703 246 3743 mn
219 3715 336 3810 2quo
361 3697 443 3767 Bela
469 3698 613 3785 graviter
644 3699 806 3767 iaordatus
834 3717 907 3768 eum
935 3697 1105 3787 Stephano
1133 3695 1200 3764 lilio
1228 3713 1291 3766 suo
1316 3713 1401 3785 pre-

203 3756 386 3866 ¹2sidium
412 3795 492 3885 luge
517 3798 610 3885 petit.
645 3797 752 3866 Tanta
774 3798 819 3866 ibi
837 3797 897 3866 luit
920 3814 1082 3866 armorum
1109 3795 1239 3864 eollisio
1266 3801 1402 3866 tantus-

268 3915 333 3984 que
350 3897 470 3988 pulvis,
498 3901 534 3964 ut
552 3900 654 3966 vento
676 3893 778 3966 llante
798 3899 852 3966 vin
873 3896 973 3966 bomo
996 3897 1161 3964 bominem
1180 3899 1404 3980 cognosceret

269 3994 357 4064 alara
385 3994 450 4064 die.
484 3994 604 4064 Sedet
626 4001 815 4084 protereus
838 3997 894 4083 qui
911 3995 1026 4082 gladio
1044 4001 1240 4066 torruerunt
1265 3993 1403 4079 lugien-

267 4095 350 4160 oium
386 4110 505 4163 novem
540 4096 627 4164 milia
663 4099 740 4163 surrt
774 4095 957 4162 submersa.
996 4095 1154 4181 Prinoeps
1182 4091 1401 4160 Cumanorum

267 4199 385 4279 eaptus
420 4192 654 4285 suspenditur,
690 4193 745 4281 qni
779 4211 817 4262 se
844 4195 944 4261 tantis
979 4191 1186 4282 spadonibus
1209 4183 1406 4262 'exemisset
