3028 4878
235 153 309 222 too
571 179 712 226 30333333
732 178 934 224 333303333333
980 177 1005 237 3,
1023 174 1050 227 8.

156 316 328 406 3333333333
354 317 571 386 Guetenstain
597 317 716 385 dieitur
742 323 807 384 tom
834 314 875 383 de
902 316 1051 405 eorporis
1072 313 1189 383 dolore
1212 331 1310 401 quam
1338 312 1379 380 de
1489 321 1490 326 ’

238 436 316 486 3333
343 422 499 484 terrarum
526 416 689 503 reciperet
713 416 891 486 levitatem.

311 515 385 583 Hoo
411 533 498 583 anno
527 515 691 584 Terrisini
722 515 875 603 oppressi
903 533 922 582 a
950 512 1039 582 Cano
1067 511 1109 581 de
1135 511 1269 580 Verona
1299 517 1380 580 eta
1490 595 1491 600 Ἰ

238 613 323 684 duee
349 613 517 682 Karinthie
543 612 711 702 Heinrioo,
739 614 795 701 qui
822 617 910 681 tutor
934 611 1041 680 luerat
1057 610 1217 680 lobannis
1246 610 1379 678 oomitis
1490 619 1491 632 ¹

239 712 381 802 Gorioie,
409 712 592 782 subsidium
618 730 686 781 non
714 712 886 800 babentes,
914 711 1055 778 oonsilio
1082 710 1239 778 odvooati
1256 709 1381 776 Tarvi-

240 813 313 901 sini,
340 812 480 899 predioti
508 829 545 880 33
566 809 665 879 Canis
693 811 844 878 manibus
871 811 1104 878 submiserunt.
1139 806 1203 889 Qui
1222 814 1300 896 post
1318 809 1382 873 tri-

239 910 347 994 duum
365 911 566 998 receptionis
593 910 736 978 civitatis
762 911 796 976 in
823 913 947 977 3303330
979 915 1030 976 333
1057 907 1215 994 gaudium
1242 905 1381 976 rosolu-
1491 945 1492 992 p

240 1016 307 1096 tus,
333 1014 381 1098 ut,
409 1011 496 1078 siout
522 1010 552 1076 33
579 1007 714 1076 iatatum
746 1007 855 1076 333333
880 1027 900 1076 3
926 1007 1069 1094 quodam
1096 1013 1132 1075 ut
1158 1005 1278 1074 dieitur
1305 1023 1381 1072 ma·
1491 1009 1492 1038 3

241 1108 432 1198 thematioo,
460 1107 575 1176 adimo
595 1108 662 1176 vita
680 1107 896 1193 eximeretur,
923 1102 1061 1174 litberto
1078 1111 1112 1174 33
1128 1104 1277 1173 33333333
1295 1121 1384 1171 303-

241 1208 436 1292 sanguineis
472 1207 543 1274 suis
576 1204 620 1274 ad
657 1223 755 1274 omne
791 1204 971 1274 dominium
1007 1223 1102 1272 suum
1138 1204 1384 1289 introgressum
1492 1277 1493 1280 p

242 1304 582 1393 apprehendentibus.

315 1402 389 1473 Hoo
406 1410 553 1492 tempore
571 1403 739 1472 lohannes
753 1420 811 1470 rex
824 1402 984 1470 Bohemie
994 1405 1110 1468 eontra
1118 1399 1281 1468 Lituanos
1299 1416 1383 1488 pro-

241 1500 420 1572 leotionern
446 1503 542 1591 ieoit,
571 1508 605 1570 33
629 1502 742 1571 habito
769 1518 956 1587 oongressu
984 1518 1056 1568 oum
1084 1499 1150 1588 eis,
1180 1497 1381 1566 fortissimus

244 1617 358 1670 3033333
384 1602 615 1691 prosternitur.
649 1600 750 1694 Cuius
777 1599 998 1685 longitudinis
1025 1616 1212 1666 mensuram
1233 1614 1295 1685 pro
1319 1597 1385 1664 303-
1493 1611 1494 1630 ¹

244 1701 359 1770 raoulo
387 1701 576 1790 transmisit,
603 1702 649 1768 ita
674 1706 710 1766 33
736 1701 912 1767 exoessiva
939 1694 1134 1784 magnitudo
1155 1697 1306 1785 eorporis
1332 1696 1384 1764 sui

243 1801 317 1866 visa
341 1799 502 1888 plurimos
529 1799 708 1868 333333333
698 1815 732 1865 33
759 1802 938 1886 stuporem.
1494 1863 1495 1874 ,

166 1915 226 2022 32333
318 1897 392 1966 Hoo
417 1915 505 1966 anno
529 1901 562 1967 in
588 1896 702 1982 vigilia
720 1895 859 1965 Matthia
876 1896 1020 1983 apostoli
1041 1897 1127 1965 Guta
1145 1897 1317 1966 eomitissa
1341 1894 1382 1964 de

178 1968 414 2086 23Ottingen,
441 2013 538 2065 soror
557 1995 675 2065 dueum
691 1991 836 2086 Austris,
865 1995 1172 2086 Wiennemoritur,
1200 2002 1233 2062 33
1257 2011 1379 2108 eorpus

242 2096 276 2161 in
304 2092 482 2208 Campum·
484 2094 585 2181 Regis
614 2093 815 2163 transfertur.
850 2093 957 2162 Unum
985 2094 1084 2162 tilium
1112 2095 1253 2182 reliquit,
1282 2095 1381 2161 iuve-
1495 2151 1496 2180 ,

243 2210 319 2260 nem
334 2195 535 2282 spaciosum.
561 2192 747 2262 Friderious
764 2198 873 2260 autern
889 2210 947 2261 rex
961 2211 1145 2280 pereussus
1161 2193 1276 2261 morbo
1296 2209 1382 2280 apo-

243 2291 365 2382 plexia,
392 2297 429 2361 ut
455 2291 588 2380 quidam
615 2290 737 2380 dieunt,
765 2291 819 2359 alii
840 2297 948 2359 autem
967 2310 1041 2360 eum
1058 2292 1295 2360 dissenteriam
1319 2291 1381 2358 333-

245 2390 360 2459 buisse
394 2393 496 2459 aiunt.
530 2389 761 2480 Cepitautem
791 2389 1006 2459 vehementer
1032 2390 1193 2480 deiioere,
1222 2396 1255 2458 33
1282 2391 1381 2457 inva—
1496 2429 1497 2438 ,

164 2488 450 2558 13301esoenlibus
478 2490 600 2558 morbis
628 2506 715 2556 anno
742 2489 865 2556 domini
891 2507 1000 2558 mooe
1004 2509 1080 2557 xxx
1107 2491 1140 2556 in
1164 2495 1285 2557 oetava
1313 2489 1383 2575 epi-

169 2575 223 2680 ’ῗξ
246 2587 368 2676 phanio
383 2589 523 2678 transiit,
540 2595 573 2656 et
586 2588 750 2676 disposuit
769 2592 970 2656 testamento
984 2588 1133 2674 glorioso
1147 2605 1207 2676 per
1223 2588 1383 2656 eoelesias

248 2690 280 2754 et
306 2688 518 2776 monasteria,
547 2690 610 2754 33
600 2705 634 2756 rn
653 2687 730 2755 looo
758 2685 959 2755 fundationis
987 2704 1046 2754 sue
1067 2685 1272 2777 Mawrbaob,
1303 2683 1384 2752 Car-

247 2785 430 2854 thusiensis
465 2785 611 2875 ordinis,
646 2784 752 2872 regali
779 2786 868 2853 cultu
898 2791 931 2853 et
967 2785 1206 2874 sollempnibus
1235 2785 1384 2872 exequiis

246 2885 415 2972 sepelitur.
440 2883 555 2951 Fertur
570 2887 679 2973 etiam,
698 2883 825 2971 quoda
845 2883 985 2972 quadam
1004 2883 1107 2952 nobili
1121 2884 1255 2952 muliere
1273 2880 1384 2970 quod-

247 2980 323 3048 dam
350 2980 536 3050 oonfeotum
563 2983 717 3049 oibarium
744 2986 931 3072 sumpserit,
959 3000 1025 3069 quo
1044 2984 1117 3071 ipso
1140 3001 1199 3051 rex
1221 2984 1255 3049 in
1284 2981 1381 3050 lavo-

246 3098 316 3148 rem
343 3081 396 3149 sui
423 3081 527 3148 mariti
552 3073 770 3168 moreretur;¹
796 3084 829 3150 in
850 3083 997 3151 morbum
1015 3082 1285 3169 impetiginosum
1305 3098 1382 3148 333-

247 3180 341 3267 poris
368 3184 420 3246 est
445 3184 613 3269 mutatum,
639 3181 753 3248 mortis
780 3183 949 3250 materiam
976 3198 1090 3248 seourn
1116 3179 1254 3249 duoens.
1288 3175 1383 3260 Quod

248 3276 370 3344 laetum
389 3278 514 3366 inipso
533 3281 650 3347 marito
668 3284 772 3348 morte
784 3280 998 3350 aoerbissima
1014 3285 1066 3348 est
1083 3281 1242 3370 punitum,
1258 3279 1383 3348 salvata

249 3377 394 3462 ooniuge
414 3395 478 3465 que
496 3376 556 3447 luit
573 3378 790 3465 impregnata.

101 3493 105 3500 “
159 3508 241 3549 3333
307 3474 433 3543 Eodem
451 3494 540 3544 anno
557 3478 591 3543 in
609 3478 866 3546 aununoiatione
881 3476 979 3544 beate
997 3477 1134 3564 virginis
1152 3475 1236 3544 obiit
1254 3474 1382 3544 domina

184 3561 216 3616 2⁵
250 3573 386 3643 duoissa
411 3575 594 3665 Elizabetb,
622 3594 762 3645 oonsors
790 3575 884 3644 duois
911 3572 1054 3665 Ottonis,
1083 3593 1148 3664 que
1174 3577 1260 3644 siout
1285 3572 1381 3642 iertur

249 3690 322 3741 oum
337 3671 476 3742 Alberto
494 3674 579 3742 duee
597 3681 630 3741 33
645 3675 841 3762 quibusdam
861 3675 1019 3762 puellis
1009 3693 1043 3742 rn
1070 3673 1214 3761 quodam
1241 3671 1380 3744 obsonio

248 3773 402 3841 venelioo
416 3780 450 3840 et
464 3774 556 3841 letali
579 3775 757 3860 sumpserit
782 3774 888 3842 eibum
915 3775 1038 3843 mortis.
1071 3773 1147 3842 Dux
1163 3791 1244 3841 vero
1260 3769 1378 3840 Alben-

250 3877 326 3960 tus,
360 3870 577 3942 membrorum
613 3889 776 3960 compage
813 3879 1002 3964 oontraota,
1035 3870 1077 3940 ad
1107 3890 1208 3961 opera
1235 3869 1379 3940 militaria

249 3969 427 4057 impotens,
455 3969 567 4057 quoad
593 3989 746 4038 manuum
774 3977 808 4040 33
832 3970 954 4060 pedum
980 3973 1143 4062 virtutem,
1170 3971 1255 4040 33333
1268 3973 1381 4057 gosla-

250 4069 335 4135 toria
360 4069 441 4136 mira
466 4070 615 4156 preditus
643 4071 808 4160 sapientia
832 4076 865 4140 et
882 4069 1046 4140 industria
1063 4069 1298 4159 oiroumiertur,
1325 4081 1380 4136 noo

285 4184 316 4250 t)
334 4184 401 4252 quod
418 4184 520 4240 sobeint
539 4202 568 4240 zu
588 4187 681 4244 3333333.
739 4197 740 4200 ’
