3052 4878
319 207 390 279 158
662 237 733 284 uma
754 235 893 284 uuoourcr
914 236 1022 293 ouunrr
1044 238 1104 284 rua.

389 373 517 446 Eodem
538 391 626 444 anno
647 380 795 443 mortuus
820 380 873 443 est
896 374 965 443 dux
987 367 1178 444 lohannes¹
1194 373 1426 464 iiliusHeinrici‚

317 492 422 562 gener
435 475 654 565 imperatoris,
672 479 706 542 et
726 473 953 543 exhereditata
972 480 1025 542 est
1040 474 1177 542 interior
1192 474 1338 542 Bawaria
1353 490 1427 541 anno

317 574 443 643 domini
469 573 651 642 m.ccc.xl.i.
697 572 740 640 Hi
766 590 882 642 omnes
908 574 1121 661 requiescant
1145 574 1180 640 in
1205 591 1297 661 pace.

233 692 297 750 teet
390 672 518 742 Eodem
535 689 623 741 anno
642 672 817 758 elegerunt
833 689 950 740 omnes
968 673 1100 740 nobiles
1115 677 1149 740 et
1165 689 1279 740 omnes
1298 671 1430 738 civitates

316 772 483 840 inferioris
517 771 669 838 Bawarie
704 772 850 838 unanimi
884 788 1054 839 consensu
1090 777 1123 839 et
1156 772 1295 839 consilio
1321 769 1430 854 absque

317 873 406 940 omni
437 869 698 939 contradictione
732 870 1009 955 gloriosissimum
1033 870 1241 939 Ludovieum
1267 871 1431 956 imperato-

315 989 384 1039 rem
410 975 444 1038 et
468 986 584 1055 regem
608 966 829 1037 Romanorum
855 986 913 1057 pro
941 968 1086 1059 domino,
1115 974 1148 1037 et
1168 967 1378 1038 subdiverunt
1400 981 1431 1032 se

316 1071 379 1158 illi,
405 1072 555 1136 iurantes
589 1085 662 1134 eum
695 1059 839 1135 habere²
864 1085 937 1135 oum
963 1066 1143 1137 heredibus
1170 1069 1241 1137 suis
1267 1071 1432 1155 perpetu03

317 1170 373 1257 qui
399 1172 433 1235 et
458 1172 575 1236 terram
602 1168 752 1254 suscepit
776 1167 848 1235 iare
873 1165 1072 1237 hereditario
1099 1185 1173 1254 cum
1199 1166 1349 1236 omnibus
1373 1164 1431 1231 suis

316 1267 441 1336 liberis.

233 1377 300 1432 tera
391 1361 490 1434 Anno
511 1363 636 1434 domini
655 1363 845 1434 mmccxlii.
869 1361 957 1432 laeta
973 1368 1027 1432 est
1044 1364 1214 1433 contentio
1237 1365 1322 1432 inter
1341 1361 1434 1430 domi-

316 1481 392 1534 nam
416 1463 658 1535 Maultascham
677 1461 775 1530 iliam
799 1464 890 1548 regis
913 1462 1059 1531 Heinrici
1079 1468 1112 1531 et
1129 1462 1295 1532 dominam
1311 1459 1434 1549 Amasis,

318 1581 384 1650 que
415 1562 477 1632 luit
500 1580 585 1631 uxor
608 1563 666 1630 irlii
691 1562 782 1648 regis
808 1561 979 1652 Bohemie,
1006 1561 1049 1630 de
1074 1564 1271 1651 impotentia
1296 1558 1435 1647 coeundi,

316 1668 351 1732 ct
382 1664 552 1731 inuentum
585 1661 647 1729 luit
671 1661 717 1728 ita
744 1677 782 1728 se
811 1660 934 1728 habere
960 1661 1142 1747 negotium.
1195 1660 1293 1742 Quod
1318 1677 1386 1729 cum
1409 1661 1437 1726 et

316 1778 432 1830 omnes
459 1760 582 1830 domini
608 1763 694 1827 terre
720 1759 826 1846 ipsius
853 1758 988 1829 domino
1015 1777 1079 1829 suo
1104 1760 1277 1829 Ludovioo
1302 1761 1435 1848 impera-

315 1862 379 1928 tori
403 1877 487 1928 voee
511 1859 643 1948 publica
659 1858 886 1948 protulissent,
906 1863 941 1926 et
958 1861 1055 1926 etiam
1075 1860 1203 1927 litteras
1223 1859 1347 1928 domini
1361 1872 1436 1946 pape

315 1957 515 2026 diuortiandi
542 1962 575 2026 et
596 1949 795 2046 separandi³
820 1957 1021 2026 obtulissent
1028 1979 1037 2045 3
1064 1958 1137 2046 ipse
1157 1960 1296 2044 cognita
1312 1958 1436 2024 veritate

315 2074 453 2125 uxorem
468 2058 556 2124 illius
576 2074 649 2125 oum
666 2061 737 2124 tota
753 2060 837 2123 terra
857 2061 891 2125 et
907 2055 1053 2125 dominio
1073 2062 1106 2126 et
1121 2059 1296 2146 provincia
1316 2054 1438 2124 abstulit

316 2161 349 2224 et
375 2173 437 2224 suo
465 2155 532 2224 lilio
565 2153 738 2222 Ludovioo
765 2153 857 2222 dedit
883 2160 915 2222 et
941 2154 1095 2246 donavit,
1123 2155 1214 2243 quod
1243 2155 1354 2224 multis
1378 2169 1436 2220 non
1502 2175 1503 2208 a

314 2253 489 2346 videbatur
514 2258 650 2322 rectum.
692 2252 759 2321 Sed
784 2252 863 2321 inde
890 2253 1122 2323 videturesse
1148 2254 1272 2323 bonum
1292 2256 1368 2342 quia
1386 2254 1439 2318 in·

314 2358 471 2443 potentes
496 2354 530 2421 in
555 2352 750 2441 impotentia
776 2351 1019 2441 iudicabuntur,
1047 2359 1081 2421 et
1101 2355 1183 2422 alias
1208 2355 1276 2422 oito
1298 2353 1439 2421 transiret

316 2453 424 2522 omnis
450 2451 593 2522 mundus
621 2457 654 2520 et
680 2451 828 2520 seculum
855 2453 884 2519 si
909 2470 978 2520 nou
1005 2458 1058 2520 est
1081 2454 1233 2541 potentia
1260 2451 1410 2521 coeundi.

230 2568 297 2626 tert
389 2548 488 2622 Auno
516 2551 641 2620 domini
668 2550 868 2619 m.oco.xl.vi.
893 2550 1047 2620 dominus
1076 2550 1228 2620 Clemens
1256 2570 1346 2640 papa
1376 2564 1439 2618 oum

237 2655 295 2761 Ἦ·
316 2668 486 2720 consensu
504 2650 717 2720 cardinalium
733 2655 766 2718 et
784 2649 968 2736 aliquorum
986 2650 1191 2742 eligentium,
1218 2656 1337 2739 utpote
1355 2649 1439 2737 epis-

316 2752 392 2838 copi
413 2751 620 2818 Trevirensis
641 2755 674 2817 et
689 2747 827 2817 nefandi
848 2748 995 2817 saxonie
1020 2749 1118 2818 ducis
1140 2755 1173 2817 et
1198 2750 1351 2838 episcopi
1368 2745 1439 2815 Μο-

314 2849 538 2938 guntinensis,
565 2865 663 2936 quem
689 2848 821 2935 etipse
846 2848 1025 2936 papaillic
1050 2848 1313 2939 subintruserat,
1342 2845 1441 2916 adhuc
1501 2923 1502 2928 Ἰ

314 2953 533 3015 antecessore
561 2963 622 3014 suo
647 2946 784 3015 vivente
811 2950 844 3012 et
870 2947 968 3014 etiam
996 2947 1224 3036 episcopatum
1250 2950 1390 3034 regente
1413 2946 1441 3010 et

313 3049 466 3135 tenente,
500 3050 579 3133 post
609 3045 731 3113 multos
764 3061 944 3132 processus
972 3051 1005 3113 et
1033 3044 1305 3115 denuntiationes
1334 3048 1441 3114 contra

315 3142 482 3212 dominum
507 3143 716 3212 Ludovieum
742 3144 991 3212 serenissimum
1017 3145 1248 3232 imperatorem
1272 3143 1441 3214 facientem
1501 3159 1502 3162 ’

314 3247 348 3312 et
374 3242 482 3312 adhuc
514 3244 698 3332 viventem,
727 3243 900 3310 constituit
926 3247 960 3311 et
986 3243 1066 3328 eligi
1092 3243 1169 3312 iecit
1195 3248 1229 3312 et
1254 3239 1442 3334 proclamari

312 3344 346 3412 in
373 3358 486 3427 regem
511 3339 732 3411 Romanorum
765 3341 910 3410 inolitum
935 3345 1155 3428 margrauium
1181 3342 1352 3412 dominum
1379 3340 1442 3410 lla-

311 3507 364 3564 und
387 3508 461 3563 ilrren
490 3509 784 3580 eintlteilungsgriinden
815 3511 881 3566 nach
904 3511 1152 3566 unverst'aindlichen
1176 3525 1235 3566 zers
1253 3512 1379 3578 litterung
1403 3508 1444 3561 des

310 3576 381 3658 alten
394 3576 541 3658 hairischen
554 3579 655 3633 arclrivs
669 3581 697 3633 in
710 3581 753 3633 ein
770 3579 865 3648 haus,
885 3583 927 3634 ein
945 3585 1042 3634 staats·
1059 3579 1113 3634 und
1131 3581 1173 3635 ein
1189 3527 1367 3636 reicpirsarehiu
1384 3575 1445 3632 nicht

311 3646 407 3701 ernmal
426 3660 454 3700 rn
474 3645 524 3700 den
543 3646 654 3714 liegesta
671 3649 749 3702 Boioa
767 3648 891 3702 erwiihnt.

346 3714 376 3780 1)
396 3714 498 3782 Herzog
520 3713 622 3770 lohann
646 3715 715 3770 sterit
742 3716 1002 3772 cneocaesarea.
1045 3717 1075 3783 2)
1100 3731 1148 3786 pro
1173 3716 1275 3771 domino
1300 3718 1379 3772 sollte
1394 3715 1444 3770 lter

310 3781 465 3836 wiederlrolt
490 3783 555 3837 sein.
602 3781 634 3848 3]
652 3783 704 3838 llas
726 3784 760 3837 ist
777 3785 893 3838 unwahr.
928 3784 1005 3838 Woll
1023 3799 1082 3851 mag
1104 3785 1196 3852 irgend
1218 3787 1260 3840 ein
1279 3801 1344 3840 vom
1360 3787 1444 3855 papstc

311 3849 491 3917 abgeialleuer
517 3851 569 3904 und
593 3852 651 3905 dem
674 3851 761 3905 lreiser
783 3852 973 3918 antingender
996 3852 1144 3919 gaistlieher
1168 3853 1209 3907 die
1233 3857 1305 3908 ersto
1331 3851 1444 3908 eineder
1500 3861 1501 3910 ζ

311 3918 452 3973 Maultasch
469 3919 511 3973 iiir
527 3920 643 3988 ungiiltig
665 3920 760 3973 erlliirt
782 3918 866 3973 haben
892 3919 955 3988 [der
976 3935 1028 3974 von
1053 3920 1150 3976 Frelrar
1166 3926 1253 3975 zuerst
1269 3921 1444 3989 herausgege-
1500 3913 1501 3964 ἶ

312 3984 381 4041 bene
403 3987 558 4042 laiserliehe
576 3987 801 4055 scheidungsbriei
814 3989 848 4040 ist
864 4001 962 4043 neuere
979 3989 1146 4058 idlsclrung),
1164 3990 1242 4043 allein
1260 3991 1361 4056 garade
1379 3990 1446 4043 diese

312 4056 406 4109 zweite
424 4056 473 4110 ohe
491 4056 545 4111 und
563 4055 605 4112 die
624 4056 735 4111 dedurclr
752 4055 905 4122 bagangene
917 4058 1069 4123 verletzung
1084 4057 1130 4111 des
1145 4057 1358 4113 elresacraments
1369 4054 1446 4112 maeht

312 4127 387 4190 papst
405 4123 525 4180 Clemens
543 4125 576 4179 Vl
594 4126 652 4180 dem
675 4125 761 4180 lraiser
784 4125 811 4177 in
839 4123 885 4178 der
911 4124 979 4179 bullo
1004 4126 1027 4180 d.
1047 4125 1069 4178 d.
1088 4126 1210 4192 Arignon
1235 4127 1267 4179 12
1292 4128 1361 4196 april
1385 4121 1445 4180 lili

312 4204 371 4270 erum
386 4193 506 4316 {origg
542 4193 670 4250 llirchliclr
688 4192 848 4261 geselieden
865 4193 955 4250 wurde
973 4195 1015 4250 die
1033 4199 1104 4250 erste
1117 4194 1168 4251 eho
1181 4193 1227 4250 der
1240 4193 1387 4253 llaultasah
1398 4195 1446 4249 erst

312 4273 346 4311 rm
363 4273 420 4314 rar
508 4301 514 4316 .
