3044 4882
273 122 344 192 338
591 131 740 198 'ronnnnrs
761 152 967 199 urcronrnnsrs.
1004 150 1028 216 3,
1046 148 1070 201 3.

273 293 306 358 in
325 289 459 358 modurn
479 287 611 357 conllati
630 289 769 357 turbinis
782 292 958 359 commixto
973 289 1153 358 fortissime
1169 291 1413 374 pugnaverunt.

274 387 351 457 Otto
366 389 434 457 dux
450 389 603 455 Bawarie
622 381 676 455 ct¹
695 386 857 458 Rudollus
877 389 1046 457 Palatinus
1069 386 1235 455 loctunam
1252 386 1304 452 sui
1323 385 1414 470 regis

273 487 429 556 videntes
455 485 645 576 invalidam,
673 493 769 573 terga
795 494 936 556 vertunt.
970 487 1108 555 Nobiles
1132 484 1174 552 de
1193 481 1421 573 Hellenstain,

274 586 316 654 de
345 585 579 655 Stralenbercb
609 585 858 673 cumpluribus
886 586 1136 673 abscesserunt,
1164 590 1197 651 et
1218 599 1279 650 sue
1306 582 1414 668 glorie

273 675 508 753 indelebilem²
540 685 699 751 maculam
734 685 950 754 tradiderunt.
990 681 1201 753 Eberhardus
1230 698 1346 749 comes
1373 679 1416 748 de

273 783 561 871 llalzenellpogen
588 784 739 870 captivus
773 782 816 851 ad
841 780 1012 852 Albcrtum
1040 782 1188 869 ducitur,
1215 784 1249 848 et
1275 777 1417 865 signiler

272 882 402 951 Rudolb
421 882 516 953 ducis
537 879 705 950 Gotlridus
723 881 765 949 de
782 883 927 971 Brunek,
954 883 1005 950 vir
1021 879 1228 968 magnificus,
1256 884 1336 966 post
1352 878 1417 946 hcc

272 983 383 1050 mullis
419 982 516 1048 annis
552 997 634 1048 suos
662 981 770 1049 claros
799 988 892 1049 actus
919 982 953 1049 in
979 980 1044 1048 boc
1069 979 1176 1068 prelio
1204 977 1415 1046 cicatricibus

272 1084 407 1150 suorum
433 1079 607 1147 vulnerum
633 1079 863 1149 ostenderunt.
903 1077 1046 1148 Adultus
1080 1080 1253 1146 autemut
1281 1075 1415 1164 quidam

272 1179 386 1248 dieunt
413 1177 526 1265 gladio
551 1174 690 1268 Alberti,
717 1179 772 1246 alii
794 1179 907 1265 gladio
928 1178 1027 1250 lrsuti
1053 1177 1193 1263 comitiS,
1220 1175 1276 1242 alii
1300 1173 1414 1260 gladio

271 1279 411 1346 iunioris
438 1277 567 1344 comitis
599 1274 641 1344 de
669 1278 953 1368 Gemino-ponte,
988 1277 1045 1364 qui
1071 1277 1169 1344 etiam
1193 1292 1270 1342 mox
1294 1291 1415 1361 aquam

273 1375 439 1463 quandam
467 1374 635 1448 transiens
662 1381 714 1444 est
741 1377 954 1466 submersus,
982 1375 1037 1444 olii
1063 1373 1237 1443 cuiusdam
1264 1371 1414 1440 Heinrici

272 1476 381 1543 militis
398 1473 477 1543 dicti
493 1472 665 1566 llamsaeb,
683 1476 738 1543 alii
755 1475 924 1545 silvestris
941 1467 1081 1564 comitis
1100 1472 1191 1560 quod
1210 1477 1244 1538 ct
1257 1468 1414 1538 Albertus

272 1577 304 1642 in
319 1578 489 1662 posterum
502 1573 698 1663 testabatur,
717 1580 914 1665 prostratus,
941 1579 1088 1642 mortuus
1112 1578 1163 1639 est
1182 1575 1346 1657 repertus.
1372 1571 1415 1638 Et

273 1673 404 1741 nobiles
419 1671 463 1740 de
484 1671 717 1763 Hysenburcb,
736 1672 779 1741 de
793 1671 1022 1761 Biklenpacb,
1044 1671 1086 1740 de
1104 1669 1300 1738 Hebenvels
1315 1669 1414 1736 simul

271 1773 448 1861 prostrati,
475 1772 509 1838 in
536 1774 608 1839 eius
632 1772 741 1839 latere
764 1774 908 1840 exuviati
934 1773 1032 1839 armis
1066 1769 1196 1837 bellicis
1226 1769 1412 1837 iacuerunt

273 1869 401 1958 Corpus
419 1871 509 1955 regis
533 1869 576 1938 ad
597 1873 832 1940 monasterium
858 1869 1168 1956 sanctimonialium,
1196 1866 1288 1954 qued
1308 1867 1414 1934 Vallis

270 1968 431 2036 Rosarum
451 1966 577 2058 dicitur,
596 1966 829 2038 Cistereiensis
848 1969 983 2057 ordinis,
1003 1966 1209 2054 transfertur,
1225 1965 1339 2053 ibique
1351 1983 1412 2053 pro

271 2068 475 2135 necessitate
486 2070 640 2155 temporis
656 2069 842 2138 tumulatur.
868 2070 909 2138 Et
925 2065 1061 2135 Alberto
1071 2083 1132 2154 per
1146 2066 1257 2133 omnia
1269 2067 1414 2152 compita

272 2167 496 2233 victoriacum
511 2167 643 2250 magnis
661 2166 817 2235 laudibus
835 2168 1045 2236 acclamatur.
1070 2162 1310 2233 Bobcmundus
1325 2165 1414 2230 Tre-

271 2265 422 2332 verensis
457 2265 588 2354 presul,
624 2265 710 2333 lilius
745 2266 925 2335 Eberhardi
952 2265 1102 2354 comitis,
1138 2280 1212 2331 cum
1240 2266 1413 2330 innumera

271 2362 479 2431 multitudine
504 2364 538 2430 in
564 2381 757 2432 succursum
779 2362 903 2434 Adollo
930 2364 1045 2432 venire
1072 2361 1238 2452 volentes,
1265 2360 1412 2431 audien-

271 2467 324 2530 tes
351 2461 441 2548 quod
467 2469 598 2548 gestum
625 2463 743 2554 luerat,
771 2469 991 2543 revertuntur.

345 2560 564 2648 Magurrtinus
581 2560 731 2650 pontilox
747 2563 939 2632 Eberhardo
959 2561 1070 2631 comiti
1088 2559 1230 2628 latitanti
1248 2567 1342 2631 etex
1358 2563 1412 2631 la-

270 2659 374 2728 tebris
410 2660 549 2750 educto,
577 2660 668 2748 quod
695 2661 735 2730 ab
761 2660 898 2730 Alberto
933 2661 1135 2730 discesserat
1161 2665 1194 2727 et
1220 2678 1312 2729 nunc
1338 2664 1411 2730 eius

271 2760 425 2847 captivus
452 2761 612 2828 existeret
639 2759 860 2848 exprobravit.
888 2759 952 2842 Qui
983 2776 1052 2827 non
1078 2765 1213 2847 propter
1238 2761 1413 2848 perlidiam

271 2857 332 2926 scd
349 2863 483 2946 proptor
504 2857 581 2925 lidei
602 2861 823 2927 constantiam
838 2861 981 2929 asseruit
1007 2875 1045 2925 se
1072 2874 1258 2949 pugnasse,
1286 2860 1412 2929 bonum

271 2961 438 3024 certamen
467 2962 626 3046 certasse,
654 2956 752 3024 fidem
777 2975 859 3027 vero
887 2965 920 3026 et
945 2959 1093 3043 legitimo
1114 2956 1248 3025 domino
1265 2975 1412 3028 censer-

270 3071 383 3143 vasse,
411 3072 474 3122 nec
501 3055 738 3123 conscientiam
764 3075 828 3124 nec·
850 3059 993 3125 neminis
1015 3056 1067 3124 sui
1095 3055 1282 3124 decentiam
1310 3058 1413 3128 deni-

272 3170 401 3238 grassc.
434 3152 526 3221 Idem
543 3159 653 3222 autem
671 3156 783 3243 presul
800 3155 1029 3245 Magantinus,
1048 3154 1259 3225 Eberhardus
1277 3155 1321 3226 de
1337 3158 1412 3246 Ep-

270 3252 427 3340 penstain
454 3251 572 3343 dictus
599 3251 687 3320 diem
713 3253 811 3323 buius
838 3255 977 3324 victorie
996 3254 1214 3341 sollempnem
1237 3273 1297 3342 per
1316 3275 1413 3325 suum

272 3349 464 3441 dyocesim,
493 3352 620 3419 scilicet
646 3351 767 3420 festum
794 3354 963 3422 beatorum
989 3357 1168 3440 martyrum
1193 3353 1348 3424 Processi
1377 3361 1414 3424 et

270 3448 460 3517 Martiniani
487 3451 675 3541 constituit,
703 3454 833 3520 imitans
859 3452 1098 3542 Macbabeum,
1125 3453 1181 3540 qui
1206 3452 1297 3520 illum
1322 3454 1414 3523 diem

272 3549 491 3638 sollempnem
516 3550 723 3638 inposterum
749 3553 900 3642 sancivit,
926 3553 961 3619 in
978 3570 1044 3639 quo
1063 3550 1105 3618 de
1130 3550 1319 3620 Niobanore
1343 3555 1412 3621 tri·-

272 3648 451 3735 umpbavit.
476 3647 641 3736 Regnavit
654 3655 763 3718 autem
780 3647 922 3720 Adollus
942 3653 1039 3718 annis
1054 3667 1279 3719 sennensem
1295 3669 1412 3723 unum.

272 3745 375 3813 Cuius
410 3747 634 3816 conditionem
666 3754 773 3818 status
806 3749 961 3818 versibus
998 3747 1108 3817 Ovidii
1134 3766 1311 3838 possumus
1338 3750 1412 3819 de·
1512 3829 1513 3844 ἦ

271 3850 467 3933 monstrare,
495 3847 551 3933 qui
577 3846 670 3915 dicit:
1512 3845 1513 3858 ’

370 3939 514 4033 „Omnia
540 3950 618 4013 sunt
643 3945 810 4014 bominum
836 3948 928 4015 tonui
953 3946 1136 4036 pendentia
1164 3947 1229 4039 blo,

419 4042 461 4111 Et
486 4043 597 4113 subito
625 4062 706 4113 casu
733 4063 798 4132 que
826 4046 960 4114 valuere
987 4043 1120 4114 ruunt.“

307 4158 337 4222 l)
358 4163 383 4212 et
401 4159 464 4214 leblt
481 4163 508 4216 in
525 4163 572 4217 der
589 4164 627 4218 bs.
664 4166 694 4230 2)
714 4170 767 4218 crst
785 4167 858 4221 stand
877 4166 1016 4222 indebilim.
