3028 4878
254 191 326 263 [208
575 222 719 267 ronnnnss
739 219 948 266 rrcronrensrs.
986 221 1010 286 5,
1027 217 1051 268 8.

175 365 241 418 ¹3³⁰
258 379 356 450 quam
379 361 534 428 luctuosa
558 375 647 427 mors
673 362 826 426 iuvenem
852 359 1053 446 principum!
1090 356 1171 424 Nam
1198 373 1314 446 „mors
1343 357 1398 423 iu-

257 479 379 529 venum
405 459 555 527 acerbior
574 465 627 526 est
646 476 743 545 quam
765 453 920 546 senum,“
945 463 981 525 ut
1007 456 1088 526 dicit
1113 455 1250 543 Tullius,
1279 471 1397 522 exem-

257 559 408 650 plificans
427 557 469 625 de
487 558 605 647 pomis,
627 575 692 645 que
711 558 884 624 immatura
905 555 1038 624 diiiicile
1056 555 1252 644 avelluntur,
1272 559 1398 620 matura

257 676 317 746 per
343 675 380 726 se
408 656 540 724 cadunt.
583 655 808 724 Veruntamen
843 656 931 723 huno
958 654 1055 722 linem
1082 671 1199 722 ornnes
1224 651 1399 738 lugubrem

261 764 488 846 expectamus
517 748 594 841 orria
620 772 762 844 „omnes
789 756 962 843 morimur,
991 759 1024 820 et
1050 753 1136 821 siout
1162 769 1247 839 aque
1276 751 1400 818 dilabi:

259 849 351 923 mur1
375 858 408 925 in
427 853 581 944 terram,“
609 855 695 922 siout
718 852 761 922 ad
778 853 886 923 David
906 852 988 921 dixit
1004 852 1059 920 illa
1073 851 1191 918 mulier
1207 850 1402 918 Theouites

260 956 301 1023 Et
327 951 462 1022 Oratius
490 953 584 1021 dicit:

359 1053 475 1144 „blors
502 1052 615 1120 ultima
641 1051 728 1118 linea
755 1045 898 1118 rcrum.“

260 1233 312 1300 De
328 1234 435 1301 reditu
450 1232 620 1315 Lodemici,
646 1235 678 1298 et
693 1232 961 1299 reconciliatione
987 1231 1056 1296 eius
1082 1245 1155 1296 cum
1173 1227 1293 1297 Ottoac
1311 1232 1402 1301 doce.

1248 1329 1333 1414 Cap.
1357 1330 1404 1399 ie.

336 1446 437 1514 Anno
465 1446 588 1515 domini
614 1464 805 1514 meccxxn.
830 1445 1034 1515 Ludewious
1052 1447 1246 1515 vicariatum
1263 1443 1403 1512 Mediu-

260 1545 433 1613 lanensem
466 1543 587 1613 Atzoni
625 1544 837 1634 vicecomiti,
873 1551 906 1613 ot
931 1547 1125 1613 vicariatum
1152 1544 1244 1612 Luce
1272 1543 1403 1610 cuidam

262 1645 439 1713 Francisco
457 1645 585 1734 potenti
604 1644 753 1733 contulit,
782 1650 815 1710 et
839 1645 873 1712 in
900 1641 1130 1712 allemanniam
1157 1649 1210 1711 est
1235 1659 1405 1710 reversus,
1498 1701 1499 1706 ,

261 1743 452 1830 Habuitque
480 1761 593 1811 secum
619 1743 771 1831 legistae,
800 1745 938 1830 quisue
962 1760 1065 1831 opera
1090 1741 1259 1830 fovebant,
1288 1747 1403 1810 contra
1498 1731 1499 1800 ἒ

262 1860 382 1930 papam
409 1842 608 1930 scribentes,
635 1843 744 1929 ipsum
770 1848 807 1908 ut
833 1841 952 1910 dicitur
977 1842 1158 1910 hereticum
1184 1840 1407 1929 appellantes.

262 1941 353 2030 Papa
379 1940 421 2008 dc
449 1943 539 2008 exitu
566 1959 629 2009 suo
646 1940 811 2029 gaudens,
839 1940 973 2007 Letutoe
989 1959 1060 2008 sum
1084 1941 1118 2006 ia
1141 1938 1203 2006 lriie
1228 1955 1293 2024 que
1319 1940 1407 2006 dicto

263 2044 339 2106 arat
362 2038 438 2106 mibi
463 2041 616 2129 instituit,
640 2055 824 2126 processus
851 2056 961 2107 novos
989 2045 1104 2107 contra
1123 2056 1197 2105 cum
1224 2037 1297 2105 fieri
1325 2055 1405 2126 pro-

265 2139 409 2227 curavit,
444 2137 565 2224 quibus
602 2140 858 2206 concessionem
891 2137 1135 2206 marchionatus
1161 2129 1405 2204 Brandenbur-

264 2238 381 2323 gensis
409 2238 505 2323 quasi
530 2253 600 2305 non
625 2237 746 2305 licitam
772 2237 962 2325 implicavit.
1003 2233 1097 2316 Quos
1122 2237 1157 2302 in
1183 2236 1295 2302 multis
1322 2254 1404 2326 par-

264 2335 353 2402 tibus
375 2335 487 2422 plures
511 2343 719 2427 receperunt,
740 2335 854 2404 audire
872 2336 1002 2424 plurimi
1023 2339 1304 2423 contempserunt.
1331 2331 1405 2402 Ab·

264 2434 325 2502 bas
360 2431 439 2504 Otto
475 2436 581 2503 sancti
612 2435 778 2525 Lamperti
813 2433 855 2502 de
888 2433 1059 2502 Karintbia
1089 2432 1131 2501 de
1159 2435 1249 2501 curia
1276 2435 1403 2522 exiens,

265 2534 403 2619 gratiam
429 2552 516 2623 pape
543 2539 742 2624 promeruit,
768 2539 805 2600 ut
828 2528 1015 2622 publicaret
1039 2534 1202 2621 promisit.
1245 2530 1347 2612 Quod
1375 2537 1404 2600 et

263 2631 342 2699 iecit
358 2633 391 2699 in
407 2632 605 2719 quibusdam
631 2634 717 2700 locis
740 2635 775 2699 in
793 2632 992 2699 Alamannia
1018 2649 1092 2698 cum
1119 2633 1234 2700 timore
1261 2633 1402 2699 maximo
1499 2665 1500 2714 r

265 2737 299 2798 et
325 2737 476 2799 tremore.
511 2731 578 2799 Sed
599 2737 632 2798 et
652 2732 781 2799 Ulrieus
808 2731 913 2799 lector
927 2727 1191 2816 Augustinensis
1210 2730 1246 2796 in
1263 2730 1404 2797 ambone
1499 2719 1500 2810 ἶ

265 2828 440 2914 Moguntie
455 2829 542 2897 idem
561 2827 648 2919 lecit,
677 2837 710 2898 et
724 2847 810 2919 papo
834 2829 1063 2917 episcopatum
1080 2834 1214 2917 propter
1232 2827 1398 2896 obedien·
1499 2813 1500 2832 ¹

267 2930 345 2996 tiam
371 2928 433 2994 sibi
461 2928 602 2996 contulit
627 2926 819 2997 Curicnsem
852 2927 938 2996 -Hoc
964 2926 1086 2994 luctum
1111 2929 1145 2996 in
1161 2927 1328 2994 Teutonia
1345 2927 1404 2994 tri·
1499 2935 1500 2984 i

266 3027 454 3094 bulationes
474 3033 507 3093 ct
520 3030 693 3112 angustias
711 3027 929 3114 gravissimas
946 3027 1130 3112 generavit.
1157 3025 1240 3094 Nam
1253 3025 1404 3114 presules

267 3125 417 3210 religiosi
437 3125 555 3213 prelati
576 3129 776 3195 monasteria
794 3124 925 3192 nobiles
942 3126 1035 3192 cives
1054 3141 1092 3192 se
1108 3127 1201 3193 varie
1219 3123 1401 3213 disposue-

268 3228 352 3290 runt.
395 3220 534 3302 Quidam
562 3227 678 3293 timore
706 3226 759 3294 dei
785 3224 997 3313 postposito,
1025 3222 1197 3292 Ludewioi
1221 3224 1401 3312 potentiam

268 3326 465 3412 metuentes
493 3323 639 3391 (livinum
657 3324 802 3394 oiiroium
819 3323 1009 3393 nullatenus
1026 3322 1244 3409 obmiserunt3
1273 3321 1402 3410 quidam

268 3421 344 3489 loca
371 3437 432 3489 sua
459 3427 492 3489 et
518 3427 719 3492 monasteria
745 3424 964 3514 reliquerunt,
993 3427 1026 3492 et
1052 3419 1095 3489 ad
1121 3420 1255 3490 exilium
1282 3426 1315 3489 ot
1338 3435 1402 3487 ne-

269 3538 362 3590 mora
387 3538 425 3589 se
453 3521 700 3592 transtulerunt.

342 3615 509 3709 Antipapa
527 3638 669 3688 cernens
695 3639 732 3698 se
750 3621 942 3692 derelictum
959 3627 1060 3711 atque
1079 3622 1269 3690 desolatum
1287 3622 1320 3688 in
1334 3618 1402 3705 Py-

271 3735 427 3786 sanorum
445 3721 609 3788 territorio
627 3720 823 3791 morabatur.
848 3723 890 3791 Et
904 3721 1020 3789 incidit
1037 3723 1067 3790 ei
1083 3721 1257 3789 eonsilium
1272 3721 1399 3803 bonum,

271 3821 306 3883 ut
333 3816 374 3884 ab
410 3835 519 3885 errore
554 3820 607 3885 vie
643 3821 831 3889 sue'suam
858 3825 892 3888 ct
916 3821 1054 3890 aliorum
1088 3821 1215 3887 animas
1241 3818 1401 3887 liberaret.

274 3914 419 3984 Veniens
438 3915 576 3984 verbulo
596 3917 768 3988 Psalmiste
784 3927 936 4010 sumpto:
961 3919 1100 4010 „limavi
1123 3921 1209 3987 sicut
1230 3920 1312 4006 ovis,
1338 3929 1400 4000 que

273 4015 368 4103 periit
393 4011 480 4082 eto.“
506 4018 623 4083 summi
640 4019 785 4106 presulis
804 4018 948 4107 pedibus
967 4037 1005 4086 so
1028 4017 1179 4086 subiecit.
1215 4016 1317 4098 Quem
1338 4009 1401 4079 ad-

271 4114 410 4182 missum
437 4112 479 4180 ad
505 4115 646 4200 gratiam
671 4117 821 4204 pontifex
836 4119 867 4186 in
885 4119 1086 4188 consistorio
1114 4133 1269 4184 sermone
1294 4111 1400 4182 habito

306 4229 336 4294 1)
355 4229 397 4284 die
415 4230 494 4283 lesart
512 4230 658 4284 dilabuntur
676 4232 742 4288 babe
759 4233 800 4290 iob
819 4234 886 4289 nacb
904 4234 1005 4290 Pezcns
1023 4234 1161 4303 rorscblag
1179 4247 1209 4288 so
1227 4231 1362 4300 gebeaeert.
