3044 4882
223 195 293 270 362
555 227 699 274 rounnrus
719 227 928 274 rrcronrrusrs.
964 226 989 290 t,
1006 224 1030 278 2.

221 366 308 436 bene
331 365 471 457 audens,
498 365 540 435 de
561 366 730 436 llarintbia
749 367 849 436 Stiria
867 373 902 436 et
916 368 1065 456 Ungaria
1090 366 1207 454 oopios
1226 362 1361 432 aduna-

220 468 279 557 vit,
306 472 340 534 et
355 467 496 535 veniens
518 468 610 534 inurit
626 483 726 557 super
745 465 959 536 adversarios
985 467 1144 556 prinoipis
1171 465 1357 551 repentine,

221 572 255 635 et
280 567 369 634 oesis
396 565 569 654 eaptisque
595 567 756 656 pluribus,
784 566 962 636 destruetis
978 585 1091 636 eorum
1107 562 1358 651 munitionibus

221 667 424 755 reeuperatis
450 660 621 756 perditis,
648 667 787 755 patrianr
816 666 976 735 liberavit.
1010 665 1197 735 Friderious
1225 661 1360 730 rediens

219 766 324 834 virum
351 764 481 834 fidelem
509 765 635 855 extulit,
662 767 696 832 in
720 764 867 854 perfidos
888 765 1009 834 iudioia
1035 765 1185 834 exerouit
1210 763 1361 848 ignomi-

219 865 317 932 niosa
350 865 516 932 invootiva
542 870 576 932 et
600 882 737 955 aspera,
770 866 803 932 in
829 865 1057 953 reliquumque
1084 871 1189 934 terras
1216 859 1358 930 mundas

220 963 261 1032 ab
289 965 377 1032 onrni
401 964 479 1032 labe
505 965 742 1052 prurigineque
768 963 906 1052 perindie
941 964 1164 1034 oonsorvauit.

293 1062 433 1131 Nobiles
449 1064 547 1130 etiam
563 1063 785 1132 Bohemorum
800 1062 842 1132 de
858 1063 975 1155 Lippa,
993 1064 1036 1133 de
1050 1057 1305 1148 Wartenberob‚
1319 1057 1364 1126 de

218 1159 497 1231 Leuohtenburoh
520 1180 594 1230 oum
614 1162 811 1251 quibusdam
834 1163 1012 1233 abbatibus
1039 1162 1207 1250 religiosis
1234 1157 1276 1228 ad
1302 1175 1363 1226 re-

219 1278 296 1348 gem
312 1264 451 1330 verriunt
465 1259 697 1352 Rornanorum,
723 1261 916 1332 Heinrioum
938 1262 1056 1332 duoenr
1075 1258 1245 1331 llarintbie
1262 1275 1360 1326 suunr

218 1378 333 1447 regern
348 1360 389 1429 de
408 1359 496 1430 iaoto
519 1379 588 1430 non
604 1361 647 1430 de
661 1362 731 1430 iure
751 1363 896 1432 existere
911 1368 1138 1452 protestantur
1148 1382 1157 1448 ;
1184 1375 1249 1426 nee
1270 1356 1359 1426 bene

217 1476 282 1528 neo
315 1459 454 1549 provide
487 1478 627 1547 regnum
659 1478 734 1530 eurn
759 1479 896 1552 regere,
924 1461 986 1531 sed
1012 1462 1227 1548 negligenter
1253 1473 1358 1542 agere

218 1560 443 1646 querulantur.
484 1561 637 1644 Venimus,
663 1561 832 1652 inquiunt,
854 1563 966 1648 patrie
992 1561 1125 1644 deibus,
1150 1557 1244 1643 repar·
1267 1555 1360 1624 utiti-

217 1657 337 1726 tutibor
369 1659 586 1727 conolores.
622 1659 807 1746 Prospieite
831 1665 865 1728 et
887 1662 1071 1730 quomode
1096 1657 1273 1728 seeundum
1297 1652 1361 1722 bu-

216 1760 406 1824 monitotem
424 1763 567 1826 oestrum
590 1759 732 1845 undique
742 1760 999 1847 promulgatum,
1026 1761 1105 1846 quio
1122 1756 1277 1844 quamdiu
1299 1771 1360 1821 orr-

211 1860 326 1942 perert
356 1857 545 1939 Heiorious,
577 1857 775 1943 impossibile
806 1864 857 1927 ert
880 1877 1003 1946 paoem
1033 1861 1068 1928 io
1100 1857 1194 1944 repat
1218 1855 1360 1940 repotiis

214 1954 364 2023 stabiliri.
405 1955 449 2022 dr
471 1961 508 2023 ut
531 1957 752 2025 desideratum
783 1958 931 2044 effectum
966 1975 1022 2026 res
1055 1959 1232 2037 sortietur,
1255 1952 1361 2036 filium

214 2058 356 2121 oestrum
378 2054 446 2136 filie
469 2057 558 2142 repis
583 2057 696 2140 oostd,
722 2074 785 2142 que
809 2056 977 2126 Etizabetlr
1002 2057 1129 2140 dieitur,
1155 2058 1189 2124 et
1210 2054 1364 2139 superest

214 2152 290 2220 solu
314 2154 507 2221 inmaritata
533 2155 573 2222 de
599 2153 701 2222 tribou
725 2157 902 2225 iooeaoolia
926 2158 1096 2243 specioso,
1122 2152 1300 2240 copuletis,
1327 2155 1362 2218 et

214 2269 325 2338 repom
349 2251 504 2321 Bobeorie
528 2253 713 2322 declaretis.
760 2253 831 2324 Rex
857 2255 1002 2325 dimissis
1025 2255 1151 2324 nuntiis
1176 2253 1267 2320 misit
1292 2268 1359 2319 oo-

216 2353 311 2420 mites
339 2349 380 2420 de
409 2351 685 2442 Sobiloblingen‚
721 2351 763 2422 de
789 2355 1055 2446 Hennenberoh‚
1090 2353 1133 2422 de
1159 2349 1363 2420 Hobenloolr

216 2449 260 2518 ad
285 2469 426 2537 regnurn
452 2450 494 2520 de
522 2452 665 2538 singulis
692 2454 859 2540 inquirere
884 2456 1068 2523 veritatem.
1101 2451 1165 2534 Qui
1179 2452 1361 2519 venientes

215 2566 276 2638 per
294 2548 505 2619 Cbunradum
528 2548 570 2620 de
587 2548 795 2622 Aurenstain
822 2572 863 2623 ao
889 2560 1021 2623 eeteros
1047 2552 1195 2620 Heinrioi
1222 2549 1362 2618 olboia-

218 2649 286 2717 rios
315 2654 498 2740 capiuntur,
527 2650 589 2719 sed
614 2656 694 2740 post
720 2654 867 2741 quinque
896 2653 970 2722 dies
997 2651 1093 2722 iactis
1120 2649 1364 2740 sponsionibus
1454 2653 1458 2660 '

217 2745 432 2818 dimittuntur.
474 2750 556 2819 Post
588 2750 652 2818 hee
681 2752 793 2839 puella
827 2755 862 2821 in
895 2753 1024 2842 Spiram
1059 2751 1207 2840 duntur,
1241 2749 1360 2836 ibique

216 2848 302 2914 inter
336 2866 409 2916 earn
436 2854 470 2917 et
495 2850 587 2935 regis
623 2849 722 2917 lilium
759 2853 873 2941 nuptie
900 2870 975 2921 ourn
1001 2851 1111 2938 gloria
1136 2849 1363 2939 eelebrantur,

216 2945 452 3035 Iohannesque
485 2965 545 3015 rex
570 2947 729 3016 Bobornie
755 2951 888 3039 publioe
918 2951 1158 3042 proclamatur,
1186 2947 1361 3035 gaudente

217 3049 318 3132 atque
342 3045 541 3134 tripudiante
558 3047 683 3135 populo
701 3048 933 3121 Bohemorum.
969 3051 1011 3120 Et
1032 3068 1091 3119 rex
1109 3045 1244 3138 quidem
1263 3048 1364 3135 regni

216 3145 364 3230 negotiis
391 3144 588 3237 intendens,
624 3148 750 3234 quavi
776 3156 810 3218 et
836 3148 1003 3238 quomodo
1028 3151 1063 3218 in
1088 3165 1231 3236 rognum
1258 3145 1362 3216 filiurn

216 3249 338 3333 posset
364 3242 519 3335 dirigere,
546 3247 717 3332 cogitavit

291 3342 477 3412 Friderions
509 3350 618 3414 autern
640 3345 708 3414 dux
727 3343 873 3439 Austrie,
900 3349 1017 3436 prioris
1044 3346 1174 3417 ollense
1204 3343 1359 3413 aouleum

218 3447 447 3530 oontorquens
481 3444 516 3511 iu
543 3441 698 3513 Ottonem
732 3444 850 3514 duoern
884 3447 1049 3538 Bouario,
1087 3451 1233 3514 oastrum
1268 3441 1361 3532 quod

220 3539 429 3629 Sodrdingen
456 3541 573 3611 dieitur
599 3543 750 3636 obsidet,
786 3544 877 3633 quod
903 3547 981 3614 olirn
1006 3551 1103 3636 pater
1128 3562 1210 3614 suus
1236 3559 1360 3612 reeou-

217 3646 354 3710 neotere
381 3658 442 3710 suo
464 3641 611 3710 dominio
629 3637 841 3733 aoeeptavit².
883 3641 961 3715 Otto
988 3645 1197 3716 obsidionem
1224 3641 1359 3711 solvere

216 3740 348 3829 volens,
379 3739 454 3810 lorti
479 3760 579 3809 rnanu
606 3742 679 3812 eius
705 3745 922 3832 properatin
946 3763 1139 3833 oooursum,
1167 3749 1201 3810 et
1225 3741 1357 3810 melotis

215 3838 393 3908 adversum
428 3857 466 3908 se
505 3842 677 3932 tentoriis,
713 3843 848 3912 eottidie
873 3844 1013 3932 prelium
1039 3843 1255 3913 maehiuatur.
1288 3838 1354 3909 Sed

216 3938 402 4008 Friderious
428 3939 633 4010 validissime
659 3941 852 4034 inlirnratus,
879 3945 1008 4014 itauta
1026 3944 1176 4034 pluribus
1204 3945 1353 4010 mortuus

250 4189 281 4254 l)
298 4190 381 4257 pactis
399 4191 477 4244 etiarn
494 4191 654 4312 interpositis
670 4204 755 4260 usque
772 4192 805 4246 ad
822 4193 948 4262 principis
965 4191 1076 4248 redituro
1092 4191 1127 4247 ist
1140 4191 1294 4247 randzusatu
1310 4187 1352 4242 dos

215 4255 367 4311 variassers⁴
403 4258 435 4324 2)
454 4271 484 4312 so
504 4258 548 4312 dre
583 4272 612 4328 s,
631 4261 767 4315 attentarit
784 4259 864 4314 boob.
