3002 4880
395 210 538 258 canorum
562 211 599 256 or
620 211 719 258 eusrrs
738 213 906 260 rnrncrruu.
1169 183 1215 252 lp?

99 347 171 416 Cum
202 352 310 417 antem
342 346 429 417 lama
461 352 533 418 eius
565 350 668 436 longe
702 351 837 438 lateque
872 350 1084 419 erabesceret
1115 356 1150 420 et
1175 351 1218 420 ad
1236 365 1304 420 aare

96 466 184 516 aures
216 449 398 536 principum
433 447 647 543 devenisset,
677 450 842 518 electores
869 451 984 542 regni,
1016 468 1085 518 non
1116 453 1218 520 inve-

96 549 216 615 nientes
248 565 288 615 eo
315 548 486 616 meliorem
511 549 597 615 inter
622 549 793 637 principes
820 553 855 616 et
878 549 1025 618 barones
1051 548 1095 617 ad
1121 552 1217 636 regi-

95 665 163 714 men
186 645 323 714 Romani
348 647 487 737 imperii,
515 649 749 732 cogitaverunt
774 665 849 714 eum
876 648 1020 738 eligere,
1048 650 1217 718 mittentes

96 747 122 812 ei
144 748 280 814 nuncios
308 746 364 832 qui
391 746 455 813 sibi
477 745 635 836 dicerent,
662 753 700 814 ut
724 745 768 814 ad
794 763 855 814 eos
879 749 994 816 venire
1020 765 1089 815 non
1116 747 1218 816 dille-

95 849 149 934 rat,
174 847 251 932 quia
274 843 380 913 velint
405 862 481 912 eum
512 845 556 913 ad
581 846 678 931 regni
704 847 834 934 apicem
859 864 1068 934 promovere.
1119 845 1218 928 Quod

96 960 162 1010 cum
194 943 347 1011 audisset
379 961 448 1011 non
483 949 536 1012 est
569 946 709 1030 gauisus
745 944 787 1014 de
822 950 888 1012 tam
913 946 990 1013 letis
1017 945 1216 1036 rumoribus,

95 1042 149 1109 sed
181 1044 289 1129 magis
321 1042 471 1111 turbatus
504 1045 540 1111 in
574 1061 745 1134 sermone,
781 1046 935 1130 cogitans
962 1050 996 1112 et
1022 1046 1217 1113 existimans

94 1141 244 1226 grandem
278 1158 357 1209 csse
393 1143 557 1210 sarcinam
589 1141 780 1211 huiusmodi
815 1143 953 1211 honoris
961 1197 972 1234 ,
1006 1150 1040 1211 et
1065 1143 1107 1212 ad
1132 1163 1217 1232 por-

94 1240 218 1308 tandum
246 1239 410 1309 excedere
436 1242 524 1310 vires
552 1259 643 1309 suaa.
669 1241 746 1310 Non
771 1244 858 1310 enim
884 1260 1024 1328 regnum
1051 1245 1217 1332 concupi-

93 1341 147 1430 vit,
181 1339 241 1408 sed
279 1340 390 1408 sciens
425 1340 615 1408 maioribus.
640 1339 777 1408 obedire
811 1347 987 1436 oportere,
1025 1341 1218 1410 dilationem

93 1456 153 1506 non
178 1438 302 1530 lerona,
329 1437 372 1506 ad
399 1455 460 1509 eos
487 1441 687 1528 quantocius
714 1441 914 1528 properavit.
953 1439 1018 1522 Qui
1044 1440 1161 1508 dicunt
1187 1440 1218 1508 ei

58 1618 59 1624 ἵ
94 1537 176 1624 quod
205 1556 275 1606 rem
315 1555 409 1606 suam
440 1540 492 1607 sic
524 1539 700 1628 disponat,
735 1546 888 1627 oportere
925 1555 1000 1607 enm
1034 1538 1218 1608 Romanum

92 1637 253 1724 imperium
280 1638 479 1727 gnbernare,
507 1637 550 1705 ad
576 1637 667 1725 quod
692 1636 802 1725 ipsum
831 1655 1027 1726 promovere
1053 1637 1218 1706 decreve-

93 1741 175 1827 runt,
208 1739 238 1804 si
267 1738 316 1804 eis
342 1737 485 1805 voluerit
520 1738 721 1805 consentire.
772 1736 849 1825 lpse
876 1754 968 1826 vero,
996 1739 1083 1805 sicut
1109 1736 1218 1805 adhuc

92 1837 159 1922 pius
180 1835 329 1926 juvenis,
356 1835 530 1924 respondit
555 1837 605 1904 eis
623 1837 769 1914 leniter:
793 1837 899 1920 ipsum
923 1837 971 1903 od
985 1834 1049 1903 lucc
1067 1837 1218 1905 idoneum

92 1949 149 2000 non
168 1952 249 2017 esce,
277 1939 311 2002 et
335 1935 550 2024 multiplicem
570 1934 737 2002 delectum
759 1937 935 2022 proposuit
961 1935 1029 2002 eis:
1055 1936 1089 2002 tn
1109 1953 1218 2003 renem

91 2032 242 2115 {moliole
263 2051 360 2119 opere
383 2037 417 2100 et
435 2036 470 2101 in
492 2035 568 2101 otiis
589 2051 651 2120 quc
672 2034 719 2100 cd
740 2033 929 2119 dicacitatem
955 2034 1104 2102 venenuo·
1124 2032 1218 2101 lmus

92 2134 246 2218 reptantes
272 2133 447 2218 pertinere.
497 2131 562 2214 Qui
596 2131 825 2221 dixeruntei,
852 2136 984 2200 utnon
1015 2137 1154 2221 paveret
1184 2139 1219 2200 et

92 2247 129 2298 ne
151 2233 242 2317 gravi
271 2231 495 2300 sollicitudine
519 2232 678 2321 solvatur,
706 2231 785 2318 quia
809 2231 912 2299 velint
937 2249 1023 2322 curn,
1051 2249 1125 2299 cum
1151 2249 1217 2300 ne·

93 2345 181 2398 cesse
207 2329 318 2421 luerit,
346 2333 425 2399 totis
452 2331 579 2399 viribus
606 2329 774 2398 adiuvare.
801 2329 860 2397 Sin
886 2332 996 2398 autem
1021 2348 1123 2398 unum
1150 2331 1217 2398 eli-

93 2434 143 2512 gat
166 2447 184 2497 c
210 2429 356 2520 duobus,
383 2435 442 2497 aut
466 2431 602 2498 omnino
619 2431 693 2498 sine
708 2445 814 2514 regno
832 2430 949 2519 perire,
975 2429 1030 2497 vel
1057 2434 1217 2518 suscepto

93 2527 218 2616 inperio
258 2528 461 2597 laboriosam
493 2531 594 2596 vitam
629 2527 770 2617 ducere,
806 2544 982 2614 quousque
1016 2527 1109 2596 Deus
1143 2530 1217 2596 eius

92 2624 227 2696 laborem
265 2626 454 2713 dignabitur
478 2629 639 2697 relevare.
690 2627 768 2714 lpse
795 2631 906 2693 antem
931 2624 1000 2693 dux
1023 2625 1217 2717 Ludwicus,

93 2727 193 2794 sciens
226 2729 316 2794 inter
342 2727 410 2796 duo
436 2729 523 2796 mala
548 2729 656 2794 minus
682 2725 803 2792 malurn
830 2723 1021 2811 eligendum
1048 2724 1217 2817 expedire,

93 2828 206 2915 panrit,
244 2831 280 2894 et
311 2843 425 2895 eorum
454 2827 605 2896 consiliis
640 2826 861 2912 acquiescens
898 2823 994 2891 dixit:
1028 2823 1220 2891 dictatant

94 2921 156 2991 lieo
174 2926 352 3011 placuerit,
377 2931 411 2994 et
430 2925 668 2994 coenolentus
692 2925 726 2990 in
746 2939 797 2989 me
814 2924 986 3006 potissime
1004 2923 1217 3009 complector.

94 3020 129 3088 ut
154 3022 330 3092 denuntiat
361 3043 399 3094 se
432 3025 486 3094 die
517 3029 642 3093 statuto
675 3021 718 3090 ad
750 3020 965 3113 electionem,
991 3023 1060 3090 vita
1086 3023 1217 3114 comite,

94 3121 274 3192 reditumm.

158 3221 232 3290 Non
266 3223 317 3290 sic
342 3225 468 3308 autem,
495 3237 562 3288 non
590 3220 641 3287 sic
665 3218 854 3288 Fridericus
882 3216 949 3285 dux
974 3213 1124 3305 Austrie3
1159 3235 1218 3284 re-

95 3336 184 3402 gnum
202 3339 272 3389 non
290 3321 398 3389 solum
415 3336 484 3388 non
506 3321 648 3408 rennuit,
676 3317 737 3386 sed
763 3335 823 3406 pro
849 3316 906 3384 illo
940 3320 1011 3385 toto
1044 3317 1219 3385 conamine

95 3416 257 3489 laboravit.
308 3420 410 3488 Porro
443 3419 555 3506 pulsat
583 3417 741 3506 precilrus
770 3416 953 3506 electores,
979 3416 1117 3502 largitur
1142 3435 1219 3484 mu-

95 3533 166 3586 nera
197 3520 319 3609 multa,
345 3517 511 3585 beneficia
539 3517 725 3605 pollicetur.
775 3515 930 3602 Denique
956 3518 1061 3582 totum
1088 3532 1126 3582 se
1154 3531 1218 3582 ex-

97 3619 239 3700 penitet
264 3623 409 3707 enervat,
435 3621 473 3684 ut
498 3609 658 3702 regnum1
683 3615 794 3682 valeat
820 3613 969 3702 adipisci.
995 3613 1056 3681 lllo
1079 3630 1159 3681 vcro
1183 3615 1219 3680 in

97 3717 235 3803 ternpore
256 3717 415 3785 sathanas
438 3717 615 3783 seminavit
638 3731 755 3782 semen
773 3731 880 3803 suurn,
909 3711 1010 3802 quod,
1039 3730 1113 3780 curn
1129 3712 1219 3790 mul-

32 3869 34 3896 ,
98 3813 242 3900 tipliciter
277 3815 476 3904 pullulasset
519 3821 553 3882 et
590 3815 626 3881 in
660 3812 800 3881 lmctum
833 3810 1051 3900 proiecisset,
1085 3809 1219 3878 tandem

98 3909 233 3982 lahorem
257 3914 395 4004 protulit
420 3919 454 3981 et
479 3911 638 3982 dolorem.
685 3910 792 3993 Quem
818 3909 958 3978 fructum
983 3909 1076 3977 multi
1101 3911 1136 3977 in
1163 3908 1219 3978 di-

100 4015 195 4080 uersis
227 4014 375 4102 partibus
409 4018 637 4099 messuemnt3
665 4011 786 4079 sedin
814 4009 949 4078 Suevia
974 4013 1009 4075 et
1032 4009 1067 4074 in
1092 4009 1219 4077 Baua-

100 4108 141 4177 ria
163 4114 302 4201 amplius
326 4113 393 4181 hoc
409 4111 570 4181 lecerunt.
596 4112 673 4200 lpse
692 4127 774 4180 vero
793 4109 947 4178 inimicus
960 4107 1067 4198 pacis,
1094 4111 1220 4178 nostris

130 4231 158 4298 1)
175 4237 246 4300 regni
263 4235 302 4289 hs.
