3044 4882
396 108 565 195 ‘roumrnns
585 145 800 196 vroromnnsrs.
837 141 863 214 3,
881 144 904 200 a,
1166 115 1234 183 349

98 291 139 358 ut
163 289 288 357 Heotor
314 285 395 355 dioit
421 286 463 354 ad
489 285 656 355 Paridem:

200 435 506 457 ......
555 387 682 477 „uiolril
709 385 844 455 adiuvat
870 405 960 456 arma

197 485 362 555 Nobilitas
389 483 504 572 forme,
531 483 615 555 duro
640 485 733 555 Mars
760 485 862 555 milite
889 483 1049 573 gaudet.“
1103 569 1105 572 ,

98 667 148 734 De
171 667 344 733 ooonlione
368 665 461 732 donis
480 664 649 734 Kortntdt'e
673 664 828 750 Hanno,
846 671 879 736 et
892 666 1021 748 Rudotfi
1037 666 1098 748 ntia·
1114 664 1237 734 Alderti

197 766 246 832 od
268 765 355 832 idem
378 781 522 849 reputem.
937 809 939 813 -
1077 767 1158 851 Cap.
1183 767 1236 834 oit.

171 877 271 949 Anno
295 879 421 949 domiui
439 897 585 954 m‚ooo.v.
603 879 757 948 Clemens
779 883 914 968 quintus
932 881 975 950 ad
999 883 1149 968 regimen
1173 899 1236 950 eo·
1255 893 1321 948 reos

98 979 203 1048 olesie
230 978 440 1048 oonoorditer
465 978 506 1047 ab
534 979 686 1048 omuibus
714 985 766 1048 est
792 980 920 1049 oleatus
947 981 1036 1070 apud
1054 981 1236 1070 Pelusium,

96 1080 130 1146 in
147 1078 316 1164 Lugduno
343 1084 571 1168 oonseoratus,
600 1079 766 1148 transtulit
792 1081 914 1148 ouriam
942 1098 1036 1148 snam
1061 1081 1184 1170 primus
1202 1081 1236 1146 in

95 1176 310 1262 Burdogalim
335 1177 421 1245 ultro
448 1183 596 1267 montes,
621 1196 720 1265 quam
747 1180 924 1248 eoelesiam
950 1181 1022 1266 ipse
1049 1180 1140 1268 prius
1167 1197 1237 1264 gu-

96 1276 269 1345 bernabat.
303 1275 464 1344 Invitatus
491 1277 578 1343 enim
605 1275 664 1346 init
691 1295 711 1344 a
735 1295 816 1364 rege
842 1279 998 1367 Franoie,
1027 1280 1084 1365 qui
1107 1295 1238 1346 omnem

96 1376 162 1444 sibi
189 1375 349 1443 honorem
367 1376 564 1465 promittens
588 1376 835 1464 perFrauoiam
859 1378 894 1444 iu
920 1394 982 1446 sno
1009 1375 1155 1446 dominio
1173 1395 1238 1444 ex-

96 1473 289 1564 hibendum,
318 1491 359 1543 eo
387 1473 478 1561 quod
503 1473 577 1542 Itali
604 1479 638 1543 ot
661 1473 801 1543 Romani
830 1493 904 1543 raro
933 1477 1070 1544 summis
1096 1475 1238 1564 pontili-

99 1573 197 1642 oibus
224 1571 417 1641 adheserint
441 1573 542 1662 plena
568 1571 642 1641 lide.
685 1572 884 1642 Continuata
911 1580 964 1642 est
988 1575 1088 1660 igitur
1114 1577 1147 1641 in
1173 1574 1237 1642 illis

98 1673 251 1762 partibus
278 1673 367 1740 onnia
393 1671 436 1740 ad
464 1672 549 1740 hano
575 1671 698 1741 horam.
734 1672 841 1741 Primo
868 1691 957 1742 anno
984 1675 1036 1740 sui
1058 1673 1238 1762 pontifioa-

98 1778 154 1840 tus
182 1769 316 1839 admisit
341 1773 375 1838 in
401 1772 541 1857 gratiam
568 1770 844 1858 Columpnenses‚
875 1789 918 1840 ex
944 1772 1064 1859 quibus
1090 1789 1178 1840 unus
1205 1772 1239 1839 in

97 1871 274 1959 presentia
294 1887 381 1960 pape
401 1870 535 1958 publiea
554 1870 723 1938 audientia
739 1872 870 1939 veniam
889 1871 1075 1961 postulanS,
1102 1871 1239 1941 verbum

98 1969 182 2037 illud
216 1969 305 2037 beati
337 1965 397 2037 Iob
432 1967 474 2036 de
501 1985 539 2036 se
566 1973 600 2036 ot
628 1968 702 2036 aliis
730 1969 938 2058 explanavit:
971 1969 1130 2060 „ilianum
1152 1977 1240 2037 tuam

99 2067 208 2155 longe
234 2066 287 2136 iao
313 2087 334 2137 a
359 2085 423 2158 me,
451 2072 485 2135 et
509 2066 649 2136 formido
676 2073 732 2136 tna
758 2085 826 2137 non
852 2087 904 2136 me
931 2066 1088 2138 terreat.“

176 2167 252 2236 Hoe
276 2183 365 2235 anno
389 2165 520 2235 nobiles
539 2166 761 2237 Bohemorum
778 2173 859 2236 vota
879 2185 940 2235 sna
955 2168 1121 2256 soindunt,
1149 2183 1239 2252 quo-

96 2286 172 2335 rum
191 2264 324 2354 quidam
342 2264 664 2334 Heinrioumduoem
690 2265 859 2334 Kerinthie
886 2284 1046 2352 generum
1073 2263 1241 2353 quondam

99 2367 154 2434 sui
183 2366 275 2452 regis
302 2365 508 2453 accersiunt,
543 2369 580 2432 ut
606 2381 707 2453 super
733 2382 795 2432 eos
822 2365 982 2452 suscipiat
1006 2366 1240 2452 principatum3

98 2463 239 2553 quidam
271 2462 447 2532 Rudolsum
471 2462 694 2532 Romanorum
728 2465 818 2549 regis
853 2463 953 2530 ilium
981 2463 1171 2548 elegerunt,
1199 2479 1240 2530 eo

97 2563 194 2652 quod
220 2568 355 2652 propter
380 2563 580 2632 vicinitatem
606 2558 752 2652 Austris,
779 2567 813 2629 ot
835 2568 972 2651 paterne
993 2564 1142 2650 potentie
1165 2559 1241 2628 sui-

96 2663 264 2752 lragium,
300 2678 438 2746 regnum
473 2665 592 2749 posset
623 2661 726 2729 altero
760 2661 880 2729 melius
912 2659 1108 2748 defensata,
1135 2660 1242 2726 itaut

96 2763 253 2830 reliotam
278 2763 369 2846 regis
396 2759 609 2828 Weuozeslai
634 2761 745 2849 primi,
781 2759 879 2827 liliam
905 2759 996 2845 regis
1022 2759 1145 2846 Klisie,
1173 2757 1242 2825 du-

97 2866 196 2930 oeret
222 2861 256 2926 iu
282 2877 431 2949 uxorem,
458 2864 491 2926 et
516 2876 576 2947 per
594 2858 658 2927 hoo
677 2860 712 2926 in
731 2859 826 2944 regni
852 2860 1001 2947 potentia
1027 2875 1064 2926 se
1092 2857 1241 2924 firmaret.

92 2959 280 3029 Heinriens
307 2964 417 3027 autem
443 2956 511 3026 dux
537 2962 696 3046 suseepta
724 2958 916 3047 legatione,
945 2976 987 3026 ex
1012 2956 1182 3024 liarinthia
1209 2961 1242 3023 et

94 3057 141 3126 de
171 3059 339 3127 montanis
367 3056 506 3125 eleotam
525 3061 711 3143 congregat
734 3057 870 3124 militum
897 3055 1147 3145 multitudinem,
1176 3055 1242 3122 ha-

91 3159 186 3228 bens
221 3175 333 3225 seeum
369 3154 574 3244 Stephanum
608 3155 726 3224 duoem
762 3155 916 3223 Bawarie
943 3155 1240 3244 consanguineum,

92 3264 132 3326 ut
160 3274 305 3343 regnum
332 3255 528 3344 suseiperet,
554 3254 746 3323 Bohemiam
764 3254 919 3341 introivit,
947 3258 1170 3341 reoeptusque
1190 3258 1243 3321 est

92 3357 138 3426 alr
168 3355 240 3424 hiis
267 3355 323 3442 qui
349 3372 423 3422 eum
450 3358 652 3422 vooaverant
677 3351 835 3439 gloriose.
871 3350 941 3420 Rex
965 3369 1047 3419 vero
1072 3347 1240 3440 AlbertuS,

92 3455 179 3524 aliis
207 3454 413 3543 postergatis
430 3453 589 3543 negotiis,
618 3457 782 3538 oongesto
801 3452 834 3518 in
853 3468 953 3518 unum
971 3449 1099 3517 militari
1121 3450 1241 3536 splen-

92 3554 183 3624 dido
202 3553 370 3642 oomitatn,
392 3551 435 3619 ad
455 3551 660 3640 prooinotum
676 3548 865 3618 introeundi
880 3549 1072 3618 Bohemiam
1094 3548 1243 3616 similiter

93 3672 135 3724 se
158 3652 342 3738 suooingit.
358 3651 400 3719 Et
414 3650 567 3739 veniens,
583 3649 738 3718 electioni
759 3655 792 3716 et
812 3649 981 3717 vooationi
999 3648 1055 3716 lrlii
1073 3647 1242 3735 sapienter

90 3771 177 3823 eum
209 3750 415 3837 singulorum
441 3748 601 3836 indagine
628 3766 666 3817 se
691 3749 847 3834 ingessit.
886 3747 1006 3836 Nuptie
1032 3745 1132 3832 igitur
1157 3746 1243 3812 inter

90 3854 208 3921 filium
230 3868 325 3918 suum
348 3855 382 3917 et
395 3849 545 3935 reginam
563 3846 696 3916 viduam
713 3846 815 3914 multo
842 3845 929 3914 iastu
955 3846 1096 3913 humane
1124 3844 1241 3932 glorie,
1348 3853 1353 3860 ’

89 3960 127 4022 et
143 3949 371 4020 maximarum
389 3964 611 4036 expensarum
638 3953 672 4014 et
696 3951 912 4035 apparatuum
939 3944 982 4012 ad
1007 3944 1073 4012 hoo
1098 3960 1243 4011 eononr-

89 4051 247 4120 rentium
273 4046 443 4115 ailluentia
469 4045 688 4114 celebrantur.
716 4042 879 4113 Rudolius
907 4061 999 4132 ergo,
1026 4039 1118 4128 regis
1145 4040 1241 4131 filius,

89 4171 156 4221 rex
175 4149 321 4236 levatur,
349 4148 393 4213 ita
412 4150 520 4213 tamen
540 4145 629 4232 quod
647 4143 868 4213 Bohemorum
890 4142 1020 4212 nobiles
1039 4142 1241 4230 iuraverunt,
