3052 4878
254 251 299 320 t8
570 274 685 322 nrconm
706 276 751 320 rr.
776 272 915 320 aoruour.
936 271 1069 318 nrrnrro.

169 433 236 489 raro
254 423 288 488 et
313 416 387 506 sibi,
415 415 597 484 seeundum
623 412 756 482 modurn
781 412 887 499 patrie
914 431 1015 501 supra
1031 410 1175 480 modum.
1202 408 1386 499 Speoilioa-

253 519 301 586 vit
334 517 432 584 etiam
468 521 502 583 et
533 512 637 600 digito
672 509 820 580 ostendit
854 509 961 579 dietus
995 510 1184 600 prolocutor
1217 511 1385 603 unionem,

253 633 370 708 paoem
378 669 388 705 ,
417 618 451 682 et
476 610 705 701 oonoordiam,
734 629 832 698 quam
863 609 988 678 fenerat
1014 610 1109 700 alibi,
1137 613 1171 678 et
1195 610 1281 677 inter
1304 630 1386 699 pre·

254 715 362 786 diotos
395 712 549 782 dominos
584 710 895 799 arehiepiscopum,
930 708 1048 777 tratres
1084 726 1182 797 suoS,
1220 706 1386 778 dominum

253 813 448 902 Mattheum,
476 817 510 880 et
535 811 702 879 dominum
730 807 924 877 Gnidonem.
964 809 1006 876 Et
1032 810 1142 876 omnia
1166 808 1221 874 isti
1246 807 1386 896 predicti

254 913 351 983 simul
377 910 548 1000 sedentes,
575 915 609 976 et
634 908 730 976 simul
756 912 910 975 tenentes
932 924 970 975 se
992 908 1027 973 in
1048 923 1187 976 reoessu
1212 923 1285 974 oum
1309 928 1385 977 ma-

253 1012 364 1101 nibus,
392 1009 605 1097 asserebant,
634 1012 667 1075 et
692 1012 771 1073 tuno
797 1004 884 1073 faeta
911 1005 1145 1075 ostendebant.
1185 1004 1260 1075 lloo
1286 1005 1385 1098 laeto,

254 1111 407 1181 dominus
442 1107 548 1176 Guido
575 1111 696 1195 sponte
721 1104 879 1192 palatium
906 1106 1108 1195 oommunis,
1136 1104 1226 1191 quod
1252 1106 1386 1173 inhabi-

254 1211 359 1299 tabat,
388 1207 521 1276 domino
549 1207 622 1291 regi
647 1203 785 1295 dimisit,
811 1209 845 1272 et
870 1199 1004 1272 domina
1029 1206 1146 1290 regina
1170 1206 1330 1272 remansit
1352 1207 1387 1274 in

254 1309 378 1398 palatio
406 1305 658 1394 arehiepisoopi.

330 1407 423 1474 'luno
447 1405 607 1493 temporis
630 1403 722 1470 oives
746 1403 788 1471 de
809 1401 990 1472 Modoeoia
1008 1402 1186 1491 instabant,
1213 1402 1304 1490 quod
1327 1421 1387 1472 rex

254 1504 466 1575 Modoeoiam
492 1508 713 1570 reverteretur
739 1503 782 1572 ad
808 1520 965 1571 eoronam
992 1501 1131 1570 terream
1153 1501 1386 1592 recipiendam,

256 1623 329 1672 oum
355 1604 399 1671 ibi
426 1608 520 1671 esset
544 1604 639 1671 loous
666 1601 707 1668 ab
734 1603 878 1690 antiquis
904 1601 1039 1687 regibus
1059 1601 1241 1670 ordinatus
1267 1600 1387 1668 Domi-

254 1722 318 1772 nus
344 1721 403 1770 rex
428 1703 539 1771 habita
572 1706 700 1769 matura
726 1700 965 1769 deliberatione
992 1707 1025 1768 et
1049 1702 1211 1789 inspeetis
1237 1699 1328 1768 libris
1355 1706 1388 1767 et

255 1802 422 1870 ebronieis
449 1802 595 1889 antiquis
622 1800 758 1889 invenit,
786 1798 877 1886 quod
903 1799 1011 1867 dietus
1037 1800 1132 1868 loeus
1154 1805 1225 1867 erat
1248 1816 1307 1866 sue
1324 1816 1388 1868 oo-

255 1901 440 1969 ronationis
468 1899 574 1966 ferree
600 1897 837 1989 Mediolanum,
865 1903 898 1966 et
919 1898 1008 1984 quod
1035 1904 1170 1968 sanotus
1192 1894 1388 1966 Ambrosius

255 2001 354 2068 talem
379 2000 413 2065 in
439 1998 495 2065 tali
521 1998 596 2066 looo
624 2003 658 2065 et
681 1996 794 2085 plures
817 1999 965 2086 episeopi
983 1997 1258 2066 Mediolanenses
1274 1997 1387 2085 plures

255 2099 289 2166 in
314 2098 371 2165 tali
389 2097 451 2164 *vel
477 2097 532 2164 tali
559 2097 634 2164 looo
662 2104 872 2166 coronarunt.
897 2097 940 2164 Et
966 2099 1044 2184 quia
1069 2096 1295 2165 Mediolanum
1321 2095 1388 2164 lre-

256 2203 395 2285 quanter
421 2195 594 2263 rebellavit
619 2195 768 2285 imperio,
797 2201 831 2263 et
856 2212 956 2282 reges
982 2198 1096 2284 plures
1124 2195 1332 2285 nesoiebant,
1359 2196 1389 2263 si

256 2295 414 2364 audacter
430 2293 657 2362 Mediolanum
672 2300 814 2382 possent
831 2297 953 2362 intrare
967 2295 1010 2363 ad
1025 2294 1249 2382 recipiendum
1266 2293 1390 2362 dietam

256 2411 414 2463 eoronam
439 2392 579 2461 ferream
604 2400 739 2482 propter
764 2393 978 2462 rebellionem
1000 2412 1114 2464 eorum
1132 2393 1340 2481 frequentem
1356 2398 1390 2460 et

255 2493 492 2582 infidelitatem,
520 2491 796 2582 deliberaverunt,
824 2492 916 2579 quod
942 2492 1076 2580 quando
1099 2493 1390 2561 Mediolanensem

256 2594 423 2663 eivitatem
448 2610 516 2661 non
541 2597 684 2680 possent
705 2590 845 2680 paoilioe
862 2594 994 2682 intrare,
1022 2592 1112 2680 quod
1135 2591 1224 2681 apud
1239 2590 1390 2660 Modoe-

256 2695 340 2760 oiam
367 2709 524 2760 eoronam
550 2693 744 2781 reoiperent,
773 2690 863 2778 quod
883 2709 1051 2778 nunquam
1077 2693 1214 2780 imperio
1241 2690 1390 2758 rebella-

254 2793 313 2860 vit.
338 2789 434 2858 Unde
461 2808 534 2857 oum
569 2788 722 2858 dominus
755 2789 863 2858 adbuc
888 2789 1098 2858 Modoeoiam
1126 2809 1194 2858 non
1219 2790 1391 2880 intrasset,

257 2894 291 2958 et
316 2890 349 2955 in
375 2886 569 2957 Mediolano
595 2889 733 2976 paoilroo
761 2895 854 2958 esset
878 2896 1044 2980 receptus,
1071 2890 1280 2957 iniuriaretur
1295 2891 1389 2979 ipsis,

256 2988 286 3055 si
312 2986 391 3054 alibi
425 3005 522 3074 quam
548 2987 583 3054 in
609 2988 751 3056 eoolesia
784 2991 890 3056 saneti
918 2986 1083 3057 Ambrosii
1112 3007 1205 3056 suam
1232 3005 1391 3056 eoronam

257 3083 393 3152 terream
420 3087 592 3173 reoiperet.
619 3084 717 3166 Quod
743 3086 785 3154 ab
811 3087 979 3178 omnibus,
1007 3090 1157 3176 exeeptis
1184 3087 1315 3155 eivibus
1348 3085 1392 3154 de

256 3182 445 3274 Modoeoia,
474 3190 525 3252 est
550 3187 747 3254 unanimiter
773 3186 1018 3256 oonoordatum.
1043 3185 1138 3255 Unde
1159 3185 1313 3254 dominus
1333 3203 1393 3254 rex

258 3280 344 3349 diem
380 3283 554 3370 epiphanie
581 3301 641 3372 pro
675 3302 736 3352 sua
762 3303 887 3355 oorona
917 3285 1026 3355 ferrea
1050 3284 1241 3375 reeipienda
1266 3287 1301 3352 in
1328 3303 1393 3354 eo-

257 3381 361 3447 olesia
389 3383 494 3449 saneti
520 3378 687 3451 Ambrosii
714 3383 827 3470 elegit.
890 3397 893 3402 “

328 3479 412 3548 'Post
427 3480 490 3547 bea
513 3480 574 3548 fuit
589 3483 695 3549 visum
717 3483 893 3552 honesturn
914 3483 1056 3551 oonsilio
1076 3481 1393 3572 Mediolanensium,

258 3577 348 3666 quod
379 3579 489 3665 aliqua
519 3580 686 3648 curialitas
714 3581 808 3649 beret
833 3583 914 3668 regi.
954 3582 996 3650 Et
1022 3599 1124 3670 super
1149 3582 1213 3649 boo
1238 3579 1300 3648 fuit
1324 3599 1395 3650 vo-

257 3684 365 3746 eatum
401 3678 576 3746 eonsilium
611 3681 813 3770 sapientum,
847 3683 931 3748 inter
963 3699 1049 3768 quos
1076 3681 1209 3748 luerunt
1235 3679 1395 3749 dominus

258 3776 364 3846 Guido
392 3783 426 3844 et
451 3775 604 3845 dominus
630 3778 810 3848 Mattheus.
837 3776 962 3846 Omnes
982 3779 1279 3870 oonoordaverunt,
1301 3778 1398 3866 quod

257 3875 382 3963 aliquid
409 3875 473 3944 sibi
500 3875 640 3944 daretur.
685 3877 753 3946 Sed
780 3877 822 3946 de
849 3896 977 3946 summa
1003 3897 1088 3948 unns
1117 3879 1250 3969 nobilis,
1278 3876 1397 3947 domi-

256 3991 319 4042 nus
354 3974 551 4043 Guillermus
587 3974 629 4043 de
655 3975 819 4068 Postella,
853 3977 937 4046 dixit
960 3979 1083 4068 primo,
1112 3977 1202 4064 quod
1228 3979 1301 4063 regi
1327 3976 1397 4046 da-

257 4078 369 4140 rentur
395 4074 615 4161 quadraginta
647 4077 749 4146 millia
775 4077 986 4145 llorenorum.
1026 4078 1190 4146 Dominus
1221 4076 1396 4144 Mattheus

257 4169 350 4260 dixit,
377 4173 468 4259 quod
493 4173 580 4242 bene
608 4181 679 4244 erat
704 4176 838 4244 dietum.
864 4177 905 4244 Et
928 4175 1038 4265 plures
1058 4177 1113 4245 alii
1132 4175 1395 4245 oonoordabant.

257 4266 393 4338 Addidit
418 4277 528 4340 tamen
554 4292 665 4365 unum,
693 4275 783 4364 quod
809 4276 934 4364 aliquid
954 4274 1087 4345 daretur
1112 4275 1246 4345 domine
1273 4277 1394 4361 regine
