3028 4878
226 181 298 248 hro
605 212 731 256 uacuam.
753 209 988 256 nunerrourrsrs.

226 348 312 432 burg
338 346 593 434 archiepiscopo
618 347 829 438 Mogontino,
857 350 891 416 in
917 344 1082 416 Arinione
1108 343 1253 434 providit
1279 345 1366 414 Ger-

226 446 302 514 laco
338 446 404 512 lilio
441 444 569 512 Gerlach
605 448 734 516 comnis
767 447 809 514 de
836 447 1005 515 Nasauwe
1032 444 1163 513 decano
1189 443 1366 529 Maganti-

227 545 325 612 nensi
351 542 392 611 de
418 543 705 634 archiepiscopatu
727 546 859 613 ibidem.

227 774 277 840 lte
303 774 459 841 electione
485 774 600 840 llorolt
625 776 714 860 repis
739 774 960 842 Romanorum
985 777 1102 859 peraret.

145 945 211 996 roro
299 919 397 990 Auno
419 922 544 990 domiui
569 925 781 1014 mcccxhvi,
809 925 926 1010 quinto
946 923 1022 992 idus
1048 925 1117 992 iulii
1143 941 1243 1012 super
1268 924 1367 991 alveo

159 1081 189 1134 11

149 1029 202 1066 Μ·
225 1019 307 1088 Remi
335 1020 398 1088 sub
424 1021 565 1089 nucibus
593 1040 653 1090 seu
679 1023 851 1091 arboribus
878 1041 998 1089 nucum
1017 1041 1122 1110 prope
1149 1021 1259 1090 villam
1275 1021 1366 1090 Reus

224 1118 367 1187 Karolus
386 1119 530 1188 marchio
547 1119 709 1210 Moravie,
736 1123 978 1208 primogenitus
1000 1120 1158 1189 lobannis
1182 1121 1274 1206 regis
1292 1121 1367 1188 Bo-

225 1218 334 1284 hemie
362 1219 492 1286 comitis
519 1217 561 1285 de
587 1219 828 1309 Luzzelnburg,
858 1237 956 1287 socer
978 1219 1154 1287 Lodowici
1180 1221 1270 1304 regis
1292 1219 1365 1286 Un-

224 1317 318 1401 garie
346 1321 379 1382 et
412 1318 625 1403 primogeniti
659 1315 787 1385 Alberti
822 1318 917 1386 ducis
952 1315 1105 1408 Austrie,
1143 1335 1183 1384 ac
1215 1318 1365 1384 sororius

224 1431 285 1482 scu
318 1413 446 1484 habeus
481 1415 514 1482 in
548 1433 686 1484 uxorem
723 1434 914 1502 germanam
940 1415 1083 1510 Philippi
1110 1417 1201 1502 regis
1228 1415 1365 1484 Francia

225 1513 353 1580 scilicet
385 1507 582 1603 blancam,
611 1534 630 1582 a
657 1515 796 1583 Gerleco
832 1515 1032 1600 bloguntino
1059 1532 1118 1602 per
1145 1514 1365 1604 Germaniam,

222 1611 421 1680 Baldewino
457 1612 499 1680 de
532 1614 666 1681 Treveri
693 1633 752 1701 per
778 1613 938 1703 Galliam,
972 1614 1141 1680 Walramo
1169 1611 1366 1680 Coloniensi

223 1710 485 1799 archiepiscopis
511 1730 571 1799 per
595 1712 738 1780 Ytaliam
766 1712 1076 1801 archicancellariis,
1102 1728 1184 1796 rege
1202 1711 1363 1778 Bohemie

221 1808 372 1897 predicto
403 1810 654 1898 archipincema
682 1817 714 1877 et
740 1808 915 1898 liudolpho
949 1810 1033 1878 duce
1068 1810 1213 1878 Saxonie
1247 1809 1362 1875 arehi-

222 1908 530 1997 marsoalho,regni
554 1914 588 1976 et
604 1911 729 1997 imperii
746 1908 968 1977 Romanorum
994 1906 1198 1996 principibus
1226 1906 1360 1974 electo-

223 2004 325 2092 ribus,
339 2004 381 2071 ad
407 2006 595 2074 mandatum
622 2006 801 2075 Clementis
827 2025 912 2096 pape
940 2009 1027 2076 sexti
1053 2006 1283 2093 sollempniter
1309 2011 1364 2072 est

222 2102 351 2170 electus
378 2105 412 2170 in
440 2122 563 2193 regem,
589 2105 849 2192 promovendum
876 2107 911 2172 in
936 2108 1167 2194 imperatorem
1187 2101 1363 2172 Romano-

222 2219 303 2291 rum,
331 2203 366 2268 in
393 2205 620 2270 exterminium
647 2206 824 2291 potestatis
841 2203 1017 2272 Ludowioi
1043 2204 1148 2290 geniti
1176 2201 1270 2269 ducis
1293 2202 1363 2269 Ba-

222 2303 325 2367 warie
352 2301 416 2367 iam
443 2302 476 2367 iu
503 2302 822 2370 tricesimosecundo
851 2320 939 2370 anno
966 2304 1057 2388 regis
1082 2318 1121 2370 ac
1146 2301 1180 2367 in
1207 2299 1363 2368 decimo-

222 2415 313 2466 nono
347 2416 434 2466 auno
468 2401 676 2488 imperatoris
713 2403 848 2489 asserti,
876 2400 1002 2468 eisdem
1030 2400 1161 2488 quidem
1188 2415 1295 2484 regno
1324 2417 1363 2466 ac

222 2498 359 2582 imperio
393 2515 452 2584 per
485 2497 652 2585 quondam
685 2499 865 2567 Iohannem
892 2517 1012 2587 papam
1038 2499 1363 2567 vicesimumsecun-

222 2593 298 2662 dum
333 2595 464 2682 privati.
505 2597 541 2663 In
576 2597 764 2665 huiusmodi
805 2597 966 2684 siquidem
1003 2596 1176 2665 electionis
1214 2597 1363 2680 negocio

223 2693 380 2761 Heinrico
407 2693 448 2761 de
477 2695 646 2782 Vimburg
669 2697 923 2784 archiepiscopo
944 2695 1199 2781 Moguntinensi
1225 2695 1363 2781 antiquo

222 2809 282 2858 seu
310 2794 436 2880 priore,
464 2793 506 2860 de
534 2812 600 2881 quo
627 2800 661 2862 et
686 2802 722 2861 ut
747 2794 909 2883 prefertur
934 2796 1089 2886 privato,¹
1113 2799 1146 2860 et
1171 2791 1359 2860 Ludowico

221 2892 443 2977 primogenito
477 2891 595 2978 prelati
625 2892 800 2960 Ludowici
835 2899 871 2960 ut
903 2893 1093 2960 marchione
1118 2889 1362 2958 Brandenhor-

222 2989 322 3072 gemsi
356 2989 627 3058 archicamerario
661 3009 729 3059 uon
763 2992 960 3080 numeratis,
996 2990 1058 3059 sed
1089 2987 1267 3078 vilipensis
1301 3007 1361 3055 seu

222 3088 439 3176 contemptis,
476 3105 607 3156 necnon
635 3139 820 3158 ......
830 3081 844 3124 ²
869 3091 989 3156 comite
1015 3089 1166 3157 Palatino
1202 3086 1360 3154 archida-

222 3182 328 3272 pilero
355 3186 461 3272 ipsius
488 3188 583 3273 regui
611 3205 650 3254 ac
675 3188 803 3275 imperii
829 3185 1048 3254 Romanorum
1076 3189 1173 3255 etiam
1194 3186 1359 3274 principi-

222 3281 286 3348 bus
314 3283 528 3373 electoribus,
545 3358 547 3362 .
564 3285 789 3353 favorabiliter
823 3276 1039 3373 expectato³,
1075 3302 1114 3353 ac
1148 3286 1249 3351 etiam
1275 3283 1358 3352 lortc

223 3397 282 3467 pro
309 3380 527 3449 radicatione
561 3381 748 3451 huiusmodi
783 3385 875 3469 regie
908 3383 1081 3451 electionis
1109 3399 1256 3450 assensu
1283 3381 1361 3450 diu-

224 3479 287 3544 tius
309 3477 528 3568 expectando,
554 3498 615 3568 per
634 3482 719 3550 alios
742 3484 888 3568 quinque
904 3483 1073 3569 principes
1091 3481 1257 3549 electores
1280 3497 1361 3569 pre-

225 3576 356 3665 missos,
375 3576 558 3644 seeundum
585 3580 806 3665 psalmistam:
832 3580 949 3663 ltaque
973 3578 1034 3647 ltec
1059 3581 1200 3647 mulceto
1226 3580 1361 3646 dextere

224 3675 363 3756 eccetan,
396 3693 512 3743 revera
544 3679 702 3764 precipue
734 3684 869 3766 propter
900 3677 1060 3745 diutinam
1086 3679 1359 3767 persecucionem

224 3778 258 3838 et
284 3776 538 3860 oppressionem
565 3776 709 3842 ecclesie
734 3778 900 3865 incapite
924 3776 1190 3845 etiamembris
1216 3775 1360 3843 Domino

225 3876 334 3938 autem
367 3871 544 3941 vindictam
572 3879 606 3941 et
639 3874 713 3961 ipse
739 3876 908 3944 retribuet.
933 3872 1069 3944 Allutlat
1094 3876 1192 3944 etiam
1218 3875 1253 3940 iu
1278 3890 1360 3961 pre-

257 4061 288 4124 l)
308 4061 406 4114 seilicet
423 4061 557 4114 blanzam:
576 4061 649 4114 diese
667 4062 762 4119 beiden
780 4071 864 4121 warte
881 4065 940 4118 siud
959 4070 1046 4120 zusatz
1069 4067 1143 4119 einer
1161 4063 1359 4130 gleichzeitigen

221 4127 291 4181 haud
309 4130 336 4182 iu
355 4127 557 4183 currentscbrili.
593 4129 624 4192 2)
642 4130 729 4186 leerer
754 4149 824 4188 raum
849 4133 890 4188 liir
909 4134 989 4188 eiucu
1010 4146 1110 4188 namen.
1145 4134 1178 4197 3)
1195 4131 1359 4197 gleichzeiti-

222 4209 268 4262 ger
286 4195 451 4250 randzusatz:
470 4197 572 4251 scilicet
590 4200 688 4252 comite.
