3044 4882
270 185 340 256 286
595 213 738 262 renarras
759 213 968 262 vroronransrs.
1006 212 1028 280 l,
1045 212 1069 266 3.

345 351 525 422 Ollalrarrrs
549 360 660 422 aulam
683 351 904 439 Margarelam
929 355 1082 440 reginam
1106 351 1200 422 duxit
1220 354 1256 422 in
1272 371 1400 425 uxorem

270 457 306 521 ul
332 469 370 520 se
395 455 429 520 in
456 452 601 521 dominio
628 452 809 522 roborarer
843 450 916 532 Qua
936 455 1063 524 exuaris
1086 453 1218 540 nupoiis
1238 453 1399 541 imperiale

268 553 479 641 privilegium
505 554 621 620 marito
648 553 872 640 consignavit,
898 553 932 618 in
960 571 1027 639 qua
1054 570 1093 622 se
1111 551 1234 620 habere
1259 553 1312 622 ius
1329 553 1400 641 ple-

269 670 346 719 num
369 653 402 718 in
426 652 578 720 omnibus
596 651 693 719 bonis
710 651 997 739 patrimonialibus
1017 651 1265 720 demonstravit.
1300 652 1399 740 Super

270 765 337 838 quo
358 752 496 837 gavisus
520 748 699 820 Ollalrarus
717 751 907 818 Brunonem
930 747 1188 821 Olomuoeusem
1211 750 1400 839 episeopun

270 855 356 918 terre
383 849 532 939 preleail,
560 856 593 918 el
618 850 704 938 palri
730 850 868 918 nuneial
894 851 1005 916 amnia
1031 867 1096 936 qua
1123 854 1201 918 sunl
1226 855 1312 918 aola.

343 948 417 1018 Hau
435 966 523 1016 anno
539 949 669 1016 seilicet
681 948 838 1018 manilii.
856 967 914 1016 rex
929 947 1126 1018 counradus
1143 941 1299 1033 nuvigi0¹
1316 949 1402 1016 venii

268 1048 303 1116 in
319 1045 483 1137 Apuliam,
511 1052 544 1116 ei
565 1046 754 1115 Meinlredo
781 1065 854 1116 aum
882 1047 1031 1134 parribus
1056 1047 1281 1135 imperialibus
1306 1046 1399 1116 adiu-

267 1153 367 1214 vante
381 1146 554 1234 Neapolim
571 1145 1083 1234 obsedit,marosperoirouilnm
1100 1146 1266 1236 deposuil,
1285 1145 1398 1216 desem

267 1248 415 1334 paliares
443 1242 619 1332 suspendit
640 1251 673 1312 et
689 1263 767 1315 mox
792 1245 836 1314 ad
864 1244 928 1314 alia
954 1261 993 1312 so
1019 1246 1193 1314 eonverlil.
1220 1241 1319 1314 Anno
1340 1244 1399 1314 do·

266 1345 346 1411 mini
365 1344 536 1412 m.oo.l.iiii
555 1339 747 1413 Alexander
765 1351 902 1432 qaarlus
912 1351 991 1432 pasl
1008 1344 1237 1414 Innoaenlium
1251 1351 1399 1430 quarlun

267 1443 416 1533 eligitur,
445 1450 477 1511 el
502 1443 623 1512 eodem
650 1461 738 1512 anno
765 1461 824 1512 rex
851 1441 1048 1512 chunradus
1075 1460 1233 1512 reversus
1257 1444 1292 1512 in
1317 1441 1399 1512 Ala-

265 1543 431 1610 manniam
442 1544 589 1629 graviter
603 1541 791 1632 infirmatur,
805 1547 907 1630 elper
921 1542 1092 1611 arlisroium
1102 1542 1258 1629 alysieris
1268 1558 1398 1612 veneno

266 1641 439 1710 amediois
463 1661 523 1730 per
538 1642 797 1711 iraudulenaiam
814 1642 962 1710 immisso
987 1641 1172 1710 viseerilrus
1199 1642 1299 1709 vilan
1327 1659 1399 1710 aum

265 1757 370 1826 ragno
401 1743 434 1810 in
462 1742 657 1811 suevorum
690 1741 840 1828 parlibus
873 1731 1091 1809 terminavil².
1127 1738 1227 1808 Cuius
1254 1740 1399 1810 reliolam

264 1839 492 1927 llleynlrardus
509 1858 621 1909 comes
638 1839 771 1926 Tyrolis
783 1838 959 1927 duxil,sed
977 1839 1021 1908 ad
1037 1839 1300 1926 eius-amplexas
1322 1839 1399 1908 nul-

263 1938 395 2005 lalenus
412 1945 463 2007 est
479 1939 644 2008 admissus
660 1940 724 2006 nisi
734 1939 823 2026 prius
841 1938 954 2009 mililie
968 1938 1103 2024 ringula
1117 1939 1396 2028 ungarorumque

266 2053 340 2104 oum
363 2038 505 2106 maxima
524 2037 767 2125 sollempnitate
788 2042 922 2124 peraeto
947 2039 1021 2106 eius
1044 2037 1221 2108 thalamum
1240 2038 1397 2106 inlraivil.

263 2133 470 2204 Meinlredus
486 2143 595 2204 aulem
612 2142 691 2223 pasl
710 2135 876 2204 Clrunradi
896 2143 1034 2206 moriem
1051 2135 1297 2204 Chunradinum
1314 2134 1399 2206 salse

264 2241 425 2302 mortuum
451 2235 647 2323 publicavit,
681 2234 872 2322 Syoilieque
900 2235 964 2302 silri
991 2236 1150 2324 imposuit
1176 2233 1343 2322 dyadema
1367 2239 1400 2302 el

264 2349 434 2418 regense
456 2332 795 2425 Syoilie,lavenlibus
823 2333 885 2402 sibi
914 2334 1048 2424 Siculis,
1077 2333 1270 2405 deelaravil
1295 2331 1397 2404 Olta-

263 2430 365 2500 larus
391 2451 472 2502 vero
498 2433 628 2502 lorlnne
655 2451 804 2501 mensam
830 2434 954 2522 posui,
985 2439 1019 2500 el
1043 2439 1080 2502 ul
1105 2449 1160 2502 res
1186 2450 1227 2500 ao
1252 2433 1399 2502 honoras

263 2531 434 2620 ampliaret
467 2532 712 2602 studiosissime
737 2532 918 2620 laborarii,
946 2530 988 2600 de
1014 2533 1133 2619 prioris
1161 2533 1395 2620 prosperilatis

262 2630 436 2700 conlidens
469 2632 665 2720 aliusnon,
699 2631 886 2700 versiaulos
922 2626 1027 2700 Oralii
1054 2633 1163 2702 animo
1190 2632 1396 2720 revolvebat,

263 2731 319 2817 qui
343 2729 440 2800 dlail:
541 2765 544 2772 «

361 2829 438 2918 „Tu
464 2847 695 2916 quameunque
723 2829 807 2898 deus
835 2828 892 2896 libi
919 2827 1136 2898 lorlunauoril
1159 2829 1275 2899 horam

363 2927 462 2994 Graia
488 2945 583 2995 sume
609 2946 718 3018 mann,
746 2945 809 2995 neo
835 2927 946 2996 duloia
971 2927 1065 2996 diller
1089 2931 1124 2998 in
1150 2923 1309 2997 annual

264 3105 435 3192 Quomodo
460 3106 545 3174 Belo
569 3125 632 3174 rem
661 3108 804 3192 llaparle
820 3107 966 3194 Slprium
989 3106 1213 3196 apprehendit.
1240 3110 1321 3194 cop.
1340 3109 1396 3176 liii.

335 3219 433 3290 Arma
461 3223 585 3292 domini
612 3215 779 3293 m.oa.l.v.³
805 3223 998 3311 Slyrianses
1033 3242 1092 3313 per
1120 3223 1265 3295 nobilem
1291 3225 1397 3294 viram
1505 3223 1506 3234 ’

259 3318 462 3389 Dielmarum
496 3322 538 3390 de
565 3323 771 3390 Weizzenek
796 3322 954 3393 Hainrioo
984 3323 1061 3392 duoi
1084 3323 1238 3392 Bouario
1263 3324 1335 3394 viro
1362 3326 1396 3390 ia

259 3422 356 3505 regni
383 3438 524 3509 corpore
550 3422 672 3490 eelehri
698 3441 760 3492 sue
787 3427 873 3491 lerre
899 3423 1043 3490 offerunt
1067 3424 1296 3512 principatum.
1332 3422 1396 3503 Qui

260 3535 329 3586 rem
356 3519 397 3587 ad
425 3538 579 3588 sooerum
604 3539 700 3590 saum
727 3523 839 3592 Belum
865 3539 978 3608 regem
998 3522 1145 3607 Ungarie
1171 3523 1286 3590 slalur'l
1311 3540 1395 3611 per·

259 3615 428 3687 ier-endam
456 3627 489 3689 et
515 3621 587 3687 eius
614 3621 777 3690 adiutorio
805 3619 1016 3710 luleiendam,
1043 3638 1140 3707 quem
1159 3620 1327 3692 Dielmaro
1356 3639 1395 3690 sa

258 3719 437 3786 eomitante
463 3721 585 3808 reperit
611 3721 644 3788 ia
672 3722 805 3794 airilale
830 3737 895 3807 que
919 3717 1007 3787 Alba
1032 3720 1154 3806 regalis
1179 3719 1310 3808 dioilur,
1336 3720 1394 3788 ubi

133 3837 138 3848 ·
258 3832 357 3902 reges
383 3817 529 3904 Ungarle
556 3827 766 3886 coronanlar.
801 3817 864 3898 Qui
891 3818 1002 3887 listula
1026 3816 1115 3886 dulei
1141 3835 1266 3888 aanens
1292 3819 1394 3888 bonis

293 3968 323 4033 l)
342 3969 435 4038 Spdler
453 3972 592 4037 gednderl:
612 3970 763 4024 chunradus
781 3968 911 4024 Veronam
930 3975 957 4024 el
973 3983 1022 4039 per
1047 3976 1147 4040 parium
1171 3970 1324 4026 Lalezanum
1350 3971 1394 4026 rrlri
1503 4031 1504 4050 p

151 4077 152 4080 ,
255 4037 374 4090 aseendit
390 4052 478 4092 naves.
531 4041 562 4106 2)
580 4039 687 4094 Zusalz:
712 4037 772 4091 alibi
795 4037 915 4093 sarilrilnr
938 4040 1004 4106 quad
1028 4041 1055 4092 in
1080 4041 1174 4110 Apulia
1197 4043 1230 4096 sil
1248 4040 1394 4106 defunctus,

257 4105 418 4172 sepulchrum
445 4109 500 4161 olus
523 4111 550 4188 ia
575 4110 678 4190 ciminia
703 4106 862 4174 Spirensium
888 4108 1083 4188 demonstratur,
1134 4109 1166 4174 3)
1186 4109 1240 4190 ,Die
1263 4109 1318 4162 lrier
1345 4124 1393 4164 aus

254 4170 887 4300 glalgrlsrrcrhseffilirgrhagosrrcrlllrogrffirlffirllsslffahea
907 4175 988 4232 lallen
1004 4175 1142 4232 redenlalls
1160 4176 1248 4232 iruler
1261 4176 1392 4240 nls1255‚
