3044 4882
270 179 341 250 368
596 210 737 258 rouruurs
757 209 963 257 vrercaruusrs.
999 209 1024 276 e,
1042 204 1066 259 tt.

186 349 424 440 inreparabilis
450 347 670 437 pulchritudo.
709 349 867 416 Tentoria
893 365 953 436 per
979 365 1115 438 campos
1142 347 1284 437 elevata,
1312 364 1404 422 scar-

268 451 336 518 leto
364 447 580 537 circumdata,
609 465 683 514 eum
715 450 929 536 operimentis
956 448 1125 518 subselliis
1153 452 1253 534 atque
1280 453 1405 514 strato-

268 551 325 616 riis
351 548 443 616 velut
468 565 581 616 aurum
608 548 763 614 micantia
781 535 988 616 videbantu‘r.
1021 549 1114 616 Putei
1130 547 1220 635 pleni
1235 547 1312 614 vino
1329 564 1405 614 cer-

267 649 353 718 visia
369 646 553 716 elmodane
574 645 616 713 ad
633 645 825 736 potandum,
843 663 965 734 specus
983 648 1108 736 replete
1128 646 1281 714 carnibus
1300 647 1405 734 pisci-

269 748 332 816 bus
369 752 402 814 et
436 745 616 833 frumento,
650 762 755 814 nares
789 751 909 814 onusto
945 747 1124 836 speciebus
1151 746 1339 813 aromaticis
1365 744 1407 813 ad

269 845 463 934 corporales
478 842 663 931 explendas
683 841 821 913 delicias
839 845 1058 915 habebantur.
1086 844 1159 926 Que
1178 844 1311 932 quidem
1326 845 1405 930 glo-

269 948 316 1013 ria
342 952 420 1034 post
445 944 553 1012 becin
572 943 714 1011 favillam
741 944 885 1012 breviter
911 951 963 1014 est
988 945 1137 1014 redacta.
1174 943 1406 1033 Namprcpter

268 1047 401 1134 nuptias
419 1044 551 1113 illicitas
566 1048 599 1110 et
616 1041 736 1112 fastum
750 1044 856 1130 glorie
874 1045 1064 1135 temporalis
1080 1045 1153 1132 ipse
1169 1043 1316 1112 marchio
1333 1044 1407 1112 sine

269 1144 392 1212 herede
410 1143 569 1231 decessit,
598 1149 631 1210 et
649 1141 690 1210 ad
707 1144 877 1230 imperium
899 1150 1001 1212 tolum
1029 1142 1208 1213 dominium
1235 1142 1300 1211 boc
1325 1161 1407 1231 pcr-

269 1245 370 1312 uenit.
407 1242 467 1309 Cui
492 1259 612 1310 versus
640 1239 748 1309 Ovidii
774 1259 954 1330 possumus
979 1245 1141 1331 intonare,
1170 1242 1225 1328 qui
1252 1241 1349 1310 dicit:

367 1341 467 1432 „Non
493 1342 581 1408 viole
608 1358 749 1430 semper,
777 1359 841 1409 nec
868 1340 996 1410 Cintbia
1024 1342 1093 1410 lilia
1121 1341 1250 1431 lloreut,

415 1442 457 1510 Et
483 1441 569 1538 piget
595 1441 717 1509 amissa
743 1442 840 1529 spina
864 1441 980 1510 relicta
1006 1437 1118 1510 rosa.“
1211 1493 1213 1496 -

268 1634 321 1702 De
334 1633 548 1702 coronatione
566 1631 654 1718 repis
671 1631 706 1698 in
719 1629 918 1715 Mediolano,
936 1634 977 1700 de
991 1633 1074 1701 dnce
1091 1612 1221 1700 Anstn'e
1229 1629 1410 1716 Lenpaldo,

369 1733 587 1801 dastnacttone
617 1729 880 1815 Temptarimnm.
1270 1731 1355 1815 Cap.
1380 1745 1408 1795 n.

187 1857 251 1910 terr
341 1844 440 1916 Anno
457 1846 580 1915 damini
601 1847 761 1914 mcccxi.
782 1864 841 1913 rex
861 1847 896 1914 in
917 1844 1044 1916 ltaliam
1060 1852 1156 1935 parat
1177 1848 1250 1914 iter.
1283 1845 1410 1914 Habuit

269 1952 377 2016 autem
399 1964 511 2014 secum
528 1943 737 2033 Leupoldum
753 1942 887 2014 bustric
905 1947 990 2014 inter
1011 1947 1096 2016 alios
1116 1947 1229 2032 magni
1248 1947 1406 2034 nominis,

267 2046 383 2114 fratres
421 2063 500 2114 suos
536 2045 754 2113 Treverorum
790 2045 1076 2134 archiepiscopum
1110 2045 1345 2116 Baldowinum
1374 2043 1407 2113 el

267 2145 469 2213 Walramum
488 2146 649 2234 comitem,
663 2142 888 2212 Laodicnsem
903 2146 1098 2234 episcopum
1116 2147 1408 2231 consanguineum

267 2245 476 2334 clenicam,
504 2245 655 2311 comitem
682 2242 862 2333 Subando,
890 2246 945 2331 qui
972 2262 1120 2313 sororem
1146 2263 1208 2314 sue
1236 2246 1405 2313 consortis
1512 2285 1513 2292 κ

188 2409 192 2426 ,
265 2346 381 2430 regine
407 2343 521 2411 babuit
545 2344 579 2410 in
605 2343 822 2412 matrimonio.
854 2342 917 2412 Hic
942 2345 1071 2413 vicinus
1097 2351 1131 2412 et
1156 2344 1326 2412 familiaris
1343 2343 1407 2411 Li-

265 2444 402 2530 guribus
428 2443 641 2511 necessarius
668 2449 701 2510 et
724 2443 814 2511 utilis
837 2443 973 2511 multum
999 2443 1059 2512 luit
1083 2444 1126 2512 ad
1151 2444 1289 2530 negotia
1317 2461 1407 2511 eon-

266 2542 446 2612 tractanda.
484 2541 624 2624 Quidam
652 2543 750 2610 eliam
778 2543 980 2610 curiositatis
1008 2561 1126 2633 causa,
1155 2542 1288 2630 quidam
1318 2560 1407 2610 con-

265 2644 509 2733 sanguinitatis,
528 2641 661 2729 quidam
677 2642 833 2710 novitatis
855 2647 991 2730 propter
1009 2644 1056 2710 rei
1073 2640 1402 2730 inconsuetudinem,

265 2748 301 2809 ut
317 2742 471 2811 viderent
493 2741 573 2830 quid
597 2741 699 2831 tieret,
728 2741 965 2828 sequebantur.
999 2742 1039 2809 nt
1064 2743 1232 2810 transiens
1250 2711 1295 2809 ad
1308 2758 1409 2809 mon-

226 2901 228 2908 .
267 2847 332 2909 tem
350 2841 451 2931 Iovia,
478 2842 631 2929 pervenit
649 2839 887 2930 Mediolanum,
916 2857 980 2928 que
1008 2849 1060 2910 est
1086 2841 1278 2930 metropolis
1296 2840 1408 2926 Ligu·
1510 2863 1511 2870 ¹

267 2941 325 3008 ria.
361 2939 424 3008 Ubi
451 2939 601 3025 gloriose
628 2945 805 3026 susceptus
830 2939 864 3006 in
890 2941 1035 3009 ecclesia
1054 2940 1143 3008 beati
1161 2937 1329 3008 Ambrosii
1345 2957 1407 3028 per

267 3037 444 3107 Castonem
472 3037 513 3106 dc
531 3038 624 3106 l¹urri
639 3037 929 3106 Mediolanensem
951 3041 1236 3128 archiepiscopum
1253 3057 1329 3108 cum
1345 3056 1407 3106 re·
1509 3125 1510 3136 ἵ

267 3138 347 3224 gina
374 3155 497 3206 corona
524 3139 618 3224 regni
645 3135 753 3205 terrea
779 3143 967 3206 coronatur.

342 3236 410 3304 Sed
437 3239 502 3305 cito
530 3237 739 3306 obnubilatur
765 3235 826 3304 bec
855 3239 1029 3328 serenitas
1057 3238 1136 3324 quia
1163 3238 1302 3324 gloriam
1330 3236 1406 3304 eins

265 3337 299 3402 in
319 3336 544 3424 ignominiam,
573 3336 676 3405 decus
694 3338 727 3403 in
745 3335 968 3426 obprobrium,
996 3337 1156 3406 bonorem
1180 3336 1222 3405 ad
1245 3334 1407 3404 nichilum
1508 3391 1509 3400 ,

265 3442 394 3503 vertere
422 3435 623 3521 cogitabant.
659 3434 740 3504 Nam
767 3437 911 3504 civitatis
937 3436 1190 3524 potentissimus
1215 3433 1333 3505 Gwido
1363 3433 1407 3502 de

267 3535 360 3602 l'urri
391 3553 451 3604 sue
486 3536 689 3603 auctoritatis
720 3536 904 3623 potentiam
931 3537 964 3602 iu
991 3536 1157 3604 civitatem
1183 3533 1406 3604 considerans
1507 3601 1508 3604 ,

266 3635 430 3725 imminui,
467 3640 500 3702 et
526 3652 647 3702 causas
678 3635 796 3702 cirium
830 3642 862 3703 et
894 3635 1037 3703 omnium
1071 3633 1318 3704 adventantium
1343 3650 1409 3721 per

265 3736 496 3822 imperatorem
531 3733 653 3802 indicio
682 3739 714 3802 et
739 3735 865 3802 iustitia
896 3732 1046 3823 dilliniri,
1074 3733 1220 3820 graviter
1250 3730 1407 3801 indoluit.

266 3833 307 3900 Et
341 3835 588 3922 conspiratione
624 3832 713 3901 laeta
747 3839 862 3901 contra
897 3851 1011 3920 regem
1038 3838 1070 3901 et
1097 3851 1196 3924 suos,
1230 3831 1408 3920 dispositis
1506 3885 1507 3896 ,

188 3957 246 3997 rar.
267 3933 416 4001 siccariis
430 3953 491 4022 per
506 3932 624 4001 domos
645 3940 678 4000 et
693 3932 835 4021 plateas,
847 3934 1081 4022 imperatorem
1102 3939 1135 4001 et
1153 3949 1269 4001 omnes
1289 3947 1409 3999 secum

201 4013 233 4066 ¹²
268 4033 452 4101 existentes
479 4034 640 4121 perimere
667 4031 880 4102 machinatur.
921 4033 1104 4121 Imperator
1129 4032 1332 4121 premunitus
1362 4029 1409 4096 ad

268 4149 357 4199 arma
384 4131 558 4221 convolat,
592 4150 652 4220 per
678 4130 858 4219 platearum
886 4133 1059 4218 augrrstias
1087 4130 1129 4200 ad
1157 4131 1299 4200 civitatis
1324 4129 1408 4217 pla-

267 4231 380 4298 nitiem
403 4250 501 4319 quiam
523 4231 669 4300 Paltmrm
690 4229 805 4298 dicunt
821 4237 987 4320 properat,
1016 4238 1049 4300 et
1069 4232 1139 4301 suis
1156 4227 1409 4301 accurrentibus
