3002 4880
280 171 326 240 50
593 202 737 248 33333333
758 202 795 248 on
816 203 914 250 cnsrrs
935 203 1102 250 rnrrcrruu.

198 354 265 408 rara
278 339 424 407 lentibus
449 341 621 430 imperare,
649 341 787 409 induas
807 347 918 429 partes
937 357 1014 408 mox
1035 345 1194 428 ceperant
1211 339 1394 408 claudicare.

279 436 429 519 Quadam
463 440 616 508 civitates
648 446 682 509 et
713 440 846 508 nobiles
880 440 953 526 regi
985 437 1150 507 Ludwieo
1189 439 1393 524 adheserunt;

278 537 414 624 quidam
438 535 587 606 Australi
596 561 604 626 ;
632 539 766 627 quidam
792 539 834 607 de
861 539 994 608 duobus
1017 538 1155 625 regibus
1178 539 1328 607 volentes
1353 537 1393 605 rei

278 639 400 705 exitum
417 638 602 728 prestolari,
620 641 729 707 neutri
745 638 958 727 adheserunt,
981 637 1077 704 ethii
1096 637 1280 706 consultius
1295 653 1395 723 agen·

276 741 340 806 tes,
383 736 528 804 Dillicilc
563 738 649 805 enim
677 739 820 806 servitur
845 738 977 806 duobus
1004 736 1167 826 dominis,
1194 755 1269 806 nam
1295 738 1323 803 si
1346 735 1396 801 uni

277 834 504 924 adhesissem,
531 854 610 904 mox
636 836 773 905 alterius
801 838 940 923 gratiam
966 835 1202 924 perdidissent.

351 934 433 1002 Cum
457 936 558 1021 igitur
584 942 663 1023 post
683 937 881 1005 electionem
907 933 1075 1003 Australis
1096 952 1170 1002 cum
1186 934 1314 1022 paucis,
1339 931 1395 998 hoc

277 1039 330 1101 est
348 1034 405 1101 vix
424 1051 498 1101 oum
517 1053 584 1102 xxx
605 1036 697 1126 viris,
723 1038 757 1103 in
780 1029 936 1104 civitatc¹
943 1085 1016 1103 .....
1041 1034 1075 1101 in
1094 1051 1207 1120 regem
1230 1035 1321 1100 esset
1342 1047 1397 1098 oo-

276 1139 413 1200 ronatus
436 1132 660 1222 abepiscopo
682 1134 895 1225 Coloniensi,
923 1133 1107 1201 Ludwicus
1132 1149 1191 1200 ren
1214 1128 1397 1216 digrediens

276 1230 318 1299 dc
352 1230 493 1299 Colonia
527 1249 600 1299 cum
635 1235 784 1303 maximo.
806 1235 972 1320 exercitu,
1000 1232 1057 1318 qui
1083 1233 1193 1320 ipsum
1218 1227 1398 1298 Australem

275 1328 401 1397 ibidem
434 1329 476 1398 de
512 1328 602 1398 sacili
635 1331 827 1400 obsedisset
859 1338 893 1400 et
925 1330 1160 1399 nichilominus
1188 1330 1218 1398 si
1243 1329 1399 1398 voluisset

276 1429 386 1516 ipsum
409 1430 611 1517 captivitatis
628 1432 764 1499 vinculo
781 1432 1018 1520 mancipasset.
1046 1429 1114 1497 Sed
1132 1428 1323 1496 inconsulte
1340 1443 1398 1514 pc-

275 1529 383 1615 percit
408 1531 449 1596 ei.
474 1529 512 1596 ln
539 1547 606 1616 quo
632 1531 769 1598 multum
795 1548 833 1598 se
860 1531 982 1599 dicitur
1001 1528 1208 1618 neglexisse,
1235 1527 1400 1614 quiapcst

198 1646 258 1686 nnc.
276 1644 449 1696 recessum
476 1630 548 1696 eius
576 1632 702 1719 recepit
731 1647 769 1698 se
796 1631 989 1698 incivitate
1018 1627 1125 1695 Saesa
1138 1619 1160 1716 ²,
1187 1625 1245 1694 ubi
1272 1622 1400 1693 cottidie

281 1728 500 1795 excrescebat
525 1729 598 1796 eius
625 1731 803 1817 exercitus,
830 1735 864 1796 et
889 1733 1047 1816 quantum
1072 1726 1180 1814 potuit
1200 1722 1400 1792 multitudiue

276 1825 473 1894 bellatorum
507 1844 545 1894 33
576 1829 746 1918 muniens,
773 1845 816 1894 nc
843 1834 957 1896 comra
982 1843 1097 1910 regern
1122 1823 1321 1892 Ludwicum
1347 1839 1402 1890 sua
1488 1893 1489 1898 ,

276 1940 401 1991 cornua
435 1924 599 1992 exaltaret
632 1931 665 1994 ct
697 1928 806 2014 ipsum
845 1927 1074 1994 vehementius
1108 1925 1321 2011 impugnaret
1352 1918 1400 1986 vcl
1487 1930 1488 1946 ³

274 2023 430 2090 atrocius.
481 2021 544 2090 llic
575 2023 654 2092 ideo
687 2042 807 2113 nempe
840 2024 1047 2093 confortatus
1075 2021 1287 2091 occidentem
1313 2018 1401 2106 regni

275 2121 365 2208 cepit
391 2138 552 2208 occupare
578 2129 613 2190 et
637 2141 790 2210 quasque
817 2126 970 2192 civitates
998 2122 1061 2190 sibi
1087 2120 1263 2210 attrahere,
1292 2127 1329 2188 ut
1345 2135 1400 2186 sue

274 2218 418 2288 subiciat
434 2218 563 2288 ditioni.
578 2220 760 2290 Ludwicus
775 2239 834 2290 rex
847 2225 1007 2292 orientem
1023 2219 1218 2310 possidens,
1239 2225 1272 2287 et
1290 2233 1400 2288 ornnes

276 2319 428 2385 civitates
447 2337 467 2386 3
488 2317 627 2388 Colonia
650 2311 780 2408 usque³
799 2320 841 2389 ad
864 2324 1029 2390 civitatem
1051 2317 1240 2406 Augustam
1257 2335 1322 2386 sue
1341 2335 1401 2407 pa-

275 2424 350 2484 rem
380 2419 518 2505 imperio
554 2424 587 2486 et
613 2437 729 2487 secum
759 2437 867 2507 usque
899 2420 999 2490 hodie
1025 2423 1255 2508 perseveram.
1289 2418 1332 2486 Et
1357 2416 1402 2482 sic

273 2532 334 2606 per
360 2515 446 2584 duos
472 2535 574 2603 reges
600 2535 740 2606 regnum
766 2519 984 2607 calumpniam
1010 2521 1132 2606 patitur
1155 2523 1189 2584 ct
1214 2518 1403 2585 scissuram.

347 2615 470 2683 Verum
487 2615 648 2687 Rudollus
666 2617 734 2686 dux
750 2618 903 2686 Bawarie
920 2637 993 2686 curn
1012 2635 1116 2685 uxore
1134 2633 1196 2684 sua
1208 2611 1402 2684 Maahthildl

223 2751 226 2758 ι
274 2713 410 2783 diabolo
428 2717 610 2801 instigante
630 2717 741 2784 adhuc
759 2735 832 2786 cum
849 2735 930 2803 rege
951 2715 1113 2785 Ludwieo
1132 2713 1230 2782 lratre
1253 2732 1317 2783 suo
1339 2729 1403 2781 non

274 2811 397 2880 desinit
423 2813 628 2882 discordare.
655 2813 718 2896 Qui
744 2817 865 2884 timens
889 2825 1024 2904 propter
1045 2815 1164 2882 malam
1189 2813 1400 2900 voluntatem,

220 2910 222 2914 ’
274 2928 372 2997 quam
398 2911 441 2978 ad
467 2913 611 2980 invicem
637 2914 831 3005 habueram,
858 2917 1010 2984 Bawarie
1038 2914 1101 2982 sibi
1127 2913 1298 2981 introitum
1324 2928 1401 3000 pro-

273 3008 412 3098 hiberet,
441 3015 517 3078 ame
543 3013 652 3099 ipsum
679 3016 881 3101 quantocius
906 3015 1105 3103 properavit,
1133 3019 1167 3080 et
1185 3029 1259 3079 curu
1280 3008 1402 3097 Augu-

274 3113 359 3174 stam
380 3112 604 3202 pertransiret,
631 3117 800 3200 persuasit
819 3113 943 3182 ibidem
966 3113 1094 3182 civibus
1119 3117 1152 3179 et
1170 3110 1403 3180 nichilominus

273 3223 419 3296 rogans,
446 3215 481 3276 ut
513 3208 646 3279 lratrcm
672 3231 768 3282 suurn
795 3230 862 3280 ncn
888 3213 1051 3280 haberem
1073 3226 1134 3300 pre
1161 3227 1259 3299 rege,
1288 3209 1352 3277 scd
1377 3207 1404 3275 si

273 3321 342 3371 non
375 3305 480 3374 velim
512 3308 653 3378 salutem
680 3313 845 3400 propriam
872 3312 1045 3397 negligere
1053 3363 1063 3400 ,
1090 3310 1197 3395 magis
1224 3309 1259 3375 iu
1285 3307 1405 3376 ducem
1490 3329 1491 3380 r

272 3398 409 3471 Austrie
433 3411 670 3478 consentirent
695 3411 737 3478 Et
758 3413 809 3478 sic
829 3409 952 3497 ubique
980 3411 1089 3498 ipsum
1112 3412 1270 3496 quantum
1299 3407 1404 3497 potuit

272 3501 456 3590 impedivit.
485 3504 553 3574 Sed
577 3509 652 3595 ipsa
677 3511 792 3577 civitas
819 3527 919 3597 super
941 3510 1004 3576 hac
1019 3527 1053 3576 re
1072 3510 1180 3595 ipsum
1198 3505 1315 3575 audire
1336 3521 1403 3573 no-

271 3601 333 3668 luit
347 3602 412 3669 ista
428 3604 513 3672 vice.
541 3604 685 3674 Posthac
711 3609 897 3675 Bawariam
924 3611 1050 3675 intrans
1069 3607 1196 3694 recepit
1211 3623 1248 3672 33
1270 3605 1305 3672 in
1321 3605 1403 3672 Mo-

272 3718 376 3793 uacc,
409 3700 465 3768 ubi
492 3703 624 3789 quidam
650 3704 692 3772 de
719 3708 851 3774 civitate
879 3707 943 3774 sibi
970 3709 1076 3793 magis
1102 3705 1276 3794 lavabam,
1306 3721 1405 3792 quam

273 3803 356 3885 regi.
382 3797 479 3880 Quod
505 3807 711 3872 tamennon
738 3807 841 3873 cessit
868 3807 918 3873 eis
944 3808 978 3873 iu
1004 3806 1137 3895 bonum,
1164 3806 1242 3891 quia
1263 3803 1404 3888 iubente

271 3915 353 3984 rege
373 3917 414 3966 ac
433 3917 470 3966 se
495 3901 696 3993 vindicante,
725 3904 939 3991 quorumdam
966 3904 1145 3972 demusin
1173 3904 1318 3988 civitate,
1347 3902 1405 3988 qui

273 3999 346 4064 eius
381 3999 461 4066 iram
493 4001 719 4092 merebamur,
747 4001 925 4091 dilapidato
952 4010 1031 4072 sunt
1055 4006 1188 4093 penitus
1216 4007 1249 4069 et
1275 4019 1406 4070 everse.

307 4148 337 4214 l)
357 4148 446 4202 Bunna
465 4151 540 4206 sollte
559 4165 589 4205 es
606 4151 724 4220 heisscn,
750 4153 813 4206 doch
833 4153 894 4209 lehlt
913 4155 968 4209 dies
986 4159 1051 4208 wort
1068 4155 1167 4209 sowohl
1185 4157 1212 4208 in
1231 4155 1277 4208 der
1294 4155 1333 4212 hs.
1354 4157 1406 4209 wie

271 4214 313 4270 bei
332 4213 430 4271 Oelcle.
465 4219 496 4284 2)
516 4220 590 4275 Selsa
608 4220 684 4275 sollte
702 4235 731 4277 es
749 4222 862 4277 heissen.
898 4225 929 4290 3)
949 4224 1102 4278 Coloniam
1120 4224 1152 4279 ad
1170 4225 1208 4278 hs.
