3028 4878
434 249 582 296 ronnnnres
603 248 815 296 vrorcnrurrsrs.
850 244 875 312 6,
893 247 919 298 r.
1172 217 1238 287 osi

106 388 239 477 quidam
256 387 370 455 villani
387 387 575 477 veniebant,
603 391 639 454 ut
657 404 773 455 omnes
790 388 900 476 pullos
924 385 1161 474 conducerent,
1189 385 1245 471 qui
1262 391 1330 447 raas

108 507 167 559 cas
194 487 414 573 deglutirent3
442 485 561 554 dantes
587 485 644 552 uni
669 486 724 553 vel
749 487 898 574 pluribus
925 504 989 554 ova
1014 484 1246 575 provenientia

108 606 150 655 ex
169 586 313 673 gallicia,
341 591 377 652 ut
390 583 432 652 ad
446 584 511 652 hoc
525 602 610 672 opus
630 583 800 652 efficacem
818 585 1022 672 diligentiam
1040 582 1244 651 adhiberent.

109 684 206 765 Quod
233 685 311 752 licet
337 685 405 751 risu
432 683 569 770 dignum
596 685 656 772 sit,
685 690 792 750 tamen
821 684 960 751 lruotum
986 701 1053 751 non
1080 681 1246 748 modicum

107 785 260 852 ruricolis
279 781 449 850 allerebat.
482 783 543 850 Per
559 787 627 849 tres
646 799 753 849 annos
771 784 948 851 continuos
963 782 1005 849 de
1024 783 1092 849 suis
1110 779 1245 848 latebris

108 885 269 970 exierunt,
298 889 332 948 et
354 884 438 949 circa
457 880 596 948 candem
614 887 740 968 partem
757 884 835 949 anni
853 884 943 950 iuxta
963 881 1071 965 magis
1089 886 1122 946 et
1138 881 1246 946 minus

107 989 195 1049 terre
218 981 366 1065 germina
389 985 612 1047 vastaverunt.
640 977 764 1058 Quarto
782 999 869 1048 anno
888 1000 906 1047 a
923 979 1098 1068 rapacibus
1115 978 1245 1066 avibuS,

108 1081 246 1148 ciconiis
275 1079 464 1146 cornicibus
492 1079 615 1146 sturnis
643 1083 676 1144 et
702 1078 743 1145 ab
762 1079 835 1146 aliis
853 1079 1055 1164 irrgluviosis
1076 1075 1246 1144 devoran-

108 1185 170 1268 tur,
189 1181 222 1245 ln
240 1178 401 1263 reliquum
419 1195 486 1244 non
509 1184 681 1246 venerunt.
708 1176 780 1244 Hec
796 1177 855 1245 luit
868 1184 987 1246 octava
1003 1176 1104 1264 plaga
1123 1175 1246 1262 Egyptl

108 1278 207 1364 olim,
236 1295 301 1363 qua
329 1282 361 1342 et
387 1281 501 1343 noster
535 1275 618 1342 deus
654 1276 749 1342 huius
785 1275 897 1344 mundi
932 1274 1140 1343 obtenebrati
1167 1274 1247 1339 vitia

108 1374 253 1443 creditur
288 1376 484 1442 correxisse.
526 1373 576 1441 Do
611 1374 729 1462 quibus
758 1374 874 1443 dacem
900 1374 1009 1462 plagis
1037 1372 1248 1441 metrificator

107 1475 268 1560 egregius
294 1474 340 1540 ita
366 1473 460 1540 dicit:

209 1573 340 1662 „Prima
365 1572 489 1639 rubens
516 1571 616 1660 unda,
643 1589 793 1640 ranarum
819 1573 920 1661 plaga
947 1571 1107 1662 secunda,

235 1669 316 1738 lude
343 1671 440 1738 culex
467 1672 581 1761 tristia,
608 1676 684 1758 post
711 1688 827 1738 musca
852 1673 1000 1740 nocivior
1025 1672 1110 1760 istis,

234 1768 357 1849 Quinta
382 1787 487 1858 pecus
515 1771 642 1856 stravit,
668 1771 816 1837 vesicam
842 1776 939 1839 sexta
964 1771 1098 1858 creavit,

234 1867 315 1935 Inde
343 1867 431 1936 subit
456 1867 595 1957 grando,
622 1874 701 1955 post
727 1869 849 1938 brucus
876 1870 977 1937 dente
1006 1866 1162 1955 nefando,

234 1966 331 2034 Nona
358 1968 441 2052 tegit
468 1967 584 2056 solem,
611 1968 748 2054 primam
775 1975 872 2035 necat
896 1969 1011 2036 ultima
1037 1960 1199 2054 prolem.“

110 2065 183 2132 Hoc
217 2083 305 2134 anno
338 2067 466 2133 translit
499 2083 541 2132 ex
570 2064 692 2133 mundo
732 2066 933 2134 venerabilis
971 2067 1338 2154 arclriepisccpusmm.

111 2164 387 2249 salczburgensis
413 2163 618 2253 blidericus,
653 2166 709 2250 qui
735 2164 812 2232 dum
839 2185 859 2232 a
884 2185 969 2253 papa
997 2165 1145 2233 lobanne
1172 2169 1246 2230 sta·
1282 2145 1316 2198 ³⁰

111 2270 216 2331 tutum
231 2264 459 2350 processisset
483 2268 598 2330 contra
614 2281 778 2351 personas
795 2265 980 2350 regularem
1003 2262 1248 2352 professionem

113 2379 181 2430 non
208 2361 388 2451 babentes,
417 2368 615 2430 conventum
650 2361 833 2449 puellarum
859 2365 892 2431 ln
921 2363 1078 2430 suburbio
1107 2360 1248 2428 civitatis

108 2461 340 2549 Frysaccnsis,
369 2479 433 2546 que
455 2460 496 2527 ab
516 2461 659 2528 ecclesia
679 2459 830 2528 Mauricii
850 2461 1056 2528 Mauriciano
1074 2459 1249 2527 vocaban-

113 2567 184 2650 tur,
219 2558 261 2627 ad
296 2558 542 2648 professionem
576 2559 778 2626 canonicalis
813 2561 928 2645 regulo
955 2560 1043 2627 boati
1068 2556 1249 2644 Augustini

110 2658 297 2746 transtulit,
323 2675 445 2725 novom
472 2658 707 2725 monasterium
738 2660 932 2745 construxit,
960 2664 1155 2746 proventum
1183 2654 1249 2723 ad-

110 2758 208 2846 iecit,
236 2757 298 2824 sub
320 2757 414 2824 titulo
433 2757 576 2824 nominis
597 2755 694 2824 beate
713 2756 817 2824 lllarlc
834 2756 1036 2843 Magdalene
1055 2761 1250 2822 structuram

111 2874 233 2926 novam
251 2854 293 2923 dc
305 2863 416 2924 cetero
433 2855 622 2944 appellavit.
649 2853 708 2923 Cui
729 2856 892 2924 successit
908 2855 1083 2923 Heinricus
1109 2853 1250 2922 ecclesie

110 2955 219 3043 ipsius
247 2955 448 3041 canoniam,
475 2955 526 3021 vir
551 2956 584 3021 in
611 2953 793 3044 disciplinis
819 2954 1013 3022 liberalibus
1041 2953 1201 3022 eruditus.

186 3052 262 3121 Hoc
279 3053 376 3120 etiam
394 3051 553 3121 annoluit
565 3055 754 3140 persecutio
767 3053 943 3122 Iudeorum
962 3055 995 3121 in
1011 3053 1152 3120 divorsis
1170 3068 1251 3139 par-

112 3152 213 3241 tibus,
239 3153 275 3218 in
300 3149 435 3220 Austria
452 3152 605 3218 Bouaria
621 3151 792 3219 Karinthla
819 3159 852 3219 et
877 3155 910 3219 in
936 3149 1040 3240 Reno,
1068 3169 1108 3219 ac
1125 3155 1159 3218 in
1177 3150 1251 3217 allis

113 3251 279 3319 Teutonis
298 3249 418 3318 finibus
435 3251 701 3337 circumquaque.
738 3250 920 3318 Thesaurls
938 3250 1035 3318 bonis
1051 3250 1167 3316 litteris
1187 3265 1252 3315 co-

114 3369 184 3417 rum
213 3349 356 3438 spoliati,
384 3349 547 3417 submersi
574 3350 682 3416 exusti
713 3350 901 3437 precipitati
928 3350 1104 3416 eviscerati
1131 3350 1252 3414 misere

113 3450 295 3537 perierunt.
327 3446 363 3514 ln
391 3447 540 3535 pluribus
565 3447 649 3516 locis
676 3452 831 3515 terrarum
858 3449 1024 3535 principes
1053 3465 1113 3514 eos
1141 3464 1252 3532 ‹pran-

113 3555 180 3615 tum
196 3553 352 3634 poterant
368 3545 597 3614 defenderunt,
631 3544 781 3614 Christus
800 3547 884 3613 enim
906 3564 997 3612 suam
1021 3563 1155 3613 causam
1174 3546 1252 3610 vln-

114 3646 248 3713 dicavit.
290 3643 374 3724 Quia
408 3647 441 3711 in
477 3643 579 3732 opido
605 3641 740 3711 Austrie
767 3643 857 3731 quod
883 3638 1030 3711 Prulrlra¹
1057 3643 1191 3731 dicitur,
1220 3647 1253 3708 et

114 3746 148 3813 in
176 3745 308 3811 civitate
342 3742 511 3810 llarintbie
545 3761 609 3830 quc
635 3742 831 3831 Wollsperg
856 3748 1008 3828 vocatur,
1038 3759 1158 3828 corpus
1185 3738 1252 3808 clo-

114 3843 194 3911 rnini
222 3843 271 3910 eis
298 3841 450 3909 traditum
476 3860 583 3928 usquc
610 3841 654 3910 ad
674 3843 743 3909 veri
771 3843 947 3927 sanguinis
967 3841 1144 3908 stillamina
1170 3857 1252 3927 por-

116 3943 268 4030 fixerunt,
296 3945 329 4008 et
356 3940 505 4008 candelis
533 3941 695 4028 appositis
722 3941 930 4010 adusserant.
965 3940 1151 4006 Christiane
1176 3937 1253 4005 fidei

115 4040 339 4108 constantiam
366 4037 586 4127 adaugentes
615 4045 764 4107 eternum
792 4039 854 4106 sibi
875 4039 1085 4126 obprobrium
1112 4036 1252 4104 adiece-

116 4144 200 4227 runt,
221 4143 255 4206 et
272 4137 453 4205 innumeris
471 4138 636 4207 miraculis
654 4140 688 4206 in
702 4143 911 4207 sacramento
929 4136 1144 4224 radiantibuS,
1171 4154 1253 4204 ver-

149 4256 180 4322 l)
198 4255 250 4309 Pez
268 4254 322 4322 will
340 4252 396 4307 bier
411 4252 495 4306 Pulla
512 4257 595 4309 lesen.
