3002 4880
258 188 306 258 ta
572 215 715 262 cunourcx
738 214 775 258 or
797 215 897 260 cusrrs
918 214 1087 261 rxrucrruu.

176 361 296 423 talant
328 355 447 424 estimo
481 356 631 443 peccatis
666 353 898 442 exigentibus,
934 352 1035 421 corda
1061 352 1255 438 eligentium
1281 368 1393 438 regem

183 448 242 489 ocu.
259 457 294 523 in
320 459 447 521 lantum
473 453 634 522 discrevit
659 454 781 541 pariter
808 458 841 519 et
866 451 1039 542 disiunxit,
1070 451 1161 538 quod
1186 469 1245 540 per
1270 452 1394 519 nullum

260 553 394 622 modum
420 555 455 619 in
483 554 648 620 electione
676 553 709 618 in
735 569 833 618 unam
860 568 1039 639 personam
1069 555 1225 638 poterant
1250 566 1395 618 concor-

261 652 351 743 dare,
379 650 471 739 quod
496 654 612 740 utique
639 649 815 718 multorum
841 650 1002 717 malorum
1030 650 1262 717 seminativum
1288 647 1361 718 fuit.

334 752 436 819 Porro
463 753 633 839 principes
660 767 723 818 seu
750 749 915 817 electores
943 766 1017 816 curn
1041 749 1075 816 in
1088 747 1332 816 Franlrhenlurt
1355 747 1396 816 ad

262 849 443 920 creandum
470 867 585 936 regern
611 866 703 916 more
725 849 826 916 solito
851 849 1102 937 convenissent,
1129 846 1310 915 Ludwicus
1328 846 1395 915 dux

259 951 413 1018 Bawarie
449 953 483 1015 et
515 947 703 1016 Fridericus
736 946 805 1015 dux
837 943 972 1014 Austrie
999 947 1146 1014 certatim
1173 963 1247 1014 cum
1273 965 1397 1033 magna

261 1050 417 1117 comitiva
442 1046 521 1115 illuc
547 1049 647 1116 etiam
672 1051 903 1136 properantes,
931 1044 1000 1113 dux
1024 1046 1178 1113 Bawarie
1204 1047 1333 1134 recepit
1359 1063 1396 1113 se

259 1147 473 1236 incivitate,
512 1145 580 1215 dux
604 1143 739 1214 Austrie
775 1150 866 1214 extra
898 1161 1010 1213 muros
1037 1143 1156 1212 dicitur
1181 1147 1397 1215 remansisse.

262 1244 342 1314 Cum
370 1250 487 1313 essent
512 1245 614 1331 igitur
638 1244 673 1311 in
699 1250 775 1313 actu
803 1243 966 1330 eligendi:
990 1243 1192 1312 venerabilis
1210 1243 1399 1312 Colonien-

262 1346 310 1412 sis
349 1346 549 1434 episcopus,
575 1340 738 1412 Rudolius
764 1344 903 1411 illustris
930 1342 999 1411 dux
1022 1343 1195 1432 bawarie,
1222 1344 1257 1411 in
1282 1361 1399 1429 regem

259 1442 459 1511 Friderioum
496 1442 614 1511 ducem
647 1439 783 1511 Austric
817 1443 1002 1529 elegerunt.
1062 1439 1126 1522 oui
1158 1443 1293 1528 inquam
1328 1441 1399 1511 dux

259 1540 422 1611 lludolius
449 1541 579 1610 fiunem
606 1559 702 1610 suum
728 1543 835 1610 noluit
860 1542 997 1630 eligere,
1026 1546 1166 1628 accepta
1188 1545 1264 1609 ante
1287 1560 1306 1608 a
1328 1541 1398 1609 du-

261 1642 356 1710 cibus
391 1639 527 1710 Austria
569 1643 714 1731 pecunia
749 1642 907 1731 copiosa,
940 1639 994 1708 vel
1027 1639 1113 1707 adeo
1148 1641 1226 1726 quia
1260 1640 1397 1728 pondus

260 1739 359 1810 huius
387 1742 560 1827 regiminis
587 1740 699 1808 multis
726 1739 768 1808 de
795 1741 907 1807 causis
930 1737 1020 1806 fratri
1043 1756 1105 1806 suo
1130 1739 1241 1806 sciens
1261 1741 1397 1808 minime
1496 1790 1497 1807 1

261 1839 430 1928 expedire.
483 1838 551 1906 Sed
583 1856 661 1926 pars
698 1839 811 1906 sanior
839 1838 893 1906 vel
918 1837 1052 1928 melior,
1081 1839 1168 1904 siout
1192 1839 1397 1906 venerabilis

262 1940 443 2026 episcopus
477 1937 719 2028 bloguntinus,
753 1938 936 2026 episcopus
970 1937 1203 2018 Treverensis‚
1237 1954 1296 2005 rex
1321 1938 1398 2006 Bo·
1496 1990 1497 2002 ,

260 2035 390 2123 hemie,
424 2041 458 2104 et
483 2035 617 2123 quidam
647 2036 702 2104 alii
729 2036 905 2123 elegerunt
931 2035 1051 2104 ducem
1075 2036 1238 2103 Bawarie.
1289 2033 1398 2116 Quem

261 2151 335 2203 curn
366 2136 401 2202 in
434 2152 551 2220 regem
584 2135 824 2226 proiecissent,
859 2153 937 2204 mox
967 2138 1038 2202 tota
1065 2135 1183 2202 civitas
1209 2133 1397 2223 tripudians

262 2238 296 2301 et
321 2233 494 2323 exultans,
531 2235 610 2320 quia
644 2252 776 2322 semper
803 2235 833 2302 ei
860 2234 994 2303 adhesit
1024 2234 1081 2321 pio
1114 2232 1247 2325 lavore,
1274 2233 1397 2303 laudes

260 2333 404 2402 Domino
429 2330 602 2400 relerebat.

336 2429 411 2512 Quo
446 2430 534 2499 lacto
571 2431 639 2500 dux
675 2425 810 2498 Austrie
844 2429 1038 2516 intelligens
1072 2448 1110 2499 se
1141 2432 1332 2518 neglectum
1358 2435 1396 2501 in

262 2529 437 2620 electione,
465 2529 565 2598 dixit:
591 2547 628 2598 se
648 2527 691 2595 od
713 2527 765 2596 bis
787 2527 989 2614 principibus
1010 2530 1086 2614 fore
1109 2529 1271 2615 delusum,
1297 2532 1398 2600 etad

261 2631 309 2698 eis
337 2631 490 2698 inionem
513 2633 546 2697 et
568 2629 784 2714 preludict'om
809 2628 992 2713 pertulisse.
1043 2629 1215 2698 Frendens
1243 2636 1276 2698 et
1299 2630 1396 2699 indi-

261 2746 371 2815 gnans
397 2730 597 2816 intempeste
624 2728 734 2795 noctis
762 2727 896 2795 silentio
924 2745 996 2795 cum
1024 2730 1095 2796 suis
1123 2729 1203 2796 abiit
1222 2734 1255 2796 ct
1271 2747 1395 2798 reces-

262 2829 328 2917 sit,
364 2825 538 2895 conlidens
579 2827 613 2893 in
654 2825 864 2894 multitudine
899 2824 1086 2896 divitiarum
1127 2845 1260 2895 suarum
1295 2833 1329 2896 et
1359 2831 1396 2898 in

260 2925 397 2992 brachio
432 2923 634 2993 fortitudinis
670 2941 731 2992 sue
758 2923 842 2992 dixit
866 2925 953 2992 intra
979 2943 1034 2994 se:
1060 2927 1131 2994 Etsi
1147 2927 1225 3007 jem
1247 2926 1395 3010 froude-

261 3026 312 3090 lus
327 3040 399 3090 sum
418 3041 567 3110 orepoo,
582 3027 690 3090 tumeo
707 3024 875 3090 metretum
890 3024 989 3109 illem,
1012 3029 1045 3092 et
1058 3029 1181 3111 posteo
1197 3025 1298 3093 libere
1317 3027 1396 3095 mibi

259 3122 427 3207 imperium
448 3121 624 3207 usurpabo.
649 3121 818 3190 Estimans
845 3122 945 3214 illurn,
972 3123 1132 3192 videlicet
1156 3142 1270 3210 regem
1296 3124 1396 3194 Lud-

260 3221 399 3310 wicum,
425 3221 483 3288 vix
509 3223 552 3288 ad
578 3238 701 3288 annum
727 3220 896 3290 dimidium
927 3225 982 3290 vel
1007 3225 1173 3308 integrum
1198 3241 1303 3312 posse
1331 3225 1396 3293 sibi

260 3319 438 3408 resistere,
470 3322 610 3387 maxime
646 3337 720 3387 cum
750 3323 785 3389 in
810 3326 962 3410 prompta
987 3323 1133 3410 pecunia
1159 3327 1192 3388 et
1218 3322 1292 3390 aliis
1320 3325 1395 3410 regi

259 3419 464 3484 necessariis
498 3419 541 3485 sit
572 3419 681 3486 tenuis
718 3423 751 3485 et
782 3420 888 3488 exilis
939 3420 989 3488 Ex
1023 3439 1091 3508 quo
1116 3422 1270 3490 virtutem
1297 3423 1395 3510 regni

258 3517 366 3604 ipsius
394 3516 568 3602 contingat
591 3517 749 3586 inlirmari
776 3520 890 3607 cicius,
910 3523 943 3586 et
963 3538 1023 3607 per
1044 3537 1258 3607 consequens
1282 3523 1394 3609 ipsum

254 3617 323 3699 jam
349 3631 418 3682 non
444 3632 504 3703 pro
530 3632 611 3701 rege
638 3615 700 3684 sed
724 3634 785 3705 pro
807 3617 965 3702 neglecto
990 3618 1031 3685 ab
1055 3619 1209 3687 omnibus
1237 3622 1394 3708 reputari.

258 3713 331 3782 Hec
358 3731 432 3782 cum
457 3713 649 3805 recederet,
677 3717 848 3801 cogitavit.
898 3716 991 3784 Deus
1018 3724 1128 3786 autem
1155 3720 1211 3805 qui
1238 3720 1395 3807 superbis

258 3814 386 3880 resistit
420 3811 599 3880 humilibus
632 3821 743 3882 autem
778 3814 863 3882 dans
898 3817 1053 3907 gratiam,
1087 3817 1193 3884 electo
1228 3835 1290 3885 suo
1320 3819 1394 3905 regi

257 3911 421 3981 Ludwico
449 3929 581 4000 semper
613 3913 781 3999 ingratia
815 3913 909 3981 alluit
942 3921 976 3984 et
1010 3916 1153 4005 auxilio,
1181 3915 1337 4004 providet
1363 3919 1394 3985 ei

175 4069 178 4074 .
256 4009 407 4096 largillue
434 4011 467 4078 in
503 4011 690 4099 sumptibus
718 4018 750 4079 et
776 4015 946 4100 expensis.
973 4013 1041 4082 Sed
1068 4033 1190 4101 magna
1216 4015 1394 4084 multitudo

256 4107 423 4177 bominum
441 4115 474 4177 et
491 4127 652 4197 equorum
673 4111 769 4180 ducis
788 4109 933 4203 Austrie,
962 4132 1035 4181 oum
1059 4121 1177 4182 essent
1201 4115 1235 4182 in
1259 4115 1393 4182 Frank-

256 4205 398 4298 henlurt,
425 4207 521 4277 lamis
548 4208 660 4278 inedia
685 4212 863 4300 perierunt,
