3028 4878
248 181 321 249 bob
595 209 736 254 rcnxruas
758 207 956 254 vrcrcnrxusrs
1000 205 1024 273 6,
1047 207 1086 260 lb.

165 367 232 419 lsto
248 349 447 435 imperatore
482 349 515 413 in
543 347 674 414 civitate
701 345 896 414 Monacensi
930 347 1059 415 comitis
1091 363 1212 415 nomen
1247 350 1385 436 accepit,

249 463 355 532 seque
382 444 424 513 de
452 445 579 533 Cyleya
605 448 816 533 nuncupavit.
850 444 914 526 Qui
938 446 1034 514 locus
1056 445 1133 515 clim
1158 443 1268 514 Artori
1296 448 1385 532 regis

249 553 397 632 tempore
433 544 553 612 dicitur
588 546 620 611 in
655 546 821 614 exercitiis
856 545 1049 613 militaribus
1077 546 1260 635 claruisse,
1289 562 1384 632 quom

248 661 307 711 rcx
326 642 493 729 Rugcrum
518 641 702 734 Odovacer
717 643 795 711 olim
817 661 964 731 pergens
986 645 1019 711 in
1036 644 1161 712 ltaliam
1180 661 1254 711 cum
1277 644 1385 711 multis

249 744 325 811 aliis
360 743 548 810 civitatibus
583 740 727 809 creditur
752 740 980 832 destruxisse,
1008 745 1102 812 cuius
1128 744 1222 810 ruina
1250 747 1284 812 et
1311 743 1385 811 col-

249 842 358 930 lapsio
384 859 491 928 usquo
519 839 618 908 hodie
646 839 901 908 demonstratur.

324 939 397 1007 Hoc
423 942 520 1006 ctiam
544 956 632 1006 anno
651 940 837 1027 patriarcha
860 938 1085 1007 Berthrandus
1111 957 1185 1007 cum
1214 939 1389 1008 comitibus

251 1040 381 1107 Goricic
408 1039 528 1105 bellum
556 1039 675 1128 gessit,
701 1038 830 1106 habens
856 1055 969 1106 secum
988 1038 1142 1107 Karolum
1165 1039 1389 1106 marchionem

252 1144 286 1206 ct
310 1138 491 1206 Iohannem
526 1135 656 1204 fratrem
693 1139 782 1227 eiua,
818 1139 908 1222 regis
935 1138 1156 1206 Bchemcrum
1184 1137 1282 1206 lilios.
1322 1138 1389 1205 Pa-

252 1237 391 1304 triarcha
425 1238 534 1303 animo
564 1235 650 1304 benc
677 1235 800 1325 lidcns,
829 1238 907 1323 quia
932 1238 1023 1324 prius
1049 1238 1084 1303 irr
1110 1254 1212 1304 causa
1238 1237 1386 1304 ecclesio

252 1340 368 1402 contra
395 1334 595 1402 Venetorum
622 1337 801 1403 exercitum
828 1340 861 1402 et
893 1340 1009 1402 contra
1033 1333 1219 1402 Ritzardum
1246 1334 1289 1402 de
1317 1333 1386 1402 Ca-

252 1435 341 1502 mino
369 1438 402 1500 et
429 1440 543 1522 contra
577 1433 760 1502 Iohannem
794 1435 945 1501 comitem
978 1433 1108 1502 Goricic
1141 1451 1194 1501 res
1227 1451 1389 1522 prospero
1491 1469 1492 1484 κ

253 1533 363 1619 gessit
387 1538 420 1599 ct
448 1534 567 1600 eximie
594 1533 815 1620 triumphavit,
842 1533 984 1600 letanter
1008 1537 1041 1600 et
1059 1532 1102 1600 ad
1119 1534 1185 1600 ista
1201 1550 1259 1620 pcr
1281 1534 1393 1600 omnia
1491 1521 1492 1530 '

253 1649 290 1701 sc
308 1630 464 1699 habebat.
501 1632 540 1698 Et
557 1630 633 1699 dum
651 1632 899 1720 protraheretur
921 1633 1093 1716 negotium
1119 1633 1153 1698 in
1181 1630 1390 1718 quorundum

254 1737 437 1799 castrorum
470 1728 665 1820 obsidione,
693 1736 726 1797 et
752 1747 933 1798 succursus
965 1731 1118 1798 comitum
1144 1748 1212 1798 non
1239 1728 1389 1820 adesset,

255 1828 297 1897 ad
324 1836 468 1897 castrum
495 1828 627 1896 Gorioic
660 1834 827 1917 properat.
867 1829 931 1898 Ubi
965 1828 1125 1897 suburbio
1151 1827 1330 1897 devastato
1355 1829 1391 1896 in

179 1960 238 2000 aaa.
253 1932 354 1996 nocte
380 1928 500 1995 natalis
528 1926 651 1995 domini
677 1928 920 2016 patriarcham
947 1929 1083 2018 castris,
1111 1932 1176 1995 tam
1202 1930 1302 1995 armis
1329 1945 1391 1995 se-

188 2015 220 2067 25
253 2027 328 2115 pius
354 2026 576 2094 materialibus
585 2079 595 2115 ,
624 2045 721 2113 quam
747 2028 781 2093 in
807 2028 911 2095 sacris
937 2025 1094 2114 induviis,
1121 2027 1223 2094 misse
1249 2031 1393 2094 noctur-

254 2124 342 2192 nalis
370 2123 530 2214 cilicium,
559 2125 827 2193 subministrante
855 2125 918 2192 sibi
946 2124 1112 2193 Swiherto
1143 2124 1265 2192 abbate
1292 2123 1393 2192 blos-
1493 2201 1494 2208 ἵ

254 2224 395 2292 nacensi
427 2221 553 2291 ordinis
586 2225 692 2292 sancti
726 2222 915 2314 Benedicti,
949 2225 1074 2292 vestito
1107 2223 1256 2292 similiter
1291 2225 1391 2291 armis
1493 2209 1494 2224 ¹

255 2323 430 2408 utriusque
455 2324 603 2412 generiS,
631 2321 822 2391 celebravit.

329 2421 403 2489 Fuit
429 2421 492 2488 hoc
519 2427 666 2509 tempore
692 2424 726 2488 in
752 2420 921 2488 Kariathia
949 2419 1092 2508 quedam
1115 2436 1290 2506 gyrovaga
1316 2438 1392 2489 mu·
1494 2425 1495 2466 ³

256 2520 352 2609 licr,¹
375 2521 508 2588 nominc
546 2520 744 2607 Katherina,
772 2538 837 2607 que
867 2526 937 2587 arte
964 2521 1187 2608 prestigiosa,
1214 2520 1335 2587 virtuto
1360 2523 1395 2585 ut

258 2617 359 2686 lertur
385 2618 590 2705 quorundam
617 2619 783 2707 radicum,
811 2621 845 2686 in
871 2619 975 2686 latere
1003 2620 1159 2703 stigmata
1184 2617 1337 2685 manibus
1363 2621 1394 2684 ct

259 2717 400 2806 pedibus
428 2717 667 2785 demonstravit
676 2741 684 2804 3
712 2717 843 2785 nobiles
870 2719 905 2784 in
932 2724 1042 2785 castro
1069 2716 1218 2805 laminae,
1249 2721 1283 2783 ct
1312 2717 1392 2783 sim-

259 2817 367 2904 plices
398 2816 431 2882 in
466 2817 654 2884 civitatibus
681 2821 714 2883 ct
745 2818 779 2883 in
806 2816 891 2882 villis
919 2814 1112 2905 decipiens,
1139 2819 1175 2882 ut
1201 2833 1221 2882 a
1246 2814 1389 2903 pluribus

262 2915 401 3000 sanguis
429 2932 471 2981 ex
497 2915 633 2981 artubus
669 2915 742 2982 eius
776 2915 916 2981 ubertim
951 2912 1087 2982 elllucrc
1113 2912 1293 2982 videretur.
1327 2909 1392 2980 Sed

262 3031 336 3080 cum
371 3013 407 3079 in
440 3014 625 3100 patrocinio
661 3011 786 3080 lraudis
815 3018 848 3080 ct
874 3011 942 3080 dcli
968 3010 1293 3102 deprehenderetur,
1320 3011 1396 3098 quia

261 3114 295 3179 in
308 3109 444 3178 latebris
463 3111 604 3179 vacabat
626 3110 763 3200 deliciiS,
781 3110 896 3179 dicens
914 3111 977 3178 sibi
994 3112 1111 3180 celitus
1126 3111 1263 3180 missum
1278 3110 1391 3198 cibum,

244 3293 246 3297 ι
261 3226 495 3298 personasque
513 3210 690 3296 religiosas
707 3227 839 3298 semper
856 3211 982 3299 vitavit,
1010 3212 1087 3296 quia
1112 3210 1194 3298 „qui
1211 3209 1298 3278 male
1316 3208 1392 3296 agit,

264 3307 336 3376 odit
352 3305 501 3395 luccm;“
525 3315 696 3396 postrcmo
714 3307 851 3396 aufugit,
868 3325 931 3376 nec
948 3309 983 3374 in
995 3308 1046 3375 his
1064 3307 1269 3378 districtibus
1287 3309 1392 3392 imago

264 3411 385 3494 postca
407 3408 561 3495 apparuit
585 3407 672 3476 illius
699 3407 806 3476 bestie
821 3404 1058 3476 Anti-Christi.

338 3504 466 3573 Eodem
500 3506 598 3574 ctiam
627 3524 716 3576 anno
743 3507 778 3573 in
816 3510 901 3573 terra
935 3504 1048 3593 Stiria,
1075 3505 1161 3571 inter
1190 3503 1338 3572 Lcwben
1363 3505 1393 3568 el

175 3639 247 3679 sorr.
265 3603 426 3672 Prukkam
453 3606 486 3671 in
514 3609 689 3695 montanis,
716 3606 751 3672 in
776 3605 894 3690 vigilia
913 3605 1027 3670 ,sancti
1051 3602 1219 3690 Lamperti
1249 3601 1392 3689 martyris

198 3695 231 3750 ¹6
264 3705 299 3771 in
326 3709 493 3793 autumno,
521 3703 640 3772 cecidit
665 3703 794 3790 grando
821 3709 887 3771 tam
912 3719 1045 3790 magna,
1073 3699 1164 3789 quod
1191 3703 1339 3791 apparuit
1361 3700 1391 3765 in

266 3802 433 3871 montibus
459 3804 547 3871 sicut
570 3805 646 3894 nix,
674 3809 707 3870 et
732 3804 766 3869 in
793 3803 938 3870 crastino
972 3801 1080 3869 sancti
1105 3800 1270 3888 Lamperti
1295 3797 1392 3867 adhuc

266 3900 354 3970 bene
380 3900 553 3969 videbatur
579 3901 621 3970 dc
646 3900 794 3989 planitie.

186 4024 249 4078 ram
341 3996 447 4068 Anno
465 3999 588 4069 domini
615 4000 795 4068 m.ccc.xl.i.
820 3999 988 4069 lohannes
1014 3999 1171 4068 Bohcmic
1198 3998 1288 4084 rogis
1313 3993 1389 4062 lilius

268 4097 311 4165 dc
338 4099 494 4167 comitatu
521 4099 696 4188 expellitur
722 4100 918 4190 Tyrolcnsi,
945 4098 1114 4168 nobilibus
1142 4103 1228 4164 tcrrc
1254 4101 1390 4184 pertrac-

268 4195 426 4266 tantibus
469 4196 542 4266 Hoc
568 4215 640 4266 cum
668 4199 886 4287 imperatore,
913 4198 1006 4268 cuius
1040 4195 1221 4266 consiliarii
1252 4193 1292 4263 ad
1317 4206 1389 4280 prc-
