3096 4882
499 183 567 228 vrrr
588 182 696 229 rrnnom
720 183 827 238 ounnrr
849 185 908 230 mr.
1198 158 1267 228 255

135 320 227 408 quod
261 337 399 409 possem
433 337 494 389 eos
526 322 609 390 tucri
635 323 670 389 in
703 321 832 412 duello,
859 341 902 392 ne
929 327 1107 395 resciretur
1132 333 1269 416 propter
1287 336 1354 394 totu

134 419 213 507 quid
240 420 546 506 congregacionem
564 419 717 511 iacerem,
745 428 781 490 ιιι
799 423 966 492 civitatem
983 423 1188 495 Faltrcnsem
1207 444 1268 496 se-

133 525 224 587 crete
251 518 342 587 adire
367 535 517 607 possem.
559 519 726 596 Victorem
752 539 833 589 vero
852 539 892 590 ac
916 521 1160 594 interfectorem
1178 527 1269 596 alte-

134 620 213 709 rius
242 620 298 706 qui
323 619 357 686 in
383 617 496 686 duello
523 619 612 687 dicto
631 620 890 708 triumphaverat
906 626 940 689 et
954 622 1139 692 obtinuerat
1157 627 1269 695 cinxi-

132 735 206 786 mus
241 715 356 803 gladio
389 717 528 787 militari.
581 718 624 788 Ει
656 736 730 788 cunr
762 719 825 787 hec
857 718 946 788 lacta
981 720 1126 790 luissent
1113 727 1269 812 trogavi

132 817 288 885 miliciam
314 832 379 902 que
405 835 545 905 presens
572 815 696 906 aderat,
726 817 817 904 quod
844 817 1055 888 deberetne
1081 822 1267 916 nobiscum,

132 908 267 1005 partes¹
298 915 389 984 nullo
426 917 572 1005 sciente,
605 915 661 983 ubi
694 917 900 986 volebamus.
942 917 1011 1007 lpsi
1045 938 1125 989 vero
1160 925 1267 1010 parati

133 1015 332 1084 exhibentes
360 1032 398 1084 sc
424 1016 583 1084 continuo
609 1016 819 1103 arripucrunt
843 1018 1056 1109 itermecum,
1072 1026 1106 1087 et
1131 1024 1266 1108 equita-

130 1119 251 1182 verunt
269 1116 457 1201 equitantes
475 1132 602 1183 mecum
628 1132 689 1202 per
713 1115 833 1182 vallam
850 1111 1052 1185 ιιιιιιιιιιιιιιι2
1069 1123 1138 1188 tota
1154 1127 1266 1191 noete.

132 1211 288 1282 Crastino
314 1229 396 1282 vero
424 1211 477 1280 die
505 1213 652 1300 equitavi
677 1231 737 1301 per
762 1214 896 1282 deserta
921 1222 1088 1307 montana,
1115 1237 1180 1307 quo
1201 1239 1267 1288 va·
1378 1294 1380 1298 ,

130 1311 216 1380 dunt
249 1330 309 1401 per
341 1303 616 1402 Castruginumffi
651 1312 707 1380 ubi
739 1331 808 1382 non
841 1323 1090 1384 consueverunt
1115 1317 1267 1387 homines

130 1413 291 1499 equitare.
335 1412 376 1479 Et
407 1429 481 1478 cum
511 1413 742 1500 pervenissem
774 1411 817 1480 ad
843 1430 960 1481 nemus
988 1415 1078 1502 quod
1105 1422 1158 1486 est
1181 1419 1268 1486 inter

131 1508 365 1596 Castruginum
381 1517 414 1580 et
427 1501 656 1600 Prymeyum‚
683 1512 771 1578 viam
793 1510 916 1580 habere
939 1531 1008 1581 non
1023 1517 1116 1603 potui
1133 1521 1268 1605 propter

132 1611 269 1679 evulsas
296 1609 450 1696 arbores3
478 1611 586 1678 etsie
614 1609 816 1698 desperabat
841 1612 1007 1680 exercitus
1034 1631 1139 1684 meus
1173 1615 1268 1684 Tunc

131 1726 199 1794 ego
225 1708 334 1797 pedes
361 1727 434 1776 oum
467 1708 633 1794 aliquibus
664 1708 832 1797 peditibus
859 1727 919 1796 per
944 1711 1082 1800 abmpta
1107 1715 1266 1783 montium

129 1811 164 1876 et
191 1810 317 1878 viarum
342 1806 466 1876 dudum
492 1807 735 1876 destructarum
757 1809 961 1894 quesivimus
988 1811 1086 1901 viam,
1112 1813 1159 1880 ita
1174 1812 1265 1900 quod

125 1908 343 1996 pervenimus
369 1908 454 1976 ultra
478 1924 605 1996 nemus,
632 1906 829 1976 custodibus
850 1907 934 1976 silve
956 1907 1078 1978 dudum
1099 1911 1265 1980 receden-

126 2006 216 2074 tibus
248 2012 384 2094 propter
416 2006 499 2074 solis
534 2021 708 2095 occasum,
742 2023 807 2074 nec
838 2008 1085 2094 suspicantibus
1121 2010 1264 2098 aliquem

127 2106 278 2174 timorem
311 2123 372 2174 scu
404 2104 586 2194 periculum
619 2103 740 2172 ibidem
767 2103 809 2172 ab
836 2106 947 2193 aliquo
974 2108 1056 2196 ipsis
1082 2110 1264 2181 inminere.

125 2205 169 2272 Et
195 2206 245 2272 sic
280 2205 368 2272 viam
392 2203 531 2272 iacimus
565 2203 664 2272 nobis
691 2205 726 2271 in
753 2205 930 2273 montibus.
978 2205 1066 2295 Ipsis
1092 2227 1173 2280 vero
1199 2225 1264 2278 nos

126 2303 348 2391 sequentibus
381 2305 534 2372 venimus
570 2301 613 2370 ad
646 2307 790 2370 castrum
816 2302 1013 2394 Parmense,
1041 2307 1132 2393 qnod
1159 2309 1264 2376 eciam

126 2402 309 2470 obsessum
334 2401 443 2471 iuerat
465 2419 526 2489 per
551 2401 713 2490 Venetos,
741 2406 775 2468 et
800 2399 926 2486 iugatis
952 2405 1094 2473 inimicis
1113 2407 1264 2494 cepimus

124 2498 217 2570 rllud.
257 2499 321 2581 qm
349 2502 520 2570 venientes
547 2499 590 2568 ad
614 2501 810 2568 societatem
831 2517 924 2568 suam
947 2519 1012 2589 que
1029 2503 1161 2572 iacebat
1185 2511 1264 2573 ante

126 2600 334 2670 Feltrensem
368 2600 552 2689 civitatem,
591 2598 745 2668 dixemnt
780 2598 871 2684 quod
903 2618 1025 2686 magna
1050 2620 1137 2688 gens
1164 2621 1263 2689 quam

125 2701 298 2768 nescirent
324 2701 418 2768 euius
445 2704 537 2768 esset
561 2699 690 2766 veniret
716 2715 816 2785 super
842 2715 913 2766 eos.
955 2696 1018 2778 Qui
1044 2701 1263 2771 audientesa

124 2799 262 2866 civitate
288 2804 389 2867 noctu
414 2802 639 2866 recesserunt.
682 2795 833 2866 Castrum
858 2814 940 2866 vero
958 2797 1011 2867 die
1038 2800 1143 2869 altera
1168 2805 1262 2868 tran-

122 2898 253 2965 sientes
280 2895 322 2964 de
348 2897 499 2985 Prymeio
526 2913 644 2964 versus
670 2892 854 2986 Agordum,
882 2901 916 2964 et
933 2896 976 2965 de
994 2895 1134 2986 Agcrdo
1161 2898 1262 2968 lesti-

122 3002 245 3064 nanter
270 2996 388 3064 ivimus
416 2995 459 3066 ad
484 2997 649 3064 civitatem
675 2995 936 3066 Belluniensom.
986 2997 1027 3066 Et
1052 3000 1263 3088 premisimus

124 3093 169 3162 ad
197 3089 420 3181 ιιιιιιιιιιιιιιιι5
447 3114 521 3164 oum
548 3111 614 3182 quo
644 3099 912 3185 tractaveramus,
940 3095 1170 3182 significantes
1198 3100 1262 3168 sibi
1297 3145 1301 3155 ,

67 3197 71 3203 “
122 3193 218 3280 quod
237 3211 389 3262 essemus
406 3211 510 3282 prope
527 3195 693 3262 civitatem
709 3211 781 3260 cum
799 3200 912 3279 gente.
949 3192 1013 3275 Qui
1030 3199 1140 3264 statim
1156 3213 1262 3266 acee-

122 3291 211 3362 dens
239 3295 433 3382 capitaneos
461 3298 494 3361 et
520 3298 678 3380 rectores,
706 3291 790 3360 dixit
816 3294 864 3360 eis
892 3293 982 3380 quod
1008 3296 1120 3363 nuncii
1140 3298 1261 3365 venis-

120 3397 203 3460 sent
219 3392 282 3460 sibi
300 3391 450 3460 dicentes
467 3391 559 3479 quod
576 3392 717 3460 comites
728 3389 1019 3462 Clarmonetenses
1032 3393 1261 3464 sociiltiastmi

120 3489 166 3560 de
194 3489 226 3559 la
248 3490 346 3559 Scala
372 3490 496 3561 domini
523 3509 634 3559 eorum
662 3491 837 3559 venissent
863 3508 936 3560 curn
961 3511 1085 3579 magno
1112 3496 1260 3562 exercitu

117 3588 275 3678 fugando
301 3591 452 3660 inimicos
478 3591 562 3678 ipsis
585 3592 620 3659 in
638 3589 804 3658 auxilium.
846 3587 910 3669 Qui
932 3592 1075 3660 letanter
1089 3609 1265 3682 apperuc-,

119 3694 202 3758 runt
225 3694 352 3778 portas,
379 3695 535 3778 putantes
562 3691 689 3758 amieos
716 3703 804 3756 esse.
843 3688 886 3755 Et
911 3708 977 3778 ego
999 3692 1120 3760 intrari
1143 3687 1258 3781 portas

115 3789 154 3856 in
191 3786 246 3856 dic
278 3788 368 3856 beati
402 3788 555 3876 Procopii
586 3791 706 3875 quarta
737 3785 791 3856 die
824 3791 952 3858 mensis
984 3789 1064 3859 iulii.
1111 3790 1154 3858 Et
1186 3808 1259 3860 euru
1279 3821 1336 3932 apa.

154 4005 187 4070 ι)
209 4007 297 4072 partas
314 4003 378 4057 iehlt
394 4001 437 4058 bei
454 4003 527 4057 hain.
564 4003 596 4066 2)
612 4005 699 4058 villam
717 4005 861 4060 liemarum
877 4001 1042 4067 habeuirriu
1058 4002 1165 4058 haurd
1184 4003 1260 4058 hein

114 4071 243 4128 Gemaiut
265 4073 300 4126 ist
325 4071 371 4126 das
392 4071 444 4126 thal
462 4070 556 4126 Fler'ms
575 4073 639 4136 (Val
657 4073 682 4126 di
699 4073 818 4139 Fieme),
839 4071 956 4126 welches
974 4069 1103 4125 zwischen
1121 4070 1261 4128 Neumarlrt

114 4140 172 4198 und
192 4139 283 4196 Trient
300 4139 343 4196 bei
360 4139 463 4196 Levis'
456 4155 483 4194 ιιι
495 4139 540 4196 das
550 4141 682 4196 Etsohthal
696 4143 812 4208 ansgebt.
848 4140 879 4206 3)
898 4138 1046 4194 Castrozza
1077 4141 1109 4205 tr)
1127 4140 1260 4209 Primiero,

114 4208 223 4264 Primbr
239 4207 358 4263 westlioh
376 4221 429 4262 von
447 4207 565 4263 belluno.
601 4211 631 4276 5)
651 4209 752 4265 Vorher
769 4209 839 4264 hiess
857 4222 887 4264 er
904 4205 1043 4266 Sudracius
1063 4206 1095 4263 de
1118 4181 1260 4277 Bongaqio.
