3028 4878
284 165 355 237 ³98
602 194 746 242 rurrurrrus
767 192 974 241 vrcroarrnsrs.
1010 195 1035 260 5,
1053 196 1076 246 5.

199 333 348 404 raarhoa
374 350 462 403 anuo
489 332 668 403 Katherina
695 332 831 401 dueissa
856 331 1010 402 Kalabrie
1035 335 1070 402 in
1096 331 1150 402 die
1175 331 1265 400 beati
1290 329 1412 399 Mathia

259 437 260 440 ’
281 432 438 522 apastoli,
465 450 562 502 soror
581 432 701 501 dueum
716 428 860 521 nustria,
876 433 956 500 etin
972 432 1114 521 Neapoli
1130 431 1318 501 tumulatur.
1342 430 1413 498 Lu·-

282 530 433 599 dewieus
460 530 577 600 dieens
604 550 624 599 a
648 529 823 617 Leupuldo
850 529 991 600 ludibrio
1019 549 1057 600 se
1082 531 1208 620 haberi,
1235 528 1278 597 ad
1296 527 1413 596 Fride-

280 630 338 696 riai
362 628 562 699 laxationem
589 628 755 697 diiireilen
781 647 818 696 se
836 628 1014 717 reddebatj
1039 648 1130 698 nunu
1149 626 1412 716 dampnandum,

279 745 368 796 uuna
382 729 619 816 perpetualiter
634 730 669 795 iu
687 728 842 796 clausura
864 729 1007 796 eareeris
1026 725 1303 816 conservandum,
1327 743 1412 794 nuno

281 827 434 895 omuibus
462 829 532 894 suis
560 825 769 916 spoliandum
795 827 1033 914 prineipatibus
1055 826 1241 896 asserebat.
1266 823 1412 914 Leupul-

280 924 342 994 dus
377 923 420 993 ad
453 931 565 1014 partes
595 926 821 1011 Wangiunun
853 923 1038 994 Ludevviao
1064 925 1264 994 favorabiles
1290 939 1412 1011 prope·

278 1042 373 1112 rans,
409 1027 519 1092 onnia
550 1042 615 1112 que
650 1025 793 1111 reperire
828 1029 959 1111 poterat
991 1042 1064 1092 aun
1097 1023 1248 1112 preelara
1279 1021 1411 1090 militurn

279 1121 484 1190 multitudiue
512 1121 708 1191 devastavit.
743 1120 893 1190 Obtinuit
918 1124 1014 1191 etiarn
1031 1142 1051 1191 a
1066 1141 1155 1211 papa
1179 1120 1329 1190 Iohanne
1353 1137 1411 1208 per

279 1220 449 1289 distrietus
475 1238 536 1289 sue
563 1219 797 1289 dominationis
825 1219 970 1290 decimas
997 1222 1258 1309 ecclesiasticas,
1285 1224 1321 1286 ut
1346 1218 1410 1286 ub-

279 1320 399 1388 sistere
424 1325 543 1407 pusset
569 1320 733 1389 valentius
760 1337 819 1407 per
846 1337 957 1388 earun
978 1321 1198 1407 patrauiuiun
1218 1317 1411 1401 Ludevvieo.

279 1416 347 1486 Sed
373 1422 477 1485 rnarte
503 1424 696 1509 preventus,
722 1415 847 1486 bullata
862 1418 970 1487 littere
991 1424 1024 1486 et
1044 1436 1145 1506 super
1165 1417 1231 1486 hoe
1257 1414 1408 1484 eouieete

276 1517 311 1584 iu
338 1517 429 1585 auria
452 1523 530 1584 sunt
555 1518 680 1587 reliete.
717 1516 811 1584 Misit
843 1522 954 1585 auteur
986 1517 1187 1585 Ludewicus
1219 1514 1261 1582 ad
1289 1516 1409 1583 auriam

276 1615 413 1683 nuntias
440 1615 655 1707 sollempnes
682 1617 840 1684 estimans
866 1634 904 1684 se
926 1615 1087 1704 prulieere
1108 1617 1142 1683 in
1159 1612 1314 1701 agendis.
1348 1611 1407 1694 Qui

275 1712 492 1782 inelliaaeiter
526 1719 751 1805 revertuntur,
784 1730 983 1803 quamquam
1016 1713 1195 1782 ostendere
1225 1713 1407 1781 niterentur

277 1812 417 1880 sibilus
445 1810 488 1879 ad
514 1814 686 1902 imperium
712 1815 776 1880 ianr
803 1831 862 1900 per
888 1812 1035 1899 gladium
1062 1813 1270 1900 anquisitum.

195 1909 261 1965 1325
350 1907 448 1978 Anna
476 1909 600 1979 donini
625 1929 822 1980 unacuxxv.
850 1929 923 1980 euru
949 1929 1132 2000 prueessus
1153 1910 1294 2000 papales
1319 1909 1405 1978 inui-

275 2013 393 2096 perent
418 2009 639 2100 crebrescere,
666 2015 700 2078 et
725 2027 785 2097 per
809 2006 1038 2078 Alemannian
1057 2016 1171 2079 eontra
1192 2007 1405 2077 Ludewiuun

274 2105 422 2194 undique
448 2108 598 2197 volitare,
625 2108 668 2176 (ie
693 2107 858 2177 Friderieu
886 2111 972 2177 intra
997 2127 1035 2178 se
1062 2111 1151 2199 cepit
1176 2109 1286 2176 nitius
1313 2108 1405 2192 eogi-
1489 2197 1490 2204 ἵ

275 2211 356 2274 tare.
388 2205 430 2272 Et
447 2209 545 2274 eene!
573 2208 724 2293 quamvis
742 2209 877 2275 nultum
899 2207 996 2277 luerit
1014 2208 1199 2277 laboratum
1224 2205 1267 2274 ad
1284 2206 1406 2274 nullun
1489 2205 1490 2208 ’

274 2303 468 2393 proiectum,
488 2305 668 2390 religiosus
689 2307 738 2373 vir
756 2305 925 2375 Gutlridus
942 2307 1033 2394 prior
1049 2306 1091 2374 de
1105 2304 1301 2389 blaurbaeh‚
1323 2304 1405 2372 Car-

274 2403 458 2472 tbusiensis
476 2403 613 2494 ordinis,
640 2405 674 2473 in
691 2406 808 2493 spiritu
825 2403 1026 2473 fortitudinis
1047 2405 1091 2473 ad
1106 2404 1326 2474 Ludewiaun
1343 2421 1404 2472 ve-

273 2504 381 2591 niens,
409 2519 484 2569 euru
501 2503 665 2591 intrepide
683 2505 733 2572 sia
750 2503 884 2572 affatur:
912 2503 941 2572 0
950 2505 1116 2589 princeps,
1138 2505 1192 2592 ait,
1214 2502 1402 2582 claranum,

273 2602 364 2668 euius
380 2601 447 2667 iarn
468 2600 672 2686 rnumpuuta
695 2602 805 2688 pieria
824 2619 890 2686 per
913 2603 1023 2669 munrb
1048 2602 1184 2670 elimata
1209 2601 1401 2687 diuulputvr,
1488 2671 1489 2676 ,

273 2700 364 2768 errius
388 2715 504 2766 nomeu
528 2700 668 2785 undique
695 2701 823 2784 festivis
847 2700 997 2768 laudibus
1023 2700 1223 2782 celebratur,
1248 2701 1351 2766 uirtus
1374 2699 1404 2764 at

268 2797 380 2882 pietus
392 2798 595 2881 practicatur,
621 2798 734 2883 quibus
759 2798 945 2884 respublica
971 2800 1147 2868 decoratur
1163 2803 1196 2867 et
1210 2815 1325 2884 repunt
1339 2814 1401 2884 pa·

273 2897 374 2962 tantia
399 2896 585 2980 ampliatur,
610 2915 670 2963 eur
695 2899 968 2983 eornunpur'rteum
986 2901 1019 2964 et
1038 2900 1177 2966 amicum
1201 2915 1268 2965 non
1293 2895 1400 2964 ubsol-

272 2993 370 3061 vr‘tr'a?
409 2995 475 3061 Cur
505 2995 598 3078 repar·
631 2999 752 3062 statum
778 3012 844 3062 uon
863 2997 1093 3082 perpenditis?
1127 2997 1239 3084 Quare
1265 2994 1399 3064 amaritia

272 3096 430 3158 vanorum
449 3090 598 3174 inhibitis,
624 3096 678 3178 put
694 3093 898 3162 clementium
910 3096 1095 3179 principum
1109 3097 1253 3162 nituntur
1271 3093 1399 3162 auwer-
1487 3181 1488 3184 Ἴ

273 3191 366 3256 tere?
400 3190 631 3273 Considerate,
663 3195 753 3277 quod
785 3193 885 3260 duces
919 3193 1050 3260 austrie
1081 3194 1217 3260 necdum
1244 3212 1267 3260 u
1291 3191 1398 3260 autore

271 3285 394 3354 Martia
427 3289 631 3373 defecerunt,
663 3309 723 3359 aee
751 3293 899 3375 potentia
931 3309 992 3358 aaa
1025 3292 1144 3359 diuitiis
1171 3292 1399 3364 murenaruut;

272 3402 408 3469 puerum
423 3388 612 3455 assistentia
622 3391 774 3473 poteritis
788 3389 951 3471 roborari,
976 3392 1009 3456 et
1029 3393 1096 3456 tum
1113 3391 1147 3458 ln
1165 3391 1289 3457 euteria
1307 3403 1399 3474 quarn

270 3484 305 3550 in
333 3484 446 3552 interis
473 3487 653 3571 prouinciis
684 3489 832 3574 plantari.
874 3487 962 3574 Quid
983 3486 1117 3556 bonaria
1142 3483 1399 3573 camarinnani

270 3583 524 3669 tndipnutr'ouem
539 3588 696 3653 beabunt
728 3589 761 3654 tn
790 3603 901 3652 eonem
927 3587 1023 3652 terris
1047 3589 1269 3674 resperpittr?
1301 3585 1398 3654 imru
1486 3665 1487 3682 ἢ

268 3681 345 3766 ptus
365 3683 536 3751 dedecora
562 3686 780 3769 comparans,
806 3684 1048 3751 aucturetatem
1072 3689 1177 3752 uestra
1202 3675 1397 3753 celsitudinis
1486 3695 1487 3704 ¹

270 3779 460 3863 obfuscatis.
501 3781 705 3850 Ludewiaus
733 3782 911 3852 advertens
938 3783 1028 3850 iuxta
1056 3783 1287 3874 Salomonem,
1315 3775 1400 3869 quud

270 3878 396 3968 „verba
413 3881 609 3967 sapientium
630 3887 708 3950 sunt
725 3885 821 3970 quasi
841 3881 975 3971 stimuli,
1003 3889 1036 3949 et
1050 3883 1135 3950 sieut
1150 3881 1237 3950 elavi
1254 3883 1288 3950 in
1303 3880 1398 3950 alturn

271 3975 394 4044 delixi“
421 3978 569 4047 elausunr
597 3979 695 4049 educi
720 3983 858 4070 imperat
882 3979 1092 4048 Friderieunr.
1128 3978 1281 4049 Oiireiun
1307 3992 1399 4048 saure

270 4075 371 4143 misse
397 4078 486 4165 prior
513 4079 669 4168 eelebrat,
698 4085 732 4148 et
757 4079 872 4147 aurbus
899 4095 997 4146 saara
1020 4082 1251 4148 conmunione
1275 4078 1401 4147 deuna

228 4249 231 4255 .
271 4171 381 4242 hostia
397 4176 598 4267 corroborat,
617 4175 1034 4246 sacramentulridaricun
1049 4177 1235 4248 Ludevvico
1253 4197 1292 4248 aa
1307 4174 1399 4266 paris
