3044 4882
291 273 362 344 3t8
609 302 753 349 nonnanes
773 301 983 350 vroronrensrs.
1020 301 1045 370 3,
1063 301 1086 355 6.

290 444 412 511 nimam
437 441 604 509 hominurn
629 440 870 509 multitudinem
894 442 1119 528 conglobavit.
1152 441 1194 510 Et
1211 439 1322 508 habito
1344 455 1426 507 con-

291 541 367 609 silio
395 540 515 608 milites
541 538 583 607 ad
609 540 827 608 munitionum
846 539 1032 610 custodiam
1058 539 1241 629 deputavit,
1268 537 1426 605 arbitrans

291 639 372 708 utile
398 639 461 708 sibi
497 656 565 707 non
591 655 670 707 esse
698 637 847 706 Romano
875 639 1016 728 principi
1038 639 1074 708 in
1097 635 1338 727 campestribus
1365 635 1426 704 ob-

290 740 403 825 viare;
438 737 480 805 dc
515 737 632 805 lricmis
665 738 823 804 instantia
857 743 1043 806 contexens
1078 736 1289 823 vaticinium,
1316 732 1427 800 diceus

290 835 351 904 sibi
384 837 502 904 adesse
532 838 567 903 iu
597 834 725 920 sumbus
755 835 969 920 fortissimum
1003 837 1203 918 obulorum,
1229 832 1284 918 qui
1308 829 1427 899 nebulis

291 935 474 1017 condensis,
489 934 597 1020 pluvie
612 938 646 1001 et
661 933 777 1002 bruma
787 952 854 1020 pro
871 953 908 1002 se
924 937 1090 1002 cecissimo
1107 933 1301 1002 decertaret.
1330 928 1427 996 Cuius

290 1034 494 1101 imminentia
520 1051 580 1102 rex
601 1029 758 1102 Albertus
786 1033 886 1100 nichil
911 1033 1102 1124 proiciens,
1130 1034 1247 1100 exiens
1263 1029 1305 1097 de
1324 1043 1426 1112 regno

292 1149 389 1199 suum
415 1134 576 1199 intentum
603 1131 697 1200 alteri
724 1133 864 1216 tempori
890 1133 1086 1200 reservavit.
1117 1131 1250 1196 Interea
1274 1142 1335 1193 rex
1359 1125 1426 1192 Bo-

291 1225 400 1296 bemic
434 1244 528 1295 suam
559 1225 658 1294 filiam
683 1222 812 1294 Annam
839 1226 996 1295 Heinricc
1022 1227 1099 1295 duci
1125 1225 1313 1313 Karinthie,
1341 1221 1427 1292 iratri

292 1327 410 1411 regine
437 1326 602 1394 consortis
628 1325 719 1411 regis
735 1321 874 1416 Alberti,
902 1326 1081 1416 copulavit,
1109 1327 1268 1394 estimans
1292 1342 1353 1413 per
1368 1325 1427 1393 boc

293 1426 436 1492 animum
452 1424 617 1492 valentius
636 1422 869 1492 roborandum.
896 1423 1080 1493 Celebratis
1099 1426 1225 1514 nuptiis
1244 1441 1313 1492 non
1327 1421 1425 1510 longe

291 1522 634 1612 postWenczcslaus,
648 1523 765 1591 morbo
782 1522 982 1592 dissenterie
999 1529 1116 1593 contra
1132 1541 1170 1591 sc
1188 1523 1425 1613 invalescente,

211 1631 278 1688 tuoe
293 1623 448 1708 migravit
464 1620 506 1689 ad
527 1621 706 1712 dominum,
734 1626 767 1690 et
783 1621 817 1688 in
832 1623 1047 1713 monasterio,
1075 1622 1166 1710 quod
1178 1622 1252 1710 ipse
1268 1620 1311 1690 de
1330 1640 1425 1711 novo,

216 1719 271 1824 Ἓξ·
295 1719 526 1788 cisterciensis
553 1720 698 1811 ordinis,
726 1725 978 1811 construxerat,
1005 1718 1091 1788 Aula
1117 1722 1211 1807 regia
1239 1720 1424 1809 vocitatum,

294 1819 525 1907 sollempniter
542 1820 728 1910 tumulatur,
746 1818 846 1887 lilium
863 1819 1122 1889 Wenczeslaum
1139 1818 1343 1906 relinquens.
1369 1817 1426 1900 Qui

292 1916 505 2006 voluptuosis
531 1920 692 1987 insistens
719 1918 895 2007 operibus,
928 1918 1021 1987 iuxta
1047 1917 1276 1988 Salomonem:
1308 1915 1425 2009 „Ado-

292 2013 457 2084 lescentia
491 2020 525 2084 et
554 2018 710 2106 voluptas
743 2035 831 2086 vana
866 2014 978 2108 sunt,“
1002 2018 1108 2106 primo
1135 2034 1225 2085 anno
1251 2035 1272 2084 a
1297 2015 1423 2086 duobus

211 2112 368 2181 iacentis
394 2113 510 2205 Belial,
537 2115 769 2203 procuratione
786 2115 945 2184 nobilium
972 2120 1069 2206 terre,
1097 2116 1203 2184 cultro
1230 2116 1318 2183 sicut
1342 2115 1424 2184 dici-

213 2207 274 2314 fflf·
292 2218 345 2279 tur
370 2218 422 2280 est
447 2212 632 2304 perfossus,
660 2214 852 2302 relinquens
879 2216 1033 2284 iuvenem
1055 2213 1189 2282 viduam
1202 2212 1422 2283 Ruthenorum

293 2312 382 2397 regis
409 2310 516 2380 liliam.
559 2310 630 2392 Qua
663 2313 797 2401 expleto
828 2314 937 2382 luctus
971 2319 1119 2402 tempore
1145 2311 1188 2381 do
1213 2311 1422 2382 Rosenbcrcb

290 2410 397 2499 ipsius
425 2413 520 2497 regni
546 2417 715 2501 potentem
741 2431 782 2479 ac
807 2413 953 2482 nobilem
977 2412 1084 2480 virum
1110 2411 1213 2480 duxit.

364 2509 569 2579 Benedictus
591 2529 679 2599 papa
696 2512 838 2601 irritanS,
865 2528 931 2599 que
948 2510 1141 2579 Bonilaoius
1160 2516 1277 2578 contra
1293 2509 1421 2579 ordines
1502 2571 1503 2582 ,

289 2606 550 2677 Mendicantium
566 2611 690 2699 statuit,
708 2610 818 2678 omnia
836 2611 1016 2698 revocavit,
1034 2610 1236 2696 moriturque
1251 2615 1421 2698 postquam

291 2705 380 2775 sedit
413 2709 582 2776 mensibus
615 2714 702 2777 octo.
736 2707 943 2796 Vacavitquc
970 2708 1072 2776 sedes
1097 2713 1177 2797 post
1202 2709 1275 2776 eius
1303 2707 1420 2778 transi-

291 2810 358 2873 tum
385 2824 520 2875 menses
548 2806 674 2876 decem.
1501 2819 1502 2890 ζ

366 2902 548 2991 stabatque
561 2903 871 2991 regnumBohemie
886 2905 959 2974 sine
976 2905 1136 2995 principe,
1154 2904 1346 2972 nutantibus
1360 2917 1421 2969 no·
1501 2895 1502 2909 ¹

289 3000 412 3068 bilibus
439 3008 523 3070 terre
550 3021 648 3090 quom
675 3002 718 3070 ad
743 3002 808 3071 hoc
834 3003 998 3089 eligerent
1023 3003 1228 3092 dubitabant,
1255 3003 1337 3089 quia
1360 3001 1419 3068 he·
1500 3077 1501 3082 η

290 3096 402 3166 redem
422 3102 602 3170 masculum
620 3119 687 3170 non
707 3101 885 3170 habebant.
920 3100 1079 3183 Quamvis
1102 3101 1232 3170 lemelle
1254 3103 1291 3168 in
1310 3099 1420 3170 eodem

289 3214 396 3283 regno
415 3197 564 3268 dicantur
588 3201 840 3268 successionem
859 3207 1031 3290 paternam
1047 3219 1088 3268 ex
1104 3199 1234 3268 indulto
1252 3198 1420 3288 privilegio

291 3294 464 3387 heredare,
491 3299 736 3382 nichilominus¹
752 3300 825 3367 sine
847 3299 934 3366 virili
954 3299 1163 3367 amminiculo
1182 3298 1314 3367 videtur
1335 3305 1420 3383 turpe
1499 3353 1500 3362 ,

290 3391 444 3463 laminam
471 3396 620 3466 habenas
647 3400 720 3466 sine
747 3399 845 3466 armis
872 3416 1051 3484 regnorum
1074 3399 1276 3483 algentium
1303 3396 1420 3484 guber·

289 3511 371 3561 nare
381 3486 402 3563 ¹.
433 3495 590 3582 indigent
615 3499 703 3564 enim
729 3498 826 3565 armis
853 3495 1037 3565 delensivis
1056 3500 1090 3564 et
1114 3497 1277 3564 invasivis
1304 3509 1420 3563 neces-

289 3593 387 3661 sariis
414 3592 456 3661 ad
483 3613 536 3662 res
564 3595 711 3664 bellicas.
752 3595 820 3664 Sed
846 3594 967 3664 semina
993 3596 1066 3663 aliis
1093 3601 1146 3663 cst
1171 3595 1310 3686 intenta,
1336 3595 1418 3660 iuxta

291 3688 445 3761 Ovidium
473 3695 529 3780 qui
555 3693 650 3761 dicit:

387 3790 494 3881 „Nam
522 3810 632 3860 curam
659 3797 728 3861 tota
754 3797 864 3862 mente
890 3791 1023 3861 decoris
1050 3787 1186 3861 babet.“

325 3960 354 4024 i)
372 3959 461 4014 Zuerst
478 3962 542 4029 ging
558 3961 615 4015 lrler
634 3959 680 4014 der
697 3964 753 4014 text
770 3974 800 4014 so
819 3961 883 4016 fort:
903 3963 964 4031 quia
980 3963 1007 4016 ln
1025 3962 1069 4016 tall
1087 3965 1146 4016 actu
1165 3975 1236 4014 arma
1254 3966 1312 4015 sunt
1330 3968 1418 4032 necea

289 4029 372 4095 saria,
399 4032 425 4081 et
443 4041 524 4096 regna
541 4044 595 4083 non
613 4028 731 4083 muliebri
750 4029 797 4083 sed
814 4031 882 4084 virili
899 4032 984 4084 animo
1004 4030 1182 4084 defensantur.
1201 4028 1233 4082 Ut
1252 4030 1348 4084 Hector
1363 4025 1420 4077 dicit
1496 4055 1497 4060 η

289 4095 321 4148 ael
337 4095 470 4150 Paridem:
488 4097 538 4176 ³llic
556 4099 657 4151 animos
675 4098 870 4162 ostendemus,
889 4098 967 4152 nichil
985 4099 1089 4153 adiuvat
1107 4111 1178 4151 arura
1194 4097 1320 4152 Nobilitas
1336 4095 1420 4152 tame.

289 4163 353 4216 duro
371 4163 442 4217 biars
460 4166 539 4218 milite
557 4164 678 4232 gaudet,“
707 4165 764 4219 dics
781 4167 815 4220 ist
832 4165 924 4221 iedocb
943 4167 971 4221 in
990 4167 1038 4220 der
1055 4166 1094 4220 lrs.
1113 4164 1309 4220 durcbstriclren
1326 4162 1375 4218 und
1393 4169 1419 4210 so

289 4230 343 4283 wie
365 4231 429 4284 ietzt
451 4230 498 4284 der
520 4237 576 4286 text
593 4233 673 4286 lautet
690 4248 742 4286 von
762 4235 837 4287 einer
857 4236 957 4289 andern
975 4234 1045 4290 band
1063 4234 1207 4303 geanuert,
1232 4234 1333 4290 welche
1350 4232 1419 4284 dem-

289 4295 356 4351 naeb
374 4297 444 4351 wcbl
463 4298 548 4354 sicher
566 4301 609 4354 die
628 4300 674 4354 des
693 4299 837 4357 versassers
852 4303 892 4356 ist.
