3052 4878
278 153 327 222 fils
590 181 733 230 canoniea
756 181 793 227 nn
814 183 912 230 cnsms
932 183 1097 230 rnrucrnuu.

194 334 262 390 1323
279 326 425 390 mntatus
450 321 646 388 tremiscens
673 313 745 389 eius'
766 323 904 409 imperio
926 323 1103 411 paruisset,
1131 325 1165 390 et
1180 319 1412 390 nichilominus
1524 351 1525 354 ¹

278 436 395 490 omnes
429 419 582 488 clausuro
609 420 776 487 civitatum
810 438 872 488 sen
903 420 1112 489 castellorum
1138 421 1211 488 sine
1237 418 1413 488 obstaculo
1524 453 1525 476 t

278 517 322 588 ad
348 519 420 586 eius
446 520 613 588 introitum
638 519 837 605 patuissent.
864 519 978 587 Plures
998 521 1085 587 enim
1105 523 1183 608 post
1198 517 1321 585 bellum
1338 519 1410 586 eius

279 615 457 685 adventum
491 636 564 685 oum
599 623 740 686 tremore
775 616 1014 708 expectabant,
1042 635 1108 705 quo
1141 635 1211 685 non
1243 618 1413 706 veniente,

278 733 394 784 rursus
426 721 585 805 ceperant
618 717 800 807 respirare,
832 717 920 785 vires
947 734 1116 785 assumere
1144 723 1177 786 et
1203 733 1265 784 sua
1289 733 1417 783 cornua

279 815 436 884 exaltare.
1357 845 1362 856 ·

353 913 475 980 Verum
498 930 571 980 cum
587 911 771 982 Fridcrious
793 911 860 982 dux
884 910 1015 981 Austris
1032 916 1149 1001 captus
1164 917 1258 981 osset
1276 913 1309 980 in
1329 931 1416 1002 pre-

278 1013 342 1103 lio,
376 1016 413 1079 ut
436 1012 633 1098 premissum
659 1017 731 1103 est,
767 1017 800 1080 et
824 1013 858 1080 in
885 1017 994 1080 castro
1028 1011 1228 1080 Transendrt
1263 1010 1417 1098 diligenti

278 1110 390 1181 studio
425 1114 631 1201 servaretur,
664 1109 857 1198 Lenpoldus
890 1110 990 1179 irater
1015 1111 1104 1201 eius,
1140 1113 1253 1178 sciens
1279 1109 1415 1180 dillioile

278 1209 349 1278 lore
376 1214 492 1278 contra
517 1209 681 1278 stimulum
711 1210 898 1300 calcitrare,
926 1209 1090 1278 convertit
1114 1208 1261 1295 gladium
1286 1210 1320 1277 in
1348 1229 1414 1278 va-

279 1311 392 1395 ginam
426 1314 460 1375 et
493 1306 581 1396 apud
612 1325 729 1394 regem
760 1313 899 1396 temptat
932 1326 992 1397 pro
1027 1307 1124 1376 iratre
1151 1326 1214 1377 suo
1242 1308 1415 1397 placitare.

279 1405 342 1488 Qui
368 1423 469 1494 super
501 1424 542 1475 eo
573 1409 680 1494 ipsum
713 1405 827 1475 audire
858 1407 980 1497 noluit,
1014 1405 1076 1475 sed
1106 1407 1199 1495 prius
1226 1407 1290 1474 sibi
1315 1409 1413 1494 regni

278 1507 424 1592 insignia
448 1507 646 1592 resignaret.
672 1504 752 1574 Ideo
779 1505 891 1574 habito
919 1523 1019 1593 super
1044 1523 1086 1576 eo
1117 1511 1243 1574 maturo
1271 1507 1416 1575 oonsilio

279 1608 369 1674 omni
402 1623 475 1672 oum
509 1607 694 1673 reverentia
724 1606 906 1673 transmisit
931 1597 982 1672 ei1
1007 1603 1049 1672 ad
1075 1605 1241 1672 civitatem
1272 1604 1417 1674 Nurem-

279 1704 396 1794 berch,
428 1703 483 1771 ubi
509 1721 568 1772 rex
599 1705 728 1792 aceepit
753 1705 852 1772 eain
878 1708 1077 1791 potestatem
1104 1721 1197 1771 suam
1224 1707 1314 1771 omni
1339 1722 1416 1772 curn

279 1803 428 1892 honore,
461 1807 495 1868 et
520 1802 628 1870 multis
660 1802 790 1870 milibus
816 1802 984 1870 hominnm
1009 1803 1076 1870 illio
1102 1801 1348 1872 confluentibus
1373 1810 1413 1872 ut

279 1901 442 1991 viderent,
471 1917 512 1966 ea
537 1899 690 1968 uiderunt
711 1907 744 1968 ct
768 1901 877 1986 gavisi
902 1906 981 1968 sunt
1006 1904 1127 1988 pariter
1154 1907 1188 1968 et
1213 1904 1413 1990 compuncti.

279 2000 360 2068 Post
384 1999 447 2067 hec
472 1996 584 2066 delata
609 2001 745 2068 suntin
770 1999 968 2090 Bawariam,
995 2000 1052 2067 ubi
1077 2001 1112 2068 in
1134 2001 1267 2068 civitate
1288 1999 1414 2070 Mona-

280 2099 375 2167 censi
400 2098 475 2167 looo
504 2098 669 2166 tutissimo
698 2089 899 2187 servantur²,
927 2103 1069 2185 quatuor
1088 2097 1260 2167 monachis
1286 2098 1329 2167 do
1354 2117 1414 2167 ce-

280 2197 382 2265 nobio
417 2196 630 2263 Fiirstenvelt
660 2196 892 2286 presentibus,
924 2201 1020 2282 juxta
1052 2202 1270 2266 sacrosancta
1296 2216 1415 2267 sacra-

280 2301 392 2364 menta
427 2294 539 2364 divino
576 2294 677 2362 cultui
709 2294 829 2386 dediti,
857 2298 914 2382 qui
939 2301 1051 2384 preter
1076 2295 1141 2364 alia
1166 2298 1222 2384 pia
1248 2296 1416 2385 obsequia

281 2394 424 2481 singulis
456 2391 574 2462 diebus
607 2395 780 2461 missarum
813 2394 1000 2483 solempnia
1033 2394 1164 2463 solvere
1191 2411 1259 2462 non
1286 2395 1415 2464 obmit-
1521 2416 1523 2483 j

281 2499 364 2564 tunt
403 2491 499 2561 Unde
527 2492 645 2560 civitas
671 2491 889 2562 Monacensis
916 2492 1065 2578 gaudeat
1089 2498 1123 2562 et
1149 2494 1292 2584 exultet,
1321 2493 1415 2582 quod

280 2599 346 2662 mm
371 2593 554 2681 pretiosum
581 2591 771 2660 thesaurum
799 2608 932 2660 servare
958 2593 1088 2660 meruit.
1116 2590 1213 2672 Quod
1229 2592 1343 2662 multis
1359 2595 1415 2662 oi·
1524 2655 1525 2666 .

280 2692 438 2761 vitatibus
472 2688 610 2760 famosis
644 2695 678 2758 ot
703 2690 944 2778 antiquissimis
971 2696 1025 2760 est
1056 2696 1216 2779 negatum
1241 2690 1321 2762 huic
1349 2693 1415 2762 soli

281 2809 300 2858 e
325 2789 475 2880 pluribus
503 2793 556 2855 est
582 2805 795 2881 concessum.

352 2888 402 2956 Ea
422 2891 557 2975 proptor
570 2904 644 2954 oum
664 2905 723 2955 rex
739 2887 835 2974 regni
855 2887 1004 2974 insignia
1021 2890 1056 2957 in
1072 2891 1240 2980 propriam
1252 2889 1413 2978 redegis-

260 2991 334 3055 set
350 2989 549 3073 potestatem
571 2985 804 3054 nichilominus
832 2979 990 3074 requirit³
1013 3007 1033 3056 a
1052 2987 1138 3058 duce
1160 2988 1349 3081 Lenpoldo,
1377 2996 1414 3058 ut

278 3086 430 3153 civitates
456 3084 563 3173 regni,
590 3102 654 3171 que
681 3085 745 3153 sibi
773 3087 1057 3155 sacramentaliter
1076 3090 1280 3178 juraverant,
1309 3091 1412 3174 aju-

280 3187 428 3251 ramento
464 3182 618 3250 absolvat
644 3191 678 3252 et
703 3201 762 3252 eas
796 3187 936 3274 pristine
963 3188 1118 3255 restituat
1141 3177 1314 3277 libertati4,
1343 3205 1411 3274 qno

279 3281 367 3351 lacto
394 3299 472 3348 mox
499 3297 573 3350 cum
593 3299 635 3350 co
651 3300 716 3370 qrre
733 3285 827 3370 pacis
855 3290 933 3353 sunt
958 3290 1099 3354 tractare
1125 3287 1206 3355 velit
1227 3286 1282 3354 vel
1308 3287 1411 3356 etiam

278 3382 412 3469 penitus
446 3380 663 3450 concordare.
702 3377 755 3449 Ad
781 3381 845 3451 heo
877 3381 945 3451 dux
969 3384 1164 3474 Lenpoldus
1190 3384 1350 3454 lrcndens
1379 3391 1413 3454 et

279 3477 448 3547 iracundie
470 3476 598 3548 lacibus
616 3479 880 3550 incandescens:
906 3481 941 3548 Si
956 3483 1090 3570 integre,
1108 3485 1225 3576 inquit,
1246 3501 1312 3551 noa
1332 3484 1412 3569 fue·

277 3580 344 3646 mat
367 3576 563 3662 adimpleto,
589 3595 651 3663 que
675 3577 751 3646 mibi
778 3581 947 3666 promisso
970 3587 1046 3649 suat
1072 3584 1203 3669 quoodo
1234 3585 1327 3668 regei
1358 3586 1412 3652 io-

277 3678 385 3764 stpro'o
409 3677 591 3761 resignavi,
623 3694 689 3743 noo
713 3680 776 3745 ortt
793 3697 869 3764 poe
894 3695 953 3745 ceo
978 3683 1159 3750 concordio
1183 3681 1338 3767 quamdiu
1363 3685 1412 3750 cis

278 3774 399 3844 carebo
433 3775 624 3842 cinaedum
655 3775 764 3860 frater
789 3795 878 3845 meos
903 3777 944 3844 dc
969 3773 1178 3866 captivitote⁵
1201 3780 1303 3865 suomi
1327 3780 1409 3850 llbe-

277 3879 380 3942 ratus.
408 3872 494 3940 Hino
519 3891 633 3941 rursus
659 3876 837 3963 preliorum
863 3874 1054 3946 discrimina
1083 3883 1295 3948 renovantur.
1321 3880 1409 3950 Hino

313 3993 343 4057 1]
362 4005 418 4044 oram
442 3992 589 4045 reuerentia
611 3991 680 4046 steht
702 3992 759 4046 bier
776 3993 907 4047 noohmals
924 3996 952 4047 in
971 3995 1018 4049 der
1033 3995 1070 4048 hs.
1118 3997 1149 4064 2)
1167 3998 1215 4052 Die
1233 3999 1298 4052 z'eile
1315 3997 1359 4052 ubi
1378 4025 1409 4037 -

277 4066 413 4112 servantur
439 4058 501 4113 lehlt
524 4058 566 4112 bei
593 4057 693 4115 Oelole.
745 4061 776 4127 3)
801 4061 849 4116 Die
872 4061 911 4116 bs.
935 4062 1044 4118 schaltet
1067 4064 1123 4120 hior
1146 4065 1212 4120 noch
1236 4068 1278 4120 ein
1305 4071 1333 4120 et
1357 4069 1409 4122 ein.
1524 4065 1525 4086 ¹

277 4127 309 4192 d)
327 4126 419 4180 liberta
442 4141 505 4196 quo,
530 4127 576 4181 der
599 4127 697 4182 solluss
719 4143 772 4182 von
796 4129 906 4186 libertati
928 4129 1048 4186 ist'beim
1065 4133 1213 4191 abbrcohen
1232 4135 1278 4190 der
1296 4134 1363 4188 zeile
1381 4137 1407 4190 in
1524 4169 1525 4178 κ

278 4194 324 4248 der
341 4195 379 4248 bs.
397 4207 548 4262 vergessen.
585 4198 616 4262 5)
635 4199 757 4267 capitulla
774 4198 813 4252 bs.
