3096 4882
284 190 355 263 208
616 224 720 271 111111
739 223 874 269 nuowres
895 222 948 268 nes
969 222 1084 268 111111.

283 366 473 456 imperium,
500 381 520 431 a
544 364 662 431 celesti
688 363 862 430 maiestate
891 361 989 430 nobis
1015 360 1170 430 traditum
1197 368 1229 430 et
1259 361 1419 430 commis-

283 483 368 556 sum,
396 482 470 532 eum
497 462 649 531 omnibus
671 461 876 551 principibus
900 458 1098 529 Alamannie
1122 460 1220 529 nobis
1244 460 1419 549 bucusque

283 562 522 634 rebellantibus
556 565 590 630 et
615 560 869 628 adversantibus
902 577 1019 649 pacem
1054 559 1195 654 solidam
1229 563 1263 627 et
1295 561 1420 628 firmam

284 665 499 751 firmavimus,
535 677 662 747 eosque
696 658 738 727 ad
766 665 915 728 nostram
950 658 1180 728 obedienciam
1214 658 1418 750 reduximus,

284 765 332 831 sic
360 760 450 850 quod
476 761 541 847 ipsi
567 758 687 827 abbine
712 759 745 824 in
773 764 872 826 antea
895 775 933 825 se
955 763 988 826 et
1003 775 1065 826 sua
1088 776 1150 847 pro
1175 757 1274 827 nobis
1302 762 1336 827 et
1352 761 1420 826 im-

281 863 376 952 perio
404 859 668 948 quibuscumque
694 858 850 945 periculis
879 874 1048 945 exponere
1067 863 1145 926 sunt
1169 859 1285 946 parati.
1330 857 1421 926 Sciat

283 963 387 1030 eciam
415 958 556 1028 tidelitas
581 962 715 1047 vestra,
743 974 808 1044 quc
839 957 979 1044 imperto
1012 957 1174 1024 haetenus
1200 975 1269 1024 non
1296 956 1420 1026 defecit

282 1077 346 1128 nec
363 1058 496 1127 desreiet
510 1057 544 1122 in
564 1054 717 1143 futurum,
746 1053 837 1143 quod
864 1055 1067 1143 autumpnali
1094 1062 1242 1144 tempore
1268 1058 1419 1144 proximo

281 1177 348 1227 una
383 1176 457 1226 cum
489 1155 607 1222 illustri
635 1154 784 1223 Iohanne
814 1171 895 1240 rege
920 1153 1099 1244 Bobcmre,
1125 1156 1275 1243 principe
1302 1160 1418 1224 nostro

283 1257 416 1347 dilecto,
444 1255 587 1341 aliisque
606 1303 615 1322 .
635 1253 865 1342 ‚principibus
892 1303 901 1322 .
926 1303 936 1321 .
963 1253 1138 1321 comitibus
1165 1302 1174 1320 .
1200 1302 1210 1322 .
1234 1252 1418 1323 baronibus

281 1361 316 1424 et
340 1354 508 1424 nobilibus
535 1350 741 1443 Alamannia,
768 1356 881 1441 partes
907 1351 1001 1419 Italie
1031 1355 1187 1440 potenter
1211 1353 1418 1445 intrabimus,

280 1461 478 1524 armatorum
495 1451 701 1520 multitudine
721 1453 770 1519 sic
786 1451 913 1540 muniti,
940 1449 1031 1537 quod
1057 1469 1174 1520 omnes
1201 1458 1235 1519 et
1261 1452 1416 1538 singulos

278 1553 425 1645 pertidos
460 1557 595 1620 nostros
631 1549 784 1618 subditos
819 1547 916 1617 nobis
950 1550 1093 1638 superbe
1125 1566 1163 1619 se
1191 1558 1414 1643 opponentes,

280 1671 420 1741 quorum
448 1650 610 1737 elegimus
637 1648 772 1718 domare
798 1648 995 1737 superbiam,
1022 1648 1119 1717 nobis
1143 1648 1324 1736 subiugare
1346 1668 1415 1739 poa

278 1753 428 1840 terimus,
453 1751 617 1838 ipsosque
643 1750 691 1815 sic
713 1747 878 1834 dissipare
906 1751 940 1814 et
961 1747 1117 1838 evellere,
1144 1748 1234 1835 quod
1261 1748 1415 1818 ammodo

277 1865 455 1936 resurgere
482 1865 550 1915 non
575 1851 731 1936 poterunt
756 1862 820 1913 nec
845 1847 1003 1915 resistere
1030 1865 1072 1915 ex
1099 1845 1255 1938 adverso,
1281 1866 1413 1936 vosque

279 1948 396 2016 tideles
430 1952 565 2015 nostros
590 1946 742 2034 plantare
769 1950 802 2012 et
828 1943 1000 2035 edibeare,
1029 1944 1119 2032 quod
1145 1947 1181 2013 in
1205 1953 1286 2015 voto
1312 1947 1412 2016 nobis
1541 2029 1542 2038 ἵ

279 2064 410 2135 semper
427 2044 488 2113 luit
510 2050 543 2112 et
558 2051 620 2134 est,
647 2050 684 2111 ut
704 2045 808 2113 ceteri
835 2043 1018 2132 culpabiles
1044 2044 1110 2112 boe
1137 2046 1290 2135 exemplo
1317 2047 1415 2136 culpe

279 2146 476 2234 supplicium
502 2144 657 2232 timeant,
692 2148 725 2210 ct
750 2143 889 2210 virtuosi
915 2144 1046 2212 virtutis
1072 2144 1320 2212 retributionem
1347 2145 1414 2213 de-

277 2245 380 2313 beant
404 2242 520 2310 merito
548 2246 737 2329 expectare.
776 2241 932 2309 Exultate
958 2243 1059 2328 igitur
1082 2247 1115 2310 ct
1140 2243 1297 2334 gaudete,
1326 2261 1414 2312 eon·
1541 2309 1542 2340 ,

278 2349 409 2412 stantes
445 2342 551 2410 eciam
584 2344 712 2429 estote,
740 2339 998 2427 quiavidebitis
1025 2358 1213 2429 supervos
1240 2343 1415 2411 consilium
1541 2341 1542 2397 ἐ

263 2447 312 2511 ’11
329 2442 485 2511 auxilium
503 2445 620 2508 nostre
639 2457 779 2508 cesarea
796 2439 993 2508 maiestatis.
1036 2438 1158 2509 Datum
1185 2442 1289 2534 Spirc,
1317 2448 1414 2510 sexta

278 2541 331 2610 die
358 2543 483 2610 mensis
510 2540 590 2609 iunii
603 2592 613 2629 ,
640 2539 736 2625 regni
761 2539 866 2605 nostri
892 2555 980 2606 anno
1008 2537 1257 2633 sextodecimo,
1284 2542 1415 2630 imperii

276 2659 357 2710 vero
384 2641 499 2710 tercio.

474 2736 696 2806 Prudentibus
712 2737 792 2804 viris
808 2787 817 2805 .
832 2738 1008 2825 ‚potestati
1024 2737 1185 2806 anizianis
1204 2737 1415 2825 sapientibus

475 2842 509 2904 et
537 2837 702 2903 communi
725 2836 867 2904 civitatis
895 2835 1050 2929 Mantua,
1076 2839 1258 2906 nostriset
1285 2838 1417 2925 imperii

475 2933 628 3003 tidelibus
655 2932 798 3002 dilectis.

331 3145 377 3206 14.
398 3143 526 3219 Ludwig
552 3147 719 3208 rb'miscber
747 3146 850 3209 kaiser
880 3143 1017 3206 scbrelbt
1044 3146 1103 3206 wle
1129 3146 1268 3209 rorstcbt
1289 3161 1328 3207 an
1350 3145 1414 3210 den

398 3226 492 3300 Aloys
511 3227 651 3304 Gouraga
663 3227 725 3290 und
742 3228 869 3290 ersuobt
889 3226 944 3288 ibn
959 3227 1100 3302 zugleicb
1111 3233 1284 3305 gennnutau
1295 3229 1415 3291 1111111-
1540 3291 1541 3294 ,

399 3309 899 3385 1111111111111111111111111
920 3308 1118 3373 1111111111
1139 3307 1260 3374 1111111.
1292 3311 1413 3390 apator,
1540 3377 1541 3398 ,

399 3391 562 3451 13311111
584 3395 612 3454 6.

347 3524 554 3594 ludowicus
581 3531 644 3594 etc.
684 3525 795 3595 Nobili
812 3527 885 3596 viro
901 3524 1029 3614 Loysio
1054 3526 1096 3595 de
1113 3525 1285 3618 Gunzago,
1311 3529 1415 3597 vica·-

273 3625 322 3693 111
351 3625 492 3692 civitatis
511 3622 659 3715 Mantue,
688 3642 750 3694 suo
776 3631 810 3694 et
833 3626 960 3714 imperii
989 3625 1078 3694 tideli
1104 3625 1238 3717 dilecto,
1262 3627 1414 3713 graciam

273 3741 367 3792 suam
394 3729 427 3792 et
452 3740 550 3792 omne
580 3723 714 3793 bonum.

350 3818 469 3891 Omnia
499 3826 564 3909 que
586 3839 646 3911 pro
668 3821 757 3890 felici
777 3827 865 3891 statu
891 3859 936 3873 -
962 3840 1100 3892 cesaree
1124 3822 1307 3891 maiestatis
1324 3818 1416 3913 [wie

273 3919 395 3989 vorber
426 3922 558 3990 mutatis
592 3917 788 4010 mutandis}
837 3921 978 4009 Insuper
1011 3921 1203 3990 fidelitatem
1228 3926 1317 3988 tuam
1344 3937 1414 3989 se-

274 4021 393 4088 riosius
420 4021 619 4107 requirimus
638 4028 672 4088 et
697 4037 879 4110 monemus,
906 4026 942 4088 ut
967 4020 1134 4089 nobibbus
1157 4021 1236 4088 viris
1256 4019 1415 4090 Marsilio

274 4116 317 4184 de
342 4115 466 4187 liubeis
493 4116 535 4187 de
562 4119 688 4209 Parma,
713 4119 838 4187 vicario
856 4125 973 4186 nostro
994 4120 1153 4210 generali,
1179 4117 1324 4187 Henrico
1343 4136 1415 4188 oo-
1539 4197 1540 4206 χ

274 4216 343 4283 miti
377 4215 420 4284 de
457 4217 628 4310 tuingen,
661 4217 866 4286 marschalco
898 4222 1033 4309 nostro,
1071 4225 1104 4286 et
1137 4217 1336 4308 Gyselberto
1363 4217 1415 4292 de
1539 4209 1540 4300 f
