<?xml version="1.0" encoding="UTF-8"?>
<!DOCTYPE html PUBLIC "-//W3C//DTD XHTML 1.0 Transitional//EN"
    "http://www.w3.org/TR/xhtml1/DTD/xhtml1-transitional.dtd">
<html xmlns="http://www.w3.org/1999/xhtml" xml:lang="en" lang="en">
 <head>
  <title>
</title>
<meta http-equiv="Content-Type" content="text/html;charset=utf-8" />
  <meta name='ocr-system' content='tesseract 3.04.00' />
  <meta name='ocr-capabilities' content='ocr_page ocr_carea ocr_par ocr_line ocrx_word'/>
</head>
<body>
  <div class='ocr_page' id='page_1' title='image "./fontesrerumgerm02hubegoog_0385.png"; bbox 0 0 3044 4882; ppageno 0'>
   <div class='ocr_carea' id='block_1_1' title="bbox 247 127 1056 217">
    <p class='ocr_par' dir='ltr' id='par_1_1' title="bbox 247 127 1056 217">
     <span class='ocr_line' id='line_1_1' title="bbox 247 127 1056 217; baseline 0.002 -20"><span class='ocrx_word' id='word_1_1' title='bbox 247 127 318 200; x_wconf 82' lang='lat' dir='ltr'><strong>ato</strong></span> <span class='ocrx_word' id='word_1_2' title='bbox 580 153 721 199; x_wconf 82' lang='lat' dir='ltr'><strong>ronrnurs</strong></span> <span class='ocrx_word' id='word_1_3' title='bbox 742 151 952 198; x_wconf 83' lang='lat' dir='ltr'><strong>vrcroarxnsrs.</strong></span> <span class='ocrx_word' id='word_1_4' title='bbox 989 152 1013 217; x_wconf 80' lang='lat' dir='ltr'><strong>a,</strong></span> <span class='ocrx_word' id='word_1_5' title='bbox 1032 153 1056 205; x_wconf 78' lang='lat' dir='ltr'><strong>a,</strong></span> 
     </span>
    </p>
   </div>
   <div class='ocr_carea' id='block_1_2' title="bbox 240 287 1382 1866">
    <p class='ocr_par' dir='ltr' id='par_1_2' title="bbox 240 287 1382 1866">
     <span class='ocr_line' id='line_1_2' title="bbox 241 287 1378 362; baseline -0.004 0"><span class='ocrx_word' id='word_1_6' title='bbox 241 293 362 362; x_wconf 84' lang='lat' dir='ltr'><strong>ducum</strong></span> <span class='ocrx_word' id='word_1_7' title='bbox 379 290 607 360; x_wconf 80' lang='lat' dir='ltr'>marchionum</span> <span class='ocrx_word' id='word_1_8' title='bbox 626 293 781 359; x_wconf 91' lang='lat' dir='ltr'><strong>comitum</strong></span> <span class='ocrx_word' id='word_1_9' title='bbox 798 290 956 359; x_wconf 84' lang='lat' dir='ltr'>nobilium</span> <span class='ocrx_word' id='word_1_10' title='bbox 974 299 1008 361; x_wconf 92' lang='lat' dir='ltr'><strong>et</strong></span> <span class='ocrx_word' id='word_1_11' title='bbox 1019 292 1179 360; x_wconf 91' lang='lat' dir='ltr'><strong>baronum</strong></span> <span class='ocrx_word' id='word_1_12' title='bbox 1196 289 1264 358; x_wconf 91' lang='lat' dir='ltr'><strong>illic</strong></span> <span class='ocrx_word' id='word_1_13' title='bbox 1281 287 1378 358; x_wconf 88' lang='lat' dir='ltr'><strong>iesti-</strong></span> 
     </span>
     <span class='ocr_line' id='line_1_3' title="bbox 240 390 1378 479; baseline -0.004 -18"><span class='ocrx_word' id='word_1_14' title='bbox 240 410 283 461; x_wconf 92' lang='lat' dir='ltr'><strong>ve</strong></span> <span class='ocrx_word' id='word_1_15' title='bbox 304 397 338 459; x_wconf 92' lang='lat' dir='ltr'><strong>et</strong></span> <span class='ocrx_word' id='word_1_16' title='bbox 359 390 596 459; x_wconf 90' lang='lat' dir='ltr'><strong>decentissime</strong></span> <span class='ocrx_word' id='word_1_17' title='bbox 621 398 861 459; x_wconf 89' lang='lat' dir='ltr'><strong>convenerunt.</strong></span> <span class='ocrx_word' id='word_1_18' title='bbox 896 390 972 460; x_wconf 93' lang='lat' dir='ltr'><strong>Non</strong></span> <span class='ocrx_word' id='word_1_19' title='bbox 996 391 1162 459; x_wconf 88' lang='lat' dir='ltr'><strong>invenitur</strong></span> <span class='ocrx_word' id='word_1_20' title='bbox 1187 406 1208 457; x_wconf 91' lang='lat' dir='ltr'><strong>a</strong></span> <span class='ocrx_word' id='word_1_21' title='bbox 1232 396 1378 479; x_wconf 93' lang='lat' dir='ltr'><strong>tempora</strong></span> 
     </span>
     <span class='ocr_line' id='line_1_4' title="bbox 241 488 1380 580; baseline -0.004 -20"><span class='ocrx_word' id='word_1_22' title='bbox 241 492 335 560; x_wconf 89' lang='lat' dir='ltr'><strong>cuius</strong></span> <span class='ocrx_word' id='word_1_23' title='bbox 362 507 429 558; x_wconf 94' lang='lat' dir='ltr'><strong>non</strong></span> <span class='ocrx_word' id='word_1_24' title='bbox 457 495 510 558; x_wconf 93' lang='lat' dir='ltr'><strong>est</strong></span> <span class='ocrx_word' id='word_1_25' title='bbox 537 491 703 580; x_wconf 91' lang='lat' dir='ltr'><strong>memoria,</strong></span> <span class='ocrx_word' id='word_1_26' title='bbox 731 488 822 576; x_wconf 86' lang='lat' dir='ltr'><strong>quod</strong></span> <span class='ocrx_word' id='word_1_27' title='bbox 842 490 875 556; x_wconf 92' lang='lat' dir='ltr'><strong>in</strong></span> <span class='ocrx_word' id='word_1_28' title='bbox 897 508 964 558; x_wconf 93' lang='lat' dir='ltr'><strong>una</strong></span> <span class='ocrx_word' id='word_1_29' title='bbox 978 491 1069 558; x_wconf 88' lang='lat' dir='ltr'><strong>eurio</strong></span> <span class='ocrx_word' id='word_1_30' title='bbox 1087 491 1173 557; x_wconf 92' lang='lat' dir='ltr'><strong>sicut</strong></span> <span class='ocrx_word' id='word_1_31' title='bbox 1191 488 1246 556; x_wconf 89' lang='lat' dir='ltr'><strong>bie</strong></span> <span class='ocrx_word' id='word_1_32' title='bbox 1264 505 1380 556; x_wconf 92' lang='lat' dir='ltr'><strong>omnes</strong></span> 
     </span>
     <span class='ocr_line' id='line_1_5' title="bbox 242 585 1380 679; baseline -0.002 -21"><span class='ocrx_word' id='word_1_33' title='bbox 242 589 363 658; x_wconf 86' lang='lat' dir='ltr'><strong>luerint</strong></span> <span class='ocrx_word' id='word_1_34' title='bbox 388 589 569 657; x_wconf 91' lang='lat' dir='ltr'><strong>electores:</strong></span> <span class='ocrx_word' id='word_1_35' title='bbox 597 588 725 656; x_wconf 89' lang='lat' dir='ltr'><strong>scilicet</strong></span> <span class='ocrx_word' id='word_1_36' title='bbox 751 588 989 679; x_wconf 82' lang='lat' dir='ltr'><strong>Treverensis,</strong></span> <span class='ocrx_word' id='word_1_37' title='bbox 1016 588 1248 678; x_wconf 81' lang='lat' dir='ltr'><strong>moguntinus,</strong></span> <span class='ocrx_word' id='word_1_38' title='bbox 1276 585 1380 656; x_wconf 85' lang='lat' dir='ltr'><strong>Colo-</strong></span> 
     </span>
     <span class='ocr_line' id='line_1_6' title="bbox 242 685 1379 778; baseline -0.003 -21"><span class='ocrx_word' id='word_1_39' title='bbox 242 691 381 777; x_wconf 88' lang='lat' dir='ltr'><strong>niensis,</strong></span> <span class='ocrx_word' id='word_1_40' title='bbox 398 688 566 757; x_wconf 89' lang='lat' dir='ltr'><strong>Palatinus</strong></span> <span class='ocrx_word' id='word_1_41' title='bbox 585 687 653 756; x_wconf 91' lang='lat' dir='ltr'><strong>dux</strong></span> <span class='ocrx_word' id='word_1_42' title='bbox 669 688 833 776; x_wconf 84' lang='lat' dir='ltr'><strong>Bavvarie,</strong></span> <span class='ocrx_word' id='word_1_43' title='bbox 853 685 921 755; x_wconf 72' lang='lat' dir='ltr'><strong>«lux</strong></span> <span class='ocrx_word' id='word_1_44' title='bbox 938 687 1096 778; x_wconf 81' lang='lat' dir='ltr'><strong>saxonie,</strong></span> <span class='ocrx_word' id='word_1_45' title='bbox 1114 686 1379 755; x_wconf 91' lang='lat' dir='ltr'><strong>marcbioBran-</strong></span> 
     </span>
     <span class='ocr_line' id='line_1_7' title="bbox 242 783 1378 875; baseline -0.002 -19"><span class='ocrx_word' id='word_1_46' title='bbox 242 787 498 872; x_wconf 83' lang='lat' dir='ltr'><strong>denburgensis.</strong></span> <span class='ocrx_word' id='word_1_47' title='bbox 532 784 603 855; x_wconf 87' lang='lat' dir='ltr'><strong>llex</strong></span> <span class='ocrx_word' id='word_1_48' title='bbox 620 785 778 854; x_wconf 90' lang='lat' dir='ltr'><strong>Bobemie</strong></span> <span class='ocrx_word' id='word_1_49' title='bbox 803 803 870 853; x_wconf 93' lang='lat' dir='ltr'><strong>non</strong></span> <span class='ocrx_word' id='word_1_50' title='bbox 889 786 1014 855; x_wconf 75' lang='lat' dir='ltr'>elector</span> <span class='ocrx_word' id='word_1_51' title='bbox 1032 792 1203 875; x_wconf 89' lang='lat' dir='ltr'><strong>reputatur</strong></span> <span class='ocrx_word' id='word_1_52' title='bbox 1223 783 1285 854; x_wconf 88' lang='lat' dir='ltr'><strong>sed</strong></span> <span class='ocrx_word' id='word_1_53' title='bbox 1309 784 1378 854; x_wconf 78' lang='lat' dir='ltr'><strong>llis·</strong></span> 
     </span>
     <span class='ocr_line' id='line_1_8' title="bbox 242 885 1378 975; baseline -0.004 -19"><span class='ocrx_word' id='word_1_54' title='bbox 242 891 356 956; x_wconf 87' lang='lat' dir='ltr'><strong>sensio</strong></span> <span class='ocrx_word' id='word_1_55' title='bbox 384 886 578 971; x_wconf 80' lang='lat' dir='ltr'><strong>eligentium</strong></span> <span class='ocrx_word' id='word_1_56' title='bbox 606 885 635 952; x_wconf 87' lang='lat' dir='ltr'><strong>si</strong></span> <span class='ocrx_word' id='word_1_57' title='bbox 662 886 811 952; x_wconf 74' lang='lat' dir='ltr'><strong>evenerit</strong></span> <span class='ocrx_word' id='word_1_58' title='bbox 837 885 1019 975; x_wconf 77' lang='lat' dir='ltr'><strong>arbitrator,</strong></span> <span class='ocrx_word' id='word_1_59' title='bbox 1047 891 1081 953; x_wconf 90' lang='lat' dir='ltr'><strong>et</strong></span> <span class='ocrx_word' id='word_1_60' title='bbox 1106 901 1183 974; x_wconf 92' lang='lat' dir='ltr'><strong>pars</strong></span> <span class='ocrx_word' id='word_1_61' title='bbox 1211 886 1264 953; x_wconf 91' lang='lat' dir='ltr'><strong>oui</strong></span> <span class='ocrx_word' id='word_1_62' title='bbox 1290 885 1378 952; x_wconf 92' lang='lat' dir='ltr'><strong>inni·</strong></span> 
     </span>
     <span class='ocr_line' id='line_1_9' title="bbox 243 983 1379 1073; baseline 0 -21"><span class='ocrx_word' id='word_1_63' title='bbox 243 987 318 1053; x_wconf 89' lang='lat' dir='ltr'><strong>titrrr</strong></span> <span class='ocrx_word' id='word_1_64' title='bbox 342 985 507 1053; x_wconf 88' lang='lat' dir='ltr'><strong>valentior</strong></span> <span class='ocrx_word' id='word_1_65' title='bbox 527 984 707 1052; x_wconf 88' lang='lat' dir='ltr'><strong>estimatur.</strong></span> <span class='ocrx_word' id='word_1_66' title='bbox 743 984 904 1052; x_wconf 87' lang='lat' dir='ltr'><strong>Feruntur</strong></span> <span class='ocrx_word' id='word_1_67' title='bbox 920 984 965 1052; x_wconf 93' lang='lat' dir='ltr'><strong>ibi</strong></span> <span class='ocrx_word' id='word_1_68' title='bbox 981 983 1086 1053; x_wconf 86' lang='lat' dir='ltr'><strong>luisse</strong></span> <span class='ocrx_word' id='word_1_69' title='bbox 1107 985 1258 1073; x_wconf 86' lang='lat' dir='ltr'><strong>episcopi</strong></span> <span class='ocrx_word' id='word_1_70' title='bbox 1280 984 1379 1071; x_wconf 87' lang='lat' dir='ltr'><strong>quin-</strong></span> 
     </span>
     <span class='ocr_line' id='line_1_10' title="bbox 243 1081 1380 1173; baseline -0.003 -20"><span class='ocrx_word' id='word_1_71' title='bbox 243 1085 413 1173; x_wconf 84' lang='lat' dir='ltr'><strong>quaginta,</strong></span> <span class='ocrx_word' id='word_1_72' title='bbox 440 1082 545 1152; x_wconf 88' lang='lat' dir='ltr'><strong>duces</strong></span> <span class='ocrx_word' id='word_1_73' title='bbox 562 1083 701 1150; x_wconf 90' lang='lat' dir='ltr'><strong>comites</strong></span> <span class='ocrx_word' id='word_1_74' title='bbox 718 1081 822 1150; x_wconf 92' lang='lat' dir='ltr'><strong>libere</strong></span> <span class='ocrx_word' id='word_1_75' title='bbox 844 1083 1046 1152; x_wconf 89' lang='lat' dir='ltr'><strong>conditionis</strong></span> <span class='ocrx_word' id='word_1_76' title='bbox 1066 1084 1215 1172; x_wconf 91' lang='lat' dir='ltr'><strong>trecenti,</strong></span> <span class='ocrx_word' id='word_1_77' title='bbox 1243 1082 1380 1150; x_wconf 91' lang='lat' dir='ltr'><strong>militurn</strong></span> 
     </span>
     <span class='ocr_line' id='line_1_11' title="bbox 243 1181 1380 1271; baseline -0.002 -20"><span class='ocrx_word' id='word_1_78' title='bbox 243 1186 389 1271; x_wconf 87' lang='lat' dir='ltr'><strong>quinque</strong></span> <span class='ocrx_word' id='word_1_79' title='bbox 416 1181 505 1249; x_wconf 91' lang='lat' dir='ltr'><strong>milia</strong></span> <span class='ocrx_word' id='word_1_80' title='bbox 531 1182 737 1266; x_wconf 84' lang='lat' dir='ltr'><strong>congregati.</strong></span> <span class='ocrx_word' id='word_1_81' title='bbox 770 1181 809 1249; x_wconf 96' lang='lat' dir='ltr'><strong>ln</strong></span> <span class='ocrx_word' id='word_1_82' title='bbox 835 1200 901 1269; x_wconf 86' lang='lat' dir='ltr'><strong>qua</strong></span> <span class='ocrx_word' id='word_1_83' title='bbox 925 1183 1017 1250; x_wconf 91' lang='lat' dir='ltr'><strong>curia</strong></span> <span class='ocrx_word' id='word_1_84' title='bbox 1042 1199 1102 1250; x_wconf 93' lang='lat' dir='ltr'><strong>rex</strong></span> <span class='ocrx_word' id='word_1_85' title='bbox 1128 1182 1214 1250; x_wconf 89' lang='lat' dir='ltr'><strong>lilios</strong></span> <span class='ocrx_word' id='word_1_86' title='bbox 1232 1199 1315 1249; x_wconf 93' lang='lat' dir='ltr'><strong>suos</strong></span> <span class='ocrx_word' id='word_1_87' title='bbox 1339 1181 1380 1250; x_wconf 89' lang='lat' dir='ltr'><strong>de</strong></span> 
     </span>
     <span class='ocr_line' id='line_1_12' title="bbox 244 1279 1380 1370; baseline 0 -20"><span class='ocrx_word' id='word_1_88' title='bbox 244 1285 315 1350; x_wconf 87' lang='lat' dir='ltr'><strong>suis</strong></span> <span class='ocrx_word' id='word_1_89' title='bbox 341 1280 578 1370; x_wconf 91' lang='lat' dir='ltr'><strong>principatibus</strong></span> <span class='ocrx_word' id='word_1_90' title='bbox 596 1280 775 1370; x_wconf 80' lang='lat' dir='ltr'><strong>investivit,</strong></span> <span class='ocrx_word' id='word_1_91' title='bbox 802 1285 836 1348; x_wconf 92' lang='lat' dir='ltr'><strong>et</strong></span> <span class='ocrx_word' id='word_1_92' title='bbox 856 1279 1068 1350; x_wconf 91' lang='lat' dir='ltr'><strong>adversarios</strong></span> <span class='ocrx_word' id='word_1_93' title='bbox 1090 1298 1182 1370; x_wconf 92' lang='lat' dir='ltr'><strong>suos,</strong></span> <span class='ocrx_word' id='word_1_94' title='bbox 1210 1298 1297 1367; x_wconf 81' lang='lat' dir='ltr'><strong>quos</strong></span> <span class='ocrx_word' id='word_1_95' title='bbox 1317 1299 1380 1350; x_wconf 94' lang='lat' dir='ltr'><strong>oc-</strong></span> 
     </span>
     <span class='ocr_line' id='line_1_13' title="bbox 244 1377 1378 1470; baseline 0.001 -22"><span class='ocrx_word' id='word_1_96' title='bbox 244 1381 331 1448; x_wconf 92' lang='lat' dir='ltr'><strong>culte</strong></span> <span class='ocrx_word' id='word_1_97' title='bbox 359 1379 481 1447; x_wconf 91' lang='lat' dir='ltr'><strong>habere</strong></span> <span class='ocrx_word' id='word_1_98' title='bbox 506 1377 681 1447; x_wconf 91' lang='lat' dir='ltr'><strong>videbatur</strong></span> <span class='ocrx_word' id='word_1_99' title='bbox 707 1397 807 1466; x_wconf 92' lang='lat' dir='ltr'><strong>super</strong></span> <span class='ocrx_word' id='word_1_100' title='bbox 833 1385 922 1448; x_wconf 90' lang='lat' dir='ltr'><strong>statu</strong></span> <span class='ocrx_word' id='word_1_101' title='bbox 947 1381 1052 1470; x_wconf 82' lang='lat' dir='ltr'><strong>regni,</strong></span> <span class='ocrx_word' id='word_1_102' title='bbox 1081 1378 1144 1448; x_wconf 94' lang='lat' dir='ltr'><strong>sibi</strong></span> <span class='ocrx_word' id='word_1_103' title='bbox 1171 1379 1251 1447; x_wconf 88' lang='lat' dir='ltr'><strong>iecit</strong></span> <span class='ocrx_word' id='word_1_104' title='bbox 1276 1378 1378 1449; x_wconf 88' lang='lat' dir='ltr'><strong>lavo-</strong></span> 
     </span>
     <span class='ocr_line' id='line_1_14' title="bbox 244 1478 1381 1569; baseline 0 -23"><span class='ocrx_word' id='word_1_105' title='bbox 244 1479 379 1569; x_wconf 80' lang='lat' dir='ltr'><strong>nabiles,</strong></span> <span class='ocrx_word' id='word_1_106' title='bbox 399 1495 578 1565; x_wconf 84' lang='lat' dir='ltr'><strong>eorumque</strong></span> <span class='ocrx_word' id='word_1_107' title='bbox 594 1495 632 1547; x_wconf 93' lang='lat' dir='ltr'><strong>sc</strong></span> <span class='ocrx_word' id='word_1_108' title='bbox 651 1479 794 1547; x_wconf 91' lang='lat' dir='ltr'><strong>servitiis</strong></span> <span class='ocrx_word' id='word_1_109' title='bbox 811 1483 844 1546; x_wconf 91' lang='lat' dir='ltr'><strong>et</strong></span> <span class='ocrx_word' id='word_1_110' title='bbox 859 1479 1003 1546; x_wconf 86' lang='lat' dir='ltr'><strong>amicitia</strong></span> <span class='ocrx_word' id='word_1_111' title='bbox 1016 1478 1239 1547; x_wconf 90' lang='lat' dir='ltr'><strong>communivit.</strong></span> <span class='ocrx_word' id='word_1_112' title='bbox 1265 1478 1381 1547; x_wconf 85' lang='lat' dir='ltr'><strong>Plures</strong></span> 
     </span>
     <span class='ocr_line' id='line_1_15' title="bbox 244 1576 1382 1668; baseline 0 -22"><span class='ocrx_word' id='word_1_113' title='bbox 244 1578 287 1647; x_wconf 91' lang='lat' dir='ltr'><strong>de</strong></span> <span class='ocrx_word' id='word_1_114' title='bbox 315 1579 385 1646; x_wconf 92' lang='lat' dir='ltr'><strong>suis</strong></span> <span class='ocrx_word' id='word_1_115' title='bbox 420 1576 572 1647; x_wconf 91' lang='lat' dir='ltr'><strong>dominiis</strong></span> <span class='ocrx_word' id='word_1_116' title='bbox 599 1578 766 1666; x_wconf 91' lang='lat' dir='ltr'><strong>principes</strong></span> <span class='ocrx_word' id='word_1_117' title='bbox 796 1582 829 1646; x_wconf 91' lang='lat' dir='ltr'><strong>et</strong></span> <span class='ocrx_word' id='word_1_118' title='bbox 854 1577 1002 1668; x_wconf 93' lang='lat' dir='ltr'><strong>nobiles,</strong></span> <span class='ocrx_word' id='word_1_119' title='bbox 1030 1578 1211 1666; x_wconf 91' lang='lat' dir='ltr'><strong>episcopos</strong></span> <span class='ocrx_word' id='word_1_120' title='bbox 1239 1583 1273 1645; x_wconf 90' lang='lat' dir='ltr'><strong>et</strong></span> <span class='ocrx_word' id='word_1_121' title='bbox 1298 1596 1382 1667; x_wconf 92' lang='lat' dir='ltr'><strong>pre-</strong></span> 
     </span>
     <span class='ocr_line' id='line_1_16' title="bbox 243 1676 1382 1764; baseline -0.001 -18"><span class='ocrx_word' id='word_1_122' title='bbox 243 1677 331 1747; x_wconf 91' lang='lat' dir='ltr'><strong>latos</strong></span> <span class='ocrx_word' id='word_1_123' title='bbox 365 1676 407 1745; x_wconf 93' lang='lat' dir='ltr'><strong>de</strong></span> <span class='ocrx_word' id='word_1_124' title='bbox 441 1678 511 1745; x_wconf 92' lang='lat' dir='ltr'><strong>suis</strong></span> <span class='ocrx_word' id='word_1_125' title='bbox 547 1676 770 1764; x_wconf 88' lang='lat' dir='ltr'><strong>imperialibus</strong></span> <span class='ocrx_word' id='word_1_126' title='bbox 802 1677 903 1762; x_wconf 82' lang='lat' dir='ltr'><strong>regiis</strong></span> <span class='ocrx_word' id='word_1_127' title='bbox 937 1676 1089 1746; x_wconf 90' lang='lat' dir='ltr'><strong>munibus</strong></span> <span class='ocrx_word' id='word_1_128' title='bbox 1123 1677 1308 1764; x_wconf 82' lang='lat' dir='ltr'><strong>insignivit.</strong></span> <span class='ocrx_word' id='word_1_129' title='bbox 1346 1677 1382 1745; x_wconf 95' lang='lat' dir='ltr'><strong>ln</strong></span> 
     </span>
     <span class='ocr_line' id='line_1_17' title="bbox 245 1777 1382 1866; baseline -0.001 -22"><span class='ocrx_word' id='word_1_130' title='bbox 245 1778 405 1845; x_wconf 88' lang='lat' dir='ltr'><strong>absentes</strong></span> <span class='ocrx_word' id='word_1_131' title='bbox 438 1783 473 1844; x_wconf 89' lang='lat' dir='ltr'><strong>et</strong></span> <span class='ocrx_word' id='word_1_132' title='bbox 507 1777 620 1844; x_wconf 90' lang='lat' dir='ltr'><strong>venire</strong></span> <span class='ocrx_word' id='word_1_133' title='bbox 647 1780 942 1866; x_wconf 75' lang='lat' dir='ltr'><strong>contempnenteS,</strong></span> <span class='ocrx_word' id='word_1_134' title='bbox 969 1781 1149 1863; x_wconf 88' lang='lat' dir='ltr'><strong>notamque</strong></span> <span class='ocrx_word' id='word_1_135' title='bbox 1176 1780 1382 1844; x_wconf 86' lang='lat' dir='ltr'><strong>contractam</strong></span> 
     </span>
    </p>
   </div>
   <div class='ocr_carea' id='block_1_3' title="bbox 244 1873 1383 2458">
    <p class='ocr_par' dir='ltr' id='par_1_3' title="bbox 244 1873 1383 2458">
     <span class='ocr_line' id='line_1_18' title="bbox 244 1873 1383 1965; baseline -0.002 -21"><span class='ocrx_word' id='word_1_136' title='bbox 244 1894 288 1944; x_wconf 93' lang='lat' dir='ltr'><strong>ex</strong></span> <span class='ocrx_word' id='word_1_137' title='bbox 312 1875 376 1944; x_wconf 91' lang='lat' dir='ltr'><strong>boe</strong></span> <span class='ocrx_word' id='word_1_138' title='bbox 401 1876 609 1961; x_wconf 83' lang='lat' dir='ltr'><strong>negligentie</strong></span> <span class='ocrx_word' id='word_1_139' title='bbox 635 1875 689 1942; x_wconf 93' lang='lat' dir='ltr'><strong>vel</strong></span> <span class='ocrx_word' id='word_1_140' title='bbox 716 1880 937 1965; x_wconf 91' lang='lat' dir='ltr'><strong>contemptus,</strong></span> <span class='ocrx_word' id='word_1_141' title='bbox 964 1874 1154 1942; x_wconf 91' lang='lat' dir='ltr'><strong>nullatenus</strong></span> <span class='ocrx_word' id='word_1_142' title='bbox 1181 1873 1293 1942; x_wconf 89' lang='lat' dir='ltr'><strong>surdis</strong></span> <span class='ocrx_word' id='word_1_143' title='bbox 1320 1893 1383 1942; x_wconf 91' lang='lat' dir='ltr'><strong>au-</strong></span> 
     </span>
     <span class='ocr_line' id='line_1_19' title="bbox 244 1969 1381 2063; baseline 0 -21"><span class='ocrx_word' id='word_1_144' title='bbox 244 1974 335 2042; x_wconf 93' lang='lat' dir='ltr'><strong>ribus</strong></span> <span class='ocrx_word' id='word_1_145' title='bbox 360 1974 592 2063; x_wconf 90' lang='lat' dir='ltr'><strong>pertransivit,</strong></span> <span class='ocrx_word' id='word_1_146' title='bbox 621 1972 682 2042; x_wconf 91' lang='lat' dir='ltr'><strong>sed</strong></span> <span class='ocrx_word' id='word_1_147' title='bbox 708 1991 770 2042; x_wconf 91' lang='lat' dir='ltr'><strong>suo</strong></span> <span class='ocrx_word' id='word_1_148' title='bbox 797 1974 939 2062; x_wconf 90' lang='lat' dir='ltr'><strong>tempori</strong></span> <span class='ocrx_word' id='word_1_149' title='bbox 969 1974 1163 2042; x_wconf 87' lang='lat' dir='ltr'><strong>reservavit.</strong></span> <span class='ocrx_word' id='word_1_150' title='bbox 1206 1969 1311 2041; x_wconf 84' lang='lat' dir='ltr'><strong>Alluit</strong></span> <span class='ocrx_word' id='word_1_151' title='bbox 1337 1975 1381 2042; x_wconf 92' lang='lat' dir='ltr'><strong>ibi</strong></span> 
     </span>
     <span class='ocr_line' id='line_1_20' title="bbox 246 2070 1381 2162; baseline 0.003 -23"><span class='ocrx_word' id='word_1_152' title='bbox 246 2070 442 2139; x_wconf 74' lang='lat' dir='ltr'><strong>chunradus</strong></span> <span class='ocrx_word' id='word_1_153' title='bbox 460 2073 640 2159; x_wconf 87' lang='lat' dir='ltr'><strong>episcopus</strong></span> <span class='ocrx_word' id='word_1_154' title='bbox 660 2071 943 2162; x_wconf 80' lang='lat' dir='ltr'><strong>Salezburgensis,</strong></span> <span class='ocrx_word' id='word_1_155' title='bbox 972 2073 1038 2162; x_wconf 88' lang='lat' dir='ltr'><strong>qui,</strong></span> <span class='ocrx_word' id='word_1_156' title='bbox 1065 2072 1199 2140; x_wconf 91' lang='lat' dir='ltr'><strong>abolitis</strong></span> <span class='ocrx_word' id='word_1_157' title='bbox 1225 2073 1381 2142; x_wconf 90' lang='lat' dir='ltr'><strong>omnibus</strong></span> 
     </span>
     <span class='ocr_line' id='line_1_21' title="bbox 246 2170 1381 2260; baseline 0.003 -22"><span class='ocrx_word' id='word_1_158' title='bbox 246 2171 414 2260; x_wconf 90' lang='lat' dir='ltr'><strong>preteritis</strong></span> <span class='ocrx_word' id='word_1_159' title='bbox 432 2188 472 2238; x_wconf 89' lang='lat' dir='ltr'><strong>ac</strong></span> <span class='ocrx_word' id='word_1_160' title='bbox 483 2170 655 2237; x_wconf 81' lang='lat' dir='ltr'><strong>retroactis</strong></span> <span class='ocrx_word' id='word_1_161' title='bbox 672 2170 962 2254; x_wconf 83' lang='lat' dir='ltr'><strong>concussionibus,</strong></span> <span class='ocrx_word' id='word_1_162' title='bbox 985 2173 1076 2257; x_wconf 82' lang='lat' dir='ltr'><strong>regis</strong></span> <span class='ocrx_word' id='word_1_163' title='bbox 1092 2176 1126 2238; x_wconf 92' lang='lat' dir='ltr'><strong>et</strong></span> <span class='ocrx_word' id='word_1_164' title='bbox 1142 2171 1381 2241; x_wconf 82' lang='lat' dir='ltr'><strong>suommlrlio-</strong></span> 
     </span>
     <span class='ocr_line' id='line_1_22' title="bbox 246 2269 1383 2360; baseline 0 -22"><span class='ocrx_word' id='word_1_165' title='bbox 246 2289 317 2338; x_wconf 95' lang='lat' dir='ltr'><strong>rum</strong></span> <span class='ocrx_word' id='word_1_166' title='bbox 344 2270 484 2354; x_wconf 80' lang='lat' dir='ltr'><strong>gratiam</strong></span> <span class='ocrx_word' id='word_1_167' title='bbox 509 2269 639 2358; x_wconf 92' lang='lat' dir='ltr'><strong>pacatis</strong></span> <span class='ocrx_word' id='word_1_168' title='bbox 667 2269 819 2337; x_wconf 93' lang='lat' dir='ltr'><strong>omnibus</strong></span> <span class='ocrx_word' id='word_1_169' title='bbox 846 2270 1033 2360; x_wconf 88' lang='lat' dir='ltr'><strong>acquisivit,</strong></span> <span class='ocrx_word' id='word_1_170' title='bbox 1062 2287 1244 2357; x_wconf 86' lang='lat' dir='ltr'><strong>eorumque</strong></span> <span class='ocrx_word' id='word_1_171' title='bbox 1271 2269 1383 2338; x_wconf 87' lang='lat' dir='ltr'><strong>lamu-</strong></span> 
     </span>
     <span class='ocr_line' id='line_1_23' title="bbox 246 2367 1382 2458; baseline 0.003 -22"><span class='ocrx_word' id='word_1_172' title='bbox 246 2368 369 2436; x_wconf 90' lang='lat' dir='ltr'><strong>latibus</strong></span> <span class='ocrx_word' id='word_1_173' title='bbox 388 2367 528 2436; x_wconf 83' lang='lat' dir='ltr'><strong>fideliter</strong></span> <span class='ocrx_word' id='word_1_174' title='bbox 548 2372 582 2436; x_wconf 91' lang='lat' dir='ltr'><strong>in</strong></span> <span class='ocrx_word' id='word_1_175' title='bbox 601 2373 699 2436; x_wconf 88' lang='lat' dir='ltr'><strong>antea</strong></span> <span class='ocrx_word' id='word_1_176' title='bbox 717 2385 754 2436; x_wconf 91' lang='lat' dir='ltr'><strong>se</strong></span> <span class='ocrx_word' id='word_1_177' title='bbox 772 2369 919 2436; x_wconf 90' lang='lat' dir='ltr'><strong>vincivit.</strong></span> <span class='ocrx_word' id='word_1_178' title='bbox 950 2368 1012 2436; x_wconf 92' lang='lat' dir='ltr'><strong>Hic</strong></span> <span class='ocrx_word' id='word_1_179' title='bbox 1038 2369 1207 2457; x_wconf 92' lang='lat' dir='ltr'><strong>episcopis</strong></span> <span class='ocrx_word' id='word_1_180' title='bbox 1233 2387 1382 2458; x_wconf 88' lang='lat' dir='ltr'><strong>proseu-</strong></span> 
     </span>
    </p>
   </div>
   <div class='ocr_carea' id='block_1_4' title="bbox 172 2465 1388 4230">
    <p class='ocr_par' dir='ltr' id='par_1_4' title="bbox 245 2465 1386 3348">
     <span class='ocr_line' id='line_1_24' title="bbox 246 2465 1381 2559; baseline 0.002 -23"><span class='ocrx_word' id='word_1_181' title='bbox 246 2467 334 2536; x_wconf 91' lang='lat' dir='ltr'><strong>tibus</strong></span> <span class='ocrx_word' id='word_1_182' title='bbox 355 2469 467 2536; x_wconf 92' lang='lat' dir='ltr'><strong>vinum</strong></span> <span class='ocrx_word' id='word_1_183' title='bbox 486 2465 683 2553; x_wconf 85' lang='lat' dir='ltr'><strong>Regivolum</strong></span> <span class='ocrx_word' id='word_1_184' title='bbox 704 2471 737 2535; x_wconf 93' lang='lat' dir='ltr'><strong>et</strong></span> <span class='ocrx_word' id='word_1_185' title='bbox 755 2483 878 2535; x_wconf 92' lang='lat' dir='ltr'><strong>esoces</strong></span> <span class='ocrx_word' id='word_1_186' title='bbox 903 2468 1017 2555; x_wconf 88' lang='lat' dir='ltr'><strong>pisces</strong></span> <span class='ocrx_word' id='word_1_187' title='bbox 1042 2466 1260 2559; x_wconf 88' lang='lat' dir='ltr'><strong>Danubiales,</strong></span> <span class='ocrx_word' id='word_1_188' title='bbox 1287 2486 1381 2538; x_wconf 88' lang='lat' dir='ltr'><strong>raros</strong></span> 
     </span>
     <span class='ocr_line' id='line_1_25' title="bbox 245 2566 1383 2657; baseline 0.002 -22"><span class='ocrx_word' id='word_1_189' title='bbox 245 2568 279 2635; x_wconf 95' lang='lat' dir='ltr'><strong>in</strong></span> <span class='ocrx_word' id='word_1_190' title='bbox 307 2583 421 2635; x_wconf 92' lang='lat' dir='ltr'><strong>eorum</strong></span> <span class='ocrx_word' id='word_1_191' title='bbox 445 2567 605 2657; x_wconf 91' lang='lat' dir='ltr'><strong>partibus,</strong></span> <span class='ocrx_word' id='word_1_192' title='bbox 633 2584 707 2635; x_wconf 92' lang='lat' dir='ltr'><strong>curn</strong></span> <span class='ocrx_word' id='word_1_193' title='bbox 737 2567 924 2635; x_wconf 88' lang='lat' dir='ltr'><strong>reverentia</strong></span> <span class='ocrx_word' id='word_1_194' title='bbox 949 2567 1153 2654; x_wconf 91' lang='lat' dir='ltr'><strong>propinavit,</strong></span> <span class='ocrx_word' id='word_1_195' title='bbox 1181 2566 1383 2656; x_wconf 85' lang='lat' dir='ltr'><strong>divitiusque</strong></span> 
     </span>
     <span class='ocr_line' id='line_1_26' title="bbox 248 2664 1383 2754; baseline 0.002 -21"><span class='ocrx_word' id='word_1_196' title='bbox 248 2672 283 2734; x_wconf 88' lang='lat' dir='ltr'><strong>et</strong></span> <span class='ocrx_word' id='word_1_197' title='bbox 307 2666 445 2752; x_wconf 84' lang='lat' dir='ltr'><strong>gloriam</strong></span> <span class='ocrx_word' id='word_1_198' title='bbox 474 2682 568 2734; x_wconf 91' lang='lat' dir='ltr'><strong>suam</strong></span> <span class='ocrx_word' id='word_1_199' title='bbox 593 2672 684 2733; x_wconf 90' lang='lat' dir='ltr'><strong>tante</strong></span> <span class='ocrx_word' id='word_1_200' title='bbox 709 2666 965 2754; x_wconf 90' lang='lat' dir='ltr'><strong>presentationis</strong></span> <span class='ocrx_word' id='word_1_201' title='bbox 993 2664 1104 2733; x_wconf 88' lang='lat' dir='ltr'><strong>studio</strong></span> <span class='ocrx_word' id='word_1_202' title='bbox 1131 2665 1383 2736; x_wconf 83' lang='lat' dir='ltr'><strong>demonstravit</strong></span> 
     </span>
     <span class='ocr_line' id='line_1_27' title="bbox 249 2760 1384 2854; baseline 0 -21"><span class='ocrx_word' id='word_1_203' title='bbox 249 2764 366 2834; x_wconf 89' lang='lat' dir='ltr'><strong>Saluta</strong></span> <span class='ocrx_word' id='word_1_204' title='bbox 398 2766 489 2832; x_wconf 87' lang='lat' dir='ltr'><strong>curia</strong></span> <span class='ocrx_word' id='word_1_205' title='bbox 529 2782 588 2832; x_wconf 93' lang='lat' dir='ltr'><strong>rex</strong></span> <span class='ocrx_word' id='word_1_206' title='bbox 620 2766 743 2852; x_wconf 91' lang='lat' dir='ltr'><strong>optimo</strong></span> <span class='ocrx_word' id='word_1_207' title='bbox 775 2763 880 2832; x_wconf 86' lang='lat' dir='ltr'><strong>iretus</strong></span> <span class='ocrx_word' id='word_1_208' title='bbox 915 2764 1056 2832; x_wconf 89' lang='lat' dir='ltr'><strong>oonsilio</strong></span> <span class='ocrx_word' id='word_1_209' title='bbox 1083 2763 1125 2832; x_wconf 89' lang='lat' dir='ltr'><strong>ad</strong></span> <span class='ocrx_word' id='word_1_210' title='bbox 1152 2760 1297 2832; x_wconf 90' lang='lat' dir='ltr'><strong>curiam¹</strong></span> <span class='ocrx_word' id='word_1_211' title='bbox 1323 2783 1384 2854; x_wconf 94' lang='lat' dir='ltr'><strong>pro</strong></span> 
     </span>
     <span class='ocr_line' id='line_1_28' title="bbox 250 2862 1385 2952; baseline 0.001 -21"><span class='ocrx_word' id='word_1_212' title='bbox 250 2881 311 2932; x_wconf 93' lang='lat' dir='ltr'><strong>sua</strong></span> <span class='ocrx_word' id='word_1_213' title='bbox 328 2862 568 2952; x_wconf 91' lang='lat' dir='ltr'><strong>approbatione</strong></span> <span class='ocrx_word' id='word_1_214' title='bbox 592 2865 750 2948; x_wconf 83' lang='lat' dir='ltr'><strong>egregios</strong></span> <span class='ocrx_word' id='word_1_215' title='bbox 769 2865 860 2931; x_wconf 90' lang='lat' dir='ltr'><strong>viros</strong></span> <span class='ocrx_word' id='word_1_216' title='bbox 877 2863 1058 2932; x_wconf 87' lang='lat' dir='ltr'><strong>Iohannem</strong></span> <span class='ocrx_word' id='word_1_217' title='bbox 1076 2862 1268 2931; x_wconf 70' lang='lat' dir='ltr'><strong>&#39;bellensem</strong></span> <span class='ocrx_word' id='word_1_218' title='bbox 1290 2870 1385 2952; x_wconf 92' lang='lat' dir='ltr'><strong>epis-</strong></span> 
     </span>
     <span class='ocr_line' id='line_1_29' title="bbox 250 2958 1383 3052; baseline 0.001 -22"><span class='ocrx_word' id='word_1_219' title='bbox 250 2980 381 3052; x_wconf 93' lang='lat' dir='ltr'><strong>copum,</strong></span> <span class='ocrx_word' id='word_1_220' title='bbox 397 2961 501 3029; x_wconf 91' lang='lat' dir='ltr'><strong>libere</strong></span> <span class='ocrx_word' id='word_1_221' title='bbox 517 2958 719 3029; x_wconf 90' lang='lat' dir='ltr'><strong>conditionis</strong></span> <span class='ocrx_word' id='word_1_222' title='bbox 737 2963 841 3029; x_wconf 89' lang='lat' dir='ltr'><strong>virum</strong></span> <span class='ocrx_word' id='word_1_223' title='bbox 863 2967 897 3029; x_wconf 95' lang='lat' dir='ltr'><strong>et</strong></span> <span class='ocrx_word' id='word_1_224' title='bbox 910 2961 1176 3052; x_wconf 88' lang='lat' dir='ltr'><strong>literatissimum,</strong></span> <span class='ocrx_word' id='word_1_225' title='bbox 1192 2967 1226 3030; x_wconf 93' lang='lat' dir='ltr'><strong>et</strong></span> <span class='ocrx_word' id='word_1_226' title='bbox 1243 2969 1383 3051; x_wconf 86' lang='lat' dir='ltr'><strong>specta-</strong></span> 
     </span>
     <span class='ocr_line' id='line_1_30' title="bbox 249 3056 1384 3151; baseline 0.001 -23"><span class='ocrx_word' id='word_1_227' title='bbox 249 3061 348 3128; x_wconf 91' lang='lat' dir='ltr'><strong>bilem</strong></span> <span class='ocrx_word' id='word_1_228' title='bbox 374 3061 526 3128; x_wconf 92' lang='lat' dir='ltr'><strong>comitem</strong></span> <span class='ocrx_word' id='word_1_229' title='bbox 547 3058 588 3128; x_wconf 89' lang='lat' dir='ltr'><strong>de</strong></span> <span class='ocrx_word' id='word_1_230' title='bbox 606 3056 797 3149; x_wconf 84' lang='lat' dir='ltr'><strong>Oettiugen,</strong></span> <span class='ocrx_word' id='word_1_231' title='bbox 823 3061 1002 3129; x_wconf 86' lang='lat' dir='ltr'><strong>instructos</strong></span> <span class='ocrx_word' id='word_1_232' title='bbox 1020 3059 1062 3129; x_wconf 88' lang='lat' dir='ltr'><strong>da</strong></span> <span class='ocrx_word' id='word_1_233' title='bbox 1079 3061 1244 3151; x_wconf 91' lang='lat' dir='ltr'><strong>omnibus,</strong></span> <span class='ocrx_word' id='word_1_234' title='bbox 1272 3060 1384 3130; x_wconf 89' lang='lat' dir='ltr'><strong>desti-</strong></span> 
     </span>
     <span class='ocr_line' id='line_1_31' title="bbox 251 3156 1386 3250; baseline 0.002 -23"><span class='ocrx_word' id='word_1_235' title='bbox 251 3161 351 3228; x_wconf 90' lang='lat' dir='ltr'><strong>navit.</strong></span> <span class='ocrx_word' id='word_1_236' title='bbox 384 3156 448 3238; x_wconf 85' lang='lat' dir='ltr'><strong>oui</strong></span> <span class='ocrx_word' id='word_1_237' title='bbox 474 3160 584 3227; x_wconf 93' lang='lat' dir='ltr'><strong>omnia</strong></span> <span class='ocrx_word' id='word_1_238' title='bbox 610 3161 787 3227; x_wconf 91' lang='lat' dir='ltr'><strong>commissa</strong></span> <span class='ocrx_word' id='word_1_239' title='bbox 819 3160 1064 3228; x_wconf 89' lang='lat' dir='ltr'><strong>modestissime</strong></span> <span class='ocrx_word' id='word_1_240' title='bbox 1091 3161 1230 3228; x_wconf 91' lang='lat' dir='ltr'><strong>sinceris</strong></span> <span class='ocrx_word' id='word_1_241' title='bbox 1255 3177 1386 3250; x_wconf 93' lang='lat' dir='ltr'><strong>propo-</strong></span> 
     </span>
     <span class='ocr_line' id='line_1_32' title="bbox 252 3257 1105 3348; baseline 0.001 -22"><span class='ocrx_word' id='word_1_242' title='bbox 252 3257 428 3327; x_wconf 89' lang='lat' dir='ltr'><strong>sitionibus</strong></span> <span class='ocrx_word' id='word_1_243' title='bbox 455 3262 673 3348; x_wconf 86' lang='lat' dir='ltr'><strong>exequentes,</strong></span> <span class='ocrx_word' id='word_1_244' title='bbox 699 3259 840 3326; x_wconf 91' lang='lat' dir='ltr'><strong>inaniter</strong></span> <span class='ocrx_word' id='word_1_245' title='bbox 865 3264 942 3327; x_wconf 93' lang='lat' dir='ltr'><strong>sunt</strong></span> <span class='ocrx_word' id='word_1_246' title='bbox 967 3259 1105 3327; x_wconf 87' lang='lat' dir='ltr'><strong>reversi.</strong></span> 
     </span>
    </p>

    <p class='ocr_par' dir='ltr' id='par_1_5' title="bbox 253 3356 1388 3746">
     <span class='ocr_line' id='line_1_33' title="bbox 326 3356 1388 3447; baseline 0.003 -22"><span class='ocrx_word' id='word_1_247' title='bbox 326 3356 400 3425; x_wconf 92' lang='lat' dir='ltr'><strong>Hoc</strong></span> <span class='ocrx_word' id='word_1_248' title='bbox 417 3362 565 3446; x_wconf 92' lang='lat' dir='ltr'><strong>tempore</strong></span> <span class='ocrx_word' id='word_1_249' title='bbox 579 3356 702 3426; x_wconf 93' lang='lat' dir='ltr'><strong>bellum</strong></span> <span class='ocrx_word' id='word_1_250' title='bbox 716 3358 917 3426; x_wconf 79' lang='lat' dir='ltr'><strong>Francorum</strong></span> <span class='ocrx_word' id='word_1_251' title='bbox 931 3375 1003 3425; x_wconf 93' lang='lat' dir='ltr'><strong>cum</strong></span> <span class='ocrx_word' id='word_1_252' title='bbox 1017 3356 1278 3426; x_wconf 85' lang='lat' dir='ltr'><strong>Flanrlrensibus</strong></span> <span class='ocrx_word' id='word_1_253' title='bbox 1298 3376 1388 3447; x_wconf 82' lang='lat' dir='ltr'><strong>age-</strong></span> 
     </span>
     <span class='ocr_line' id='line_1_34' title="bbox 253 3455 1387 3547; baseline 0.002 -23"><span class='ocrx_word' id='word_1_254' title='bbox 253 3455 359 3547; x_wconf 89' lang='lat' dir='ltr'><strong>batur,</strong></span> <span class='ocrx_word' id='word_1_255' title='bbox 375 3455 465 3543; x_wconf 87' lang='lat' dir='ltr'><strong>quod</strong></span> <span class='ocrx_word' id='word_1_256' title='bbox 479 3459 514 3524; x_wconf 92' lang='lat' dir='ltr'><strong>in</strong></span> <span class='ocrx_word' id='word_1_257' title='bbox 526 3455 664 3542; x_wconf 83' lang='lat' dir='ltr'><strong>longum</strong></span> <span class='ocrx_word' id='word_1_258' title='bbox 680 3457 878 3526; x_wconf 89' lang='lat' dir='ltr'><strong>trahebatur.</strong></span> <span class='ocrx_word' id='word_1_259' title='bbox 893 3456 1019 3544; x_wconf 82' lang='lat' dir='ltr'><strong>Regem</strong></span> <span class='ocrx_word' id='word_1_260' title='bbox 1034 3458 1121 3524; x_wconf 88' lang='lat' dir='ltr'><strong>eninr</strong></span> <span class='ocrx_word' id='word_1_261' title='bbox 1138 3455 1201 3526; x_wconf 93' lang='lat' dir='ltr'><strong>sibi</strong></span> <span class='ocrx_word' id='word_1_262' title='bbox 1219 3458 1387 3545; x_wconf 85' lang='lat' dir='ltr'><strong>quendam</strong></span> 
     </span>
     <span class='ocr_line' id='line_1_35' title="bbox 253 3556 1388 3645; baseline 0.003 -23"><span class='ocrx_word' id='word_1_263' title='bbox 253 3556 386 3625; x_wconf 85' lang='lat' dir='ltr'><strong>textrini</strong></span> <span class='ocrx_word' id='word_1_264' title='bbox 413 3556 524 3645; x_wconf 89' lang='lat' dir='ltr'><strong>operis</strong></span> <span class='ocrx_word' id='word_1_265' title='bbox 553 3556 683 3624; x_wconf 89' lang='lat' dir='ltr'><strong>Petrum</strong></span> <span class='ocrx_word' id='word_1_266' title='bbox 715 3557 955 3625; x_wconf 89' lang='lat' dir='ltr'><strong>constituerant</strong></span> <span class='ocrx_word' id='word_1_267' title='bbox 988 3557 1140 3625; x_wconf 89' lang='lat' dir='ltr'><strong>civitates</strong></span> <span class='ocrx_word' id='word_1_268' title='bbox 1175 3573 1237 3625; x_wconf 94' lang='lat' dir='ltr'><strong>suo</strong></span> <span class='ocrx_word' id='word_1_269' title='bbox 1267 3558 1388 3626; x_wconf 88' lang='lat' dir='ltr'><strong>comite</strong></span> 
     </span>
     <span class='ocr_line' id='line_1_36' title="bbox 254 3652 1388 3746; baseline 0.001 -24"><span class='ocrx_word' id='word_1_270' title='bbox 254 3654 423 3746; x_wconf 89' lang='lat' dir='ltr'><strong>destitute,</strong></span> <span class='ocrx_word' id='word_1_271' title='bbox 451 3660 484 3723; x_wconf 89' lang='lat' dir='ltr'><strong>et</strong></span> <span class='ocrx_word' id='word_1_272' title='bbox 496 3652 739 3723; x_wconf 89' lang='lat' dir='ltr'><strong>ooniluentibus</strong></span> <span class='ocrx_word' id='word_1_273' title='bbox 756 3655 799 3723; x_wconf 91' lang='lat' dir='ltr'><strong>ud</strong></span> <span class='ocrx_word' id='word_1_274' title='bbox 817 3672 878 3723; x_wconf 91' lang='lat' dir='ltr'><strong>eos</strong></span> <span class='ocrx_word' id='word_1_275' title='bbox 897 3654 937 3722; x_wconf 89' lang='lat' dir='ltr'><strong>de</strong></span> <span class='ocrx_word' id='word_1_276' title='bbox 958 3654 1101 3723; x_wconf 91' lang='lat' dir='ltr'><strong>diversis</strong></span> <span class='ocrx_word' id='word_1_277' title='bbox 1119 3655 1269 3744; x_wconf 89' lang='lat' dir='ltr'><strong>partibus</strong></span> <span class='ocrx_word' id='word_1_278' title='bbox 1282 3655 1388 3734; x_wconf 82' lang='lat' dir='ltr'><strong>nebi-</strong></span> 
     </span>
    </p>

    <p class='ocr_par' dir='ltr' id='par_1_6' title="bbox 172 3751 1387 4230">
     <span class='ocr_line' id='line_1_37' title="bbox 173 3751 1386 3841; baseline 0.001 -20"><span class='ocrx_word' id='word_1_279' title='bbox 173 3759 239 3812; x_wconf 80' lang='lat'>1302</span> <span class='ocrx_word' id='word_1_280' title='bbox 253 3754 340 3822; x_wconf 89' lang='lat' dir='ltr'><strong>libus</strong></span> <span class='ocrx_word' id='word_1_281' title='bbox 365 3753 503 3822; x_wconf 90' lang='lat' dir='ltr'><strong>viriliter</strong></span> <span class='ocrx_word' id='word_1_282' title='bbox 528 3751 739 3822; x_wconf 89' lang='lat' dir='ltr'><strong>resistebent.</strong></span> <span class='ocrx_word' id='word_1_283' title='bbox 769 3753 833 3822; x_wconf 91' lang='lat' dir='ltr'><strong>Ubi</strong></span> <span class='ocrx_word' id='word_1_284' title='bbox 851 3753 937 3822; x_wconf 88' lang='lat' dir='ltr'><strong>adeo</strong></span> <span class='ocrx_word' id='word_1_285' title='bbox 959 3753 1071 3822; x_wconf 87' lang='lat' dir='ltr'><strong>deleta</strong></span> <span class='ocrx_word' id='word_1_286' title='bbox 1087 3760 1138 3822; x_wconf 89' lang='lat' dir='ltr'><strong>est</strong></span> <span class='ocrx_word' id='word_1_287' title='bbox 1160 3754 1273 3822; x_wconf 86' lang='lat' dir='ltr'><strong>mrlitia</strong></span> <span class='ocrx_word' id='word_1_288' title='bbox 1295 3755 1386 3841; x_wconf 81' lang='lat' dir='ltr'><strong>regis</strong></span> 
     </span>
     <span class='ocr_line' id='line_1_38' title="bbox 172 3843 1387 3951; baseline 0 -31"><span class='ocrx_word' id='word_1_289' title='bbox 172 3843 227 3951; x_wconf 41' lang='lat'><strong>¹⁰12</strong></span> <span class='ocrx_word' id='word_1_290' title='bbox 254 3852 402 3943; x_wconf 81' lang='lat' dir='ltr'><strong>Francie,</strong></span> <span class='ocrx_word' id='word_1_291' title='bbox 428 3857 465 3921; x_wconf 95' lang='lat' dir='ltr'><strong>ut</strong></span> <span class='ocrx_word' id='word_1_292' title='bbox 490 3852 622 3921; x_wconf 91' lang='lat' dir='ltr'><strong>nobiles</strong></span> <span class='ocrx_word' id='word_1_293' title='bbox 646 3851 747 3920; x_wconf 89' lang='lat' dir='ltr'><strong>vidue</strong></span> <span class='ocrx_word' id='word_1_294' title='bbox 766 3853 888 3943; x_wconf 92' lang='lat' dir='ltr'><strong>plures,</strong></span> <span class='ocrx_word' id='word_1_295' title='bbox 915 3853 1038 3921; x_wconf 89' lang='lat' dir='ltr'><strong>maritis</strong></span> <span class='ocrx_word' id='word_1_296' title='bbox 1065 3854 1198 3943; x_wconf 90' lang='lat' dir='ltr'><strong>occisis,</strong></span> <span class='ocrx_word' id='word_1_297' title='bbox 1225 3851 1387 3921; x_wconf 82' lang='lat' dir='ltr'><strong>ducerent</strong></span> 
     </span>
     <span class='ocr_line' id='line_1_39' title="bbox 255 3951 1386 4042; baseline 0.001 -23"><span class='ocrx_word' id='word_1_298' title='bbox 255 3952 407 4039; x_wconf 77' lang='lat' dir='ltr'><strong>clericae,</strong></span> <span class='ocrx_word' id='word_1_299' title='bbox 434 3952 490 4039; x_wconf 82' lang='lat' dir='ltr'><strong>qui</strong></span> <span class='ocrx_word' id='word_1_300' title='bbox 505 3952 679 4020; x_wconf 88' lang='lat' dir='ltr'><strong>instaurati</strong></span> <span class='ocrx_word' id='word_1_301' title='bbox 699 3951 734 4018; x_wconf 92' lang='lat' dir='ltr'><strong>in</strong></span> <span class='ocrx_word' id='word_1_302' title='bbox 756 3969 926 4020; x_wconf 91' lang='lat' dir='ltr'><strong>numerum</strong></span> <span class='ocrx_word' id='word_1_303' title='bbox 941 3953 1140 4042; x_wconf 90' lang='lat' dir='ltr'><strong>occisorum,</strong></span> <span class='ocrx_word' id='word_1_304' title='bbox 1158 3951 1386 4039; x_wconf 89' lang='lat' dir='ltr'><strong>spiritualibus</strong></span> 
     </span>
     <span class='ocr_line' id='line_1_40' title="bbox 254 4048 1345 4139; baseline 0 -21"><span class='ocrx_word' id='word_1_305' title='bbox 254 4051 355 4118; x_wconf 91' lang='lat' dir='ltr'><strong>armis</strong></span> <span class='ocrx_word' id='word_1_306' title='bbox 368 4048 518 4139; x_wconf 89' lang='lat' dir='ltr'><strong>abiectis,</strong></span> <span class='ocrx_word' id='word_1_307' title='bbox 538 4055 661 4137; x_wconf 85' lang='lat' dir='ltr'><strong>agente</strong></span> <span class='ocrx_word' id='word_1_308' title='bbox 680 4067 761 4136; x_wconf 84' lang='lat' dir='ltr'><strong>rege</strong></span> <span class='ocrx_word' id='word_1_309' title='bbox 780 4049 901 4120; x_wconf 86' lang='lat' dir='ltr'><strong>deiude</strong></span> <span class='ocrx_word' id='word_1_310' title='bbox 917 4051 1112 4121; x_wconf 89' lang='lat' dir='ltr'><strong>seculariter</strong></span> <span class='ocrx_word' id='word_1_311' title='bbox 1129 4051 1313 4119; x_wconf 86' lang='lat' dir='ltr'><strong>militarent.</strong></span> <span class='ocrx_word' id='word_1_312' title='bbox 1339 4067 1345 4074; x_wconf 90' lang='lat'><em>·</em></span> 
     </span>
     <span class='ocr_line' id='line_1_41' title="bbox 288 4159 686 4230; baseline -0.003 -15"><span class='ocrx_word' id='word_1_313' title='bbox 288 4162 318 4222; x_wconf 80' lang='lat' dir='ltr'><strong>ll</strong></span> <span class='ocrx_word' id='word_1_314' title='bbox 337 4175 368 4212; x_wconf 90' lang='lat' dir='ltr'><strong>an</strong></span> <span class='ocrx_word' id='word_1_315' title='bbox 388 4159 438 4214; x_wconf 88' lang='lat' dir='ltr'><strong>den</strong></span> <span class='ocrx_word' id='word_1_316' title='bbox 457 4159 618 4230; x_wconf 78' lang='lat' dir='ltr'><strong>pibsllicben</strong></span> <span class='ocrx_word' id='word_1_317' title='bbox 637 4160 686 4214; x_wconf 85' lang='lat' dir='ltr'><strong>boi.</strong></span> 
     </span>
    </p>
   </div>
   <div class='ocr_carea' id='block_1_5' title="bbox 0 0 1539 4882">
    <p class='ocr_par' dir='ltr' id='par_1_7' title="bbox 0 0 1539 4882">
     <span class='ocr_line' id='line_1_42' title="bbox 0 0 1539 4882; baseline 0 0"><span class='ocrx_word' id='word_1_318' title='bbox 0 0 1539 4882; x_wconf 95' lang='lat' dir='ltr'><strong> </strong></span> 
     </span>
    </p>
   </div>
  </div>
 </body>
</html>
