3096 4882
301 149 375 219 254
662 174 730 221 vnn
752 173 860 218 ninom
881 173 989 228 ouanrr
1010 175 1070 219 rur.

216 321 283 378 1337
302 313 472 385 doduoens
493 330 557 382 nos
578 313 777 400 pervellem
796 306 883 382 Cad¹
897 330 1007 400 usque
1030 313 1065 380 in
1083 312 1272 382 comitatum
1288 312 1424 404 Tyrolis,

301 415 358 484 ubi
383 432 445 503 pro
472 419 550 480 tune
575 429 635 500 pro
662 410 761 481 fratre
788 417 926 504 nostro,
954 413 1010 500 qni
1035 429 1119 501 puer
1144 417 1179 480 et
1202 430 1325 501 parvus
1352 418 1425 503 emt,

301 502 586 604 presidebamus2.

225 633 282 674 rur
375 612 426 680 De
443 627 559 680 manse
576 610 715 679 autern
705 611 786 678 iunii
807 627 880 678 eum
900 606 1116 678 obsedissent
1132 609 1264 702 Veneti,
1291 609 1426 680 Floren-

301 713 369 802 tini‚
396 708 683 800 Mediolanenses,
709 708 894 798 Mantuani,
922 709 1152 778 Ferrarienses
1179 713 1213 778 et
1240 710 1294 778 olii
1320 727 1427 778 eorum

301 809 481 900 eomplioes
509 810 675 878 eivitatem
701 807 813 876 Padue
841 826 914 876 eum
940 809 1082 876 marimo
1107 814 1220 898 gente,
1240 809 1344 897 quusi
1360 827 1428 877 oum

301 909 417 978 deeem
436 907 567 977 milibus
587 909 732 995 equitum
759 913 955 975 armatorum
983 911 1016 974 ot
1042 924 1115 974 oum
1141 907 1268 976 infinito
1295 925 1428 978 numero

299 1009 464 1098 peditum,
493 1013 526 1075 et
552 1007 662 1095 aliqua
694 1025 771 1095 pars
798 1024 911 1075 eorum
939 1004 1155 1074 obsedissent
1180 1008 1285 1075 ouium
1311 1009 1427 1076 eivita-

301 1114 366 1176 tem
391 1107 596 1176 Feltrensem
624 1123 696 1173 eum
724 1107 884 1193 episeopo
910 1105 1073 1173 Feltrensi
1101 1104 1243 1174 Siooone
1269 1106 1311 1174 de
1332 1105 1430 1174 Cald-

301 1208 408 1276 mooio
419 1197 441 1297 ³,
470 1205 643 1274 comitibus
671 1203 912 1293 Soneensibus,
940 1203 1083 1272 dominis
1112 1202 1258 1272 Camino.
1298 1205 1341 1274 Et
1358 1205 1430 1278 dum

302 1305 359 1374 diu
377 1305 554 1373 stetissent
572 1304 606 1371 in
625 1301 801 1372 obsidione
827 1321 899 1370 oum
918 1304 1110 1390 quingentis
1131 1302 1273 1389 galeatis
1290 1309 1325 1372 et
1347 1305 1430 1373 mul·

302 1406 344 1473 tis
370 1403 549 1494 peditibus,
577 1404 655 1490 quio
681 1403 799 1470 eivitus
825 1401 984 1470 Padnana
1010 1419 1082 1470 oum
1108 1402 1270 1472 Feltrensi
1297 1411 1371 1473 erat
1392 1403 1430 1472 de

228 1547 233 1553 -
302 1503 447 1572 dominio
475 1501 611 1570 Mustini
644 1501 686 1570 de
712 1501 744 1568 la
772 1499 870 1570 Soula
904 1500 1028 1569 domini
1053 1501 1261 1571 Veronensis
1289 1509 1324 1570 et
1349 1504 1431 1590 alia·

301 1621 372 1671 nnn
399 1603 566 1672 civitatum
600 1618 666 1689 quo
692 1618 792 1690 supra
822 1601 992 1669 nominate
1024 1606 1121 1690 sunt,
1148 1607 1182 1669 et
1206 1603 1271 1669 iam
1296 1602 1432 1691 predicti

302 1703 424 1770 Veneti
459 1702 719 1788 requisivissent
753 1699 906 1785 Tunglan
940 1699 1148 1780 Saraballum
1174 1705 1208 1768 et
1237 1701 1431 1792 sessanum,

302 1819 367 1889 que
399 1800 440 1869 de
476 1799 624 1868 dominio
657 1798 735 1867 dieti
759 1797 896 1866 Mastini
922 1800 1117 1889 extiterant,
1153 1816 1337 1888 domosque
1367 1799 1432 1870 Co-

301 1900 401 1968 laltus
428 1897 613 1966 advoeatus
640 1898 793 1988 Tervisii‚
820 1903 854 1966 et
879 1915 978 1984 quarn
1003 1896 1116 1985 plures
1134 1898 1191 1966 alii
1215 1899 1432 1970 rebellassent

301 1997 452 2088 predicto
485 1996 632 2066 Mustino
660 2003 693 2065 et
728 2001 855 2064 starent
888 2014 962 2064 oum
997 1995 1157 2065 Venetis:
1193 1997 1328 2084 quidam
1356 2001 1432 2068 eivis

302 2098 444 2165 divitatis
475 2096 618 2164 Bellunii
648 2096 782 2166 nomina
815 2094 996 2163 Sudrooius
1024 2094 1066 2164 do
1090 2095 1288 2186 Bongagio.⁷
1315 2100 1431 2166 timens

302 2214 346 2264 ne
380 2195 584 2264 amitteretur
616 2196 665 2262 sio
692 2195 808 2262 civitas
840 2194 1040 2283 lolliensis,
1076 2199 1109 2262 et
1135 2213 1196 2283 per
1221 2213 1432 2287 consequens

301 2294 487 2364 Bellunium
520 2295 708 2382 perveniret
739 2293 774 2360 in
808 2311 926 2361 manus
953 2292 1155 2361 Venetorum
1187 2313 1271 2382 quos
1299 2297 1433 2386 speoia-

301 2393 376 2463 liter
402 2393 480 2463 odio
507 2391 662 2482 babebat,
690 2397 723 2460 et
748 2390 867 2460 videns
889 2409 927 2460 so
948 2391 1128 2460 obsessum
1148 2410 1192 2462 ex
1217 2397 1306 2464 omui
1332 2402 1433 2488 parte,

302 2495 464 2580 cogitavit
490 2491 531 2560 de
563 2491 686 2560 laoobo
717 2475 941 2581 Anosohuno,
975 2492 1031 2578 qui
1058 2509 1131 2559 eum
1158 2485 1329 2564 eastrisl.

302 2641 451 2663 .....
478 2596 511 2659 et
536 2591 754 2678 Budensteyn
780 2595 815 2657 et
844 2607 918 2657 oum
944 2589 1110 2677 aliquibus
1135 2593 1302 2662 montonis
1329 2598 1434 2685 perti·
1461 2658 1463 2662 .

301 2691 457 2760 uentibus
485 2689 527 2758 ad
553 2689 732 2758 dominium
757 2689 919 2778 Bellunii,
948 2687 1072 2757 dioioni
1097 2696 1218 2759 nostre
1239 2709 1276 2760 se
1303 2710 1434 2785 suppo-

303 2791 425 2859 suerat.
468 2788 510 2856 Et
523 2790 665 2857 veniens
691 2786 733 2856 ad
758 2805 822 2857 nos
849 2789 1106 2857 communicarit
1122 2790 1262 2858 oonsilio
1282 2793 1315 2859 in
1335 2813 1434 2883 parva

301 2890 380 2956 navi
407 2898 536 2956 secrete
570 2905 613 2954 ne
647 2891 808 2957 resonent
833 2888 954 2956 Veneti
981 2891 1015 2954 et
1040 2887 1193 2956 dominus
1219 2889 1438 2976 Veronensis

304 2988 382 3072 quia
408 2991 524 3055 oontru
548 2989 657 3074 ipsum
687 2986 847 3077 iaciebat,
875 2985 1009 3054 dioens:
1042 2985 1078 3054 St
1097 2990 1241 3072 possetis
1267 2990 1434 3060 bulmere

302 3088 336 3152 et
357 3085 479 3170 fayore
503 3083 613 3152 nosos
639 3105 662 3153 u
687 3087 819 3154 oioitute
843 3085 1000 3152 Feror-ensi
1023 3103 1123 3152 unum
1142 3091 1277 3172 portum
1294 3091 1434 3158 aalma

302 3182 417 3250 uellem
449 3183 541 3251 uobis
571 3187 717 3270 operire,
752 3185 831 3269 quia
855 3185 973 3270 pomus
1001 3183 1092 3252 vobis
1114 3185 1215 3269 foveo
1240 3188 1281 3254 de
1305 3191 1434 3258 civitate

302 3299 402 3369 wem
427 3282 523 3349 alteri
549 3285 746 3369 cuicumque.
788 3283 863 3369 Ego
881 3301 962 3351 vero
985 3283 1163 3352 attendens
1189 3286 1292 3355 verba
1316 3289 1433 3378 ipsios,

302 3381 403 3470 posui
429 3380 494 3450 sibi
520 3388 643 3450 eertum
671 3382 757 3451 diem
784 3400 850 3470 qua
877 3387 1006 3450 secrete
1033 3383 1190 3453 venirem.

377 3479 420 3548 Et
446 3481 525 3567 quiu
555 3482 732 3569 oportebat
753 3499 805 3549 mo
837 3483 1007 3570 sapienter
1034 3498 1240 3568 eongregore
1269 3482 1432 3574 homines,

302 3585 439 3668 propter
480 3577 648 3667 quoddam
688 3581 834 3670 duellum
868 3579 1005 3649 duorum
1039 3580 1238 3649 nobilium
1229 3600 1263 3648 m
1297 3581 1434 3671 dyooesi

303 3669 542 3747 Novilorensi⁵
568 3697 669 3790 super
685 3656 835 3748 Atbesrm
854 3696 1046 3748 oonrooans
1068 3679 1189 3750 multos
1205 3681 1347 3772 nobiles,
1375 3681 1434 3750 sub

303 3777 419 3846 eolore
445 3770 504 3846 ao⁶
530 3779 559 3847 si
585 3779 681 3847 amiel
708 3797 821 3847 eorum
848 3778 997 3847 lacerent
1018 3778 1161 3866 aliquam
1178 3778 1435 3870 dissensionem,

337 3927 368 3996 l)
387 3928 462 3982 vallis
481 3927 624 3999 Cadubne,
649 3929 695 3983 das
712 3928 765 3983 tbal
789 3943 841 3982 ron
861 3927 961 3985 Cadere
983 3932 1016 3984 rst
1034 3930 1154 3994 gemeinl
1190 3927 1221 3994 2)
1239 3927 1330 3982 ubi-
1349 3930 1434 4051 gresi-

303 3993 426 4050 debamus
451 3995 544 4052 tulit·
536 4013 563 4051 rn
589 3971 634 4052 der
657 3998 696 4052 bs.
719 3998 747 4050 in
771 3996 817 4052 der
835 3998 890 4051 siob
908 4003 967 4052 stult
985 3997 1079 4050 dassen
1097 3997 1140 4048 ein
1157 3995 1243 4049 loeror
1260 4011 1331 4052 raum
1368 3998 1436 4052 ndat.

303 4063 335 4130 3)
354 4063 501 4121 Caldinorio
520 4066 596 4120 Rein.
630 4067 662 4132 l)
680 4066 743 4120 llier
760 4067 793 4119 ist
811 4067 837 4118 in
856 4067 902 4121 der
918 4063 956 4120 bs.
975 4067 1035 4120 eine
1053 4063 1129 4118 balbe
1147 4065 1212 4118 zeile
1230 4065 1295 4134 loen,
1311 4065 1354 4119 die
1372 4065 1434 4120 aocb

303 4145 350 4184 aus
367 4132 440 4187 llein.
465 4133 520 4188 sieb
546 4135 617 4188 nieht
641 4134 773 4201 ergiinzen
793 4133 867 4189 llisst.
916 4136 947 4204 5)
965 4131 1104 4190 Neumurkt
1120 4131 1250 4188 zwisohen
1268 4105 1367 4190 Bolzen
1385 4131 1435 4188 und

301 4198 398 4256 Trient
433 4201 465 4270 6)
482 4215 514 4258 ao
530 4201 615 4258 leblt'
607 4218 635 4257 m
654 4204 702 4258 der
718 4202 756 4256 bs.
