3028 4878
510 199 636 246 urceum
659 201 892 250 nsaerrerunsrs.
1199 179 1271 248 ll55

138 335 199 401 nisi
211 336 298 422 prior
313 339 591 422 etpreeuratoret
605 337 724 408 iratres
738 345 901 412 conversi.
927 342 1009 412 ltem
1028 343 1138 411 nullus
1157 360 1270 414 cerum

138 432 233 501 babet
267 433 438 520 singulare
465 436 651 527 proprium,
679 438 741 506 sed
767 441 877 510 omnia
904 443 939 508 in
964 443 1139 512 communi.
1173 442 1270 512 Unde

137 534 287 621 scripturn
315 535 425 601 estin
453 536 582 603 actibus
609 539 852 625 apestolorum:
887 540 1004 608 Nellos
1030 559 1141 608 eoram
1166 540 1268 610 bobe-

135 629 190 698 bot
208 633 397 717 propriam,
424 635 485 700 sed
513 638 611 700 erant
640 639 687 703 eis
712 640 823 704 omnia
847 641 1049 721 eommunia,
1076 644 1110 706 et
1132 641 1269 726 simpatia

135 731 335 798 dividebatur
349 735 450 815 preat
462 734 576 817 eoique
591 751 673 819 opes
691 741 773 806 erat.
799 737 1134 826 Hecsuperlieialiter
1146 741 1268 827 scripta

135 836 227 919 sunt,
263 847 327 916 que
355 849 434 897 vere
461 833 583 899 amanti
611 839 644 901 el
676 832 775 903 deum
809 835 959 922 diligenti
986 836 1097 906 laeilia
1123 843 1157 906 et
1181 839 1269 906 levia

136 935 237 996 erant.
268 928 364 996 Unde
382 929 448 997 le.:
474 929 614 999 Mandas
627 935 747 1000 transit
760 938 1070 1022 eteoncaptscente'u
1083 937 1160 1003 eius.
1186 937 1267 1004 Item

135 1028 223 1096 lero:
249 1027 360 1094 Facile
392 1031 587 1114 contempnit
617 1033 727 1098 omme
757 1035 811 1117 aei
836 1053 872 1102 se
896 1053 1024 1122 semper
1048 1037 1174 1121 capitol
1196 1054 1268 1102 mo-

134 1129 275 1194 rituram.
308 1126 389 1195 Item
416 1128 506 1195 Bon:
541 1129 640 1197 Vestis
666 1149 805 1215 aspero,
831 1133 921 1201 eibos
947 1136 1064 1218 lenuis,
1092 1151 1182 1202 merra
1207 1135 1268 1202 de-

135 1231 217 1310 eoto,
242 1224 424 1310 perfectum
450 1232 647 1294 consecrent
667 1229 909 1313 patriarcham.

203 1512 377 1587 Preterea¹
405 1525 459 1588 est
483 1521 665 1590 notandum
693 1522 783 1610 quod
799 1526 1016 1613 episcopatus
1040 1524 1268 1612 Herbipolen-

134 1621 179 1687 sis
205 1618 308 1686 habet
333 1620 479 1706 quinque
508 1621 651 1707 pellacia
677 1623 903 1713 episcopalia,
931 1643 1069 1710 querum
1096 1622 1269 1710 quodlibet

130 1718 206 1786 Sale
221 1718 406 1804 vulgariter
421 1725 640 1807 nuncapatur.
675 1720 814 1789 Primum
835 1721 965 1790 seilicet
988 1725 1022 1790 in
1050 1723 1183 1790 civitate
1206 1739 1271 1790 sna

130 1817 374 1906 Herbipolensi,
402 1823 436 1885 et
462 1825 603 1904 quatuor
627 1820 661 1886 in
688 1819 828 1906 dyocesi
855 1821 1110 1911 Herbipolensi‚
1139 1820 1269 1888 scilieet

131 1919 161 1983 in
186 1914 392 2004 Liitelsderl‚
418 1917 452 1983 in
477 1916 656 2008 Bunldorl‚
684 1920 718 1986 in
744 1919 804 1987 der
830 1919 1029 2010 Holenam,
1056 1923 1090 1989 in
1116 1919 1273 1988 Eltmeim

135 2023 166 2083 et
190 2016 224 2083 in
252 2015 532 2084 Frielrenhausen.

201 2115 345 2200 Insuper
368 2113 558 2183 notabiliter
583 2121 637 2183 est
665 2115 850 2206 sciendum,
877 2115 968 2203 qued
988 2115 1167 2184 recolende
1192 2133 1268 2184 me·
1373 2201 1376 2208 1

131 2214 231 2282 merie
259 2213 378 2280 beatus
397 2213 518 2304 Rruno,
545 2213 720 2282 Heinricus
748 2217 881 2304 tercius
908 2215 1117 2284 Hermannus
1133 2213 1175 2282 do
1193 2214 1266 2282 Lo-

130 2311 268 2402 deburg,
295 2311 521 2398 Manegeldus
541 2313 583 2380 de
601 2314 829 2402 Nuwenburg‚
849 2314 1053 2382 Wollramus
1073 2313 1116 2381 de
1134 2313 1268 2380 Griine-

130 2410 216 2479 bach
250 2416 284 2478 et
309 2408 388 2479 Otto
418 2411 584 2480 Wellskel
610 2413 709 2480 etiam
735 2411 777 2480 de
804 2412 982 2481 Griinbaeh
1007 2412 1269 2500 Herbipolenses

130 2511 281 2598 episcopi
307 2512 501 2578 successive
522 2510 635 2598 plures
654 2512 820 2580 eeclesias
839 2510 985 2580 dominia
1004 2518 1038 2580 et
1058 2511 1268 2578 municiones

129 2628 188 2696 pro
223 2608 399 2676 favorabili
433 2607 687 2697 amplificatione
721 2609 928 2678 honorabilis
960 2611 1098 2696 benigni
1124 2608 1267 2678 benefici

129 2714 163 2775 et
177 2709 268 2776 beati
291 2706 428 2774 dominii
447 2709 646 2776 venerabilis
666 2708 808 2776 ecclesie
829 2708 1085 2797 Herbipolensis
1112 2708 1267 2776 ordinare

128 2812 161 2874 et
186 2805 322 2875 ellieere
349 2812 559 2896 curaverunt,
587 2826 685 2894 quam
712 2807 803 2875 multi
829 2807 903 2897 alii,
931 2810 1036 2877 eciam
1062 2809 1095 2876 in
1121 2805 1266 2894 decuplo

127 2906 260 2996 plures,
294 2906 443 2994 episcopi
478 2905 742 2993 Herbipolenses
775 2912 841 2975 tarn
874 2907 1141 3010 predecessores
1169 2923 1289 2993 quam¹

128 3021 349 3073 successores
377 3022 503 3072 eorum.
1153 3025 1162 3050 r

201 3101 354 3171 Andreas
370 3121 451 3172 vero
470 3103 512 3171 de
533 3103 788 3194 Gundellrngen‚
816 3107 919 3174 eeiam
943 3106 1123 3192 episcopus
1142 3101 1267 3169 Herbi·
1286 3116 1352 3169 raes

127 3204 290 3292 polensis,
313 3221 372 3290 per
393 3201 562 3270 assiduam
580 3201 807 3271 rectitudinem
823 3210 855 3272 et
871 3204 1102 3274 executionem
1130 3201 1182 3266 sni
1208 3201 1265 3267 iu·
1285 3183 1352 3304 13¹ss

128 3301 207 3370 dicii
231 3303 406 3388 utriusque
432 3302 654 3369 ecelesiastici
671 3306 704 3369 et
719 3301 887 3394 mundam,
914 3319 1048 3370 necnon
1073 3300 1289 3388 plerumque.

127 3419 188 3488 per
216 3401 381 3469 motiones
408 3418 611 3487 gwerrarum
637 3401 812 3488 presertim
837 3403 872 3468 in
890 3404 955 3469 vim
977 3419 1037 3470 seu
1055 3397 1188 3467 modum
1207 3415 1268 3466 sue

126 3501 329 3586 potestative
356 3501 563 3568 executionis
589 3498 807 3567 iudicatarum
837 3518 945 3568 rerum
972 3505 1088 3567 eontra
1114 3497 1268 3565 otlenso-

127 3616 182 3666 res
209 3599 343 3667 iustieie
369 3616 410 3666 ae
436 3599 578 3666 ecclesie
605 3616 677 3687 sue,
704 3599 836 3668 sivein
864 3603 972 3687 eapite
1000 3599 1072 3665 sive
1099 3596 1133 3662 in
1161 3611 1266 3662 mern-

128 3696 209 3787 bris‚
238 3699 344 3766 extitit
369 3704 598 3786 prosperatus,

203 3795 372 3878 Gotlridus
396 3802 506 3864 autem
531 3795 573 3864 de
591 3794 790 3864 llobenloob
809 3797 989 3882 episeopus
1011 3790 1266 3878 Herbipolensis
1286 3808 1354 3876 1318

126 3893 190 3963 luit
216 3894 403 3964 vindicator
426 3895 616 3964 iniuriarum
642 3894 786 3962 ecclesie
804 3911 865 3962 sue
886 3901 949 3960 tam
976 3892 1010 3960 in
1033 3891 1141 3977 eapite
1169 3907 1267 3976 quam
1286 3879 1351 3999 13¹22

126 3993 161 4060 in
187 3993 344 4062 membris
370 3999 532 4079 satagens
558 3993 720 4062 dominari
736 3999 899 4081 potenter.
934 3992 976 4060 Et
994 3987 1174 4058 dominium
1191 3987 1268 4055 Hil-

163 4143 196 4207 l)
217 4143 260 4198 die
284 4144 340 4198 bier
364 4143 505 4210 folgenden
535 4145 592 4198 vier
614 4145 719 4200 abstine
744 4142 802 4198 sind
827 4157 879 4196 ven
899 4139 1010 4195 anderer
1029 4139 1096 4192 bend
1115 4137 1181 4192 decb
1202 4139 1272 4192 niebl

128 4213 182 4266 viel
201 4217 291 4281 spater
308 4212 508 4282 naebgetragen.
