3052 4878
442 235 603 283 onnonrcon
625 236 662 281 mr
684 236 809 283 uucrnus
831 237 987 283 nnrnnmu.
1214 210 1284 277 ltr

145 376 259 446 omnia
286 375 358 442 eius
384 379 547 462 precepta
573 374 665 442 nihili
691 379 895 462 reputantes.
928 373 1013 441 Dum
1037 379 1147 442 antem
1169 374 1285 442 Theu-

145 475 248 544 tonici
277 478 311 542 et
336 472 475 541 Bohcmi
501 472 558 540 diu
589 475 757 540 incassum
783 472 1011 563 laborassent,
1040 472 1173 540 tandem
1200 473 1285 541 snb-

145 575 260 642 tractis
287 572 329 639 alr
356 573 555 659 imperatore
582 571 769 662 stipendiis,
796 572 888 640 multi
909 588 1021 639 eorum
1041 573 1284 660 moriebantnr5

146 673 202 742 alii
228 688 310 740 vero
343 688 418 738 cum
452 670 640 738 infirmitate
675 670 730 737 alii
762 688 835 738 curn
861 675 1055 758 paupertate
1083 669 1125 738 ad
1150 673 1284 759 propria

145 771 325 841 redierunt.
369 770 448 858 lpse
470 787 552 837 vero
567 771 743 857 imperator
760 767 897 837 Romam
920 771 1094 855 ingressus
1114 769 1282 838 dominum
1310 794 1368 834 om.

145 888 266 961 papam
291 866 477 957 predictum
505 886 579 936 cunr
605 869 694 937 omni
722 867 954 955 solempnitate
975 887 1014 935 ac
1030 870 1216 936 reverentia
1242 887 1282 937 ac

144 969 367 1039 Romanorum
394 966 536 1055 tripudio
554 969 587 1033 in
608 966 794 1034 cathedram
822 967 1073 1034 collocaverunt
1098 968 1282 1055 apostolice

145 1068 329 1155 dignitatis.
373 1065 469 1134 Licet
491 1072 601 1133 autem
620 1065 722 1132 multa
737 1066 947 1153 particularia
963 1065 1051 1132 bella
1069 1073 1185 1134 contra
1203 1066 1283 1134 Me-

147 1167 379 1236 diolanensem
397 1165 559 1232 commisit
576 1182 637 1253 per
660 1164 772 1252 plures
791 1183 909 1254 annos,
937 1164 1147 1252 tyrannidem
1173 1169 1282 1233 tamen

147 1267 219 1334 eius
247 1263 450 1349 restringere
476 1280 545 1331 non
569 1263 715 1332 valebat.
762 1262 858 1331 Unde
883 1265 1082 1351 imperatore
1108 1267 1142 1332 in
1167 1263 1369 1332 Deba-1369

146 1367 244 1434 uriam
276 1379 432 1453 reverso,
460 1361 614 1431 dominus
645 1379 733 1451 papa
759 1362 801 1429 ab
828 1379 870 1430 eo
897 1361 1075 1430 derelictus
1103 1380 1141 1430 se
1166 1363 1283 1430 iterum
1304 1361 1365 1402 rua.

148 1463 316 1532 transtulit
332 1459 554 1552 Avenionam,
570 1461 626 1528 ubi
646 1464 743 1529 etiarn
763 1466 893 1548 tempus
911 1461 1075 1529 modicum
1089 1463 1282 1550 supervixit

218 1559 318 1630 Anno
337 1560 470 1629 Domini
497 1559 677 1628 mccclxx.
700 1560 782 1628 obiit
796 1559 949 1627 dominus
966 1561 1118 1628 Urbanus
1141 1578 1228 1649 papa
1247 1562 1282 1626 in
1303 1576 1369 1630 raro

145 1662 264 1748 vigilia
289 1661 397 1729 sancti
423 1651 558 1727 Marci¹.
599 1658 665 1727 Sed
691 1661 756 1726 iarn
782 1675 842 1746 per
867 1661 1007 1746 spatium
1033 1661 1133 1726 unius
1152 1660 1229 1725 anni
1251 1663 1284 1726 et
1302 1659 1361 1766 ”lg-

145 1760 273 1830 diutius
299 1763 448 1828 remanet
473 1757 672 1848 inhumatus,
701 1759 777 1844 quia
803 1762 840 1825 ut
864 1757 965 1845 aliqui
989 1757 1102 1826 dicunt
1124 1759 1158 1824 in
1179 1756 1284 1826 Roma
1425 1812 1428 1818 .

145 1860 204 1928 ulri
223 1859 426 1948 sepulturam
447 1857 597 1944 elegerat
613 1856 761 1925 nondum
778 1861 910 1944 poterat
933 1856 1107 1926 commode
1131 1856 1282 1944 sepeliri;

144 1959 202 2027 vel
227 1957 325 2048 ideo,
351 1963 389 2025 ut
414 1956 470 2025 alii
496 1954 627 2047 dicunt,
656 1961 809 2024 servatur
834 1956 1039 2046 insepultus,
1068 1957 1146 2042 quia
1172 1954 1284 2023 divina

145 2058 324 2126 clementia
334 2052 376 2124 ad
394 2072 515 2144 corpus
533 2056 606 2123 eius
624 2055 740 2122 crebra
754 2059 787 2122 et
801 2072 923 2140 magna
944 2055 1100 2124 miracula
1118 2060 1283 2143 operatur.

220 2154 321 2225 Anno
348 2155 482 2222 Domini
500 2153 715 2222 mccclxxii.
733 2155 808 2242 ipse
832 2159 884 2221 ast
905 2172 1012 2222 annus
1033 2155 1218 2222 tricesimus
1242 2171 1283 2220 ex
1302 2161 1368 2214 1372

144 2273 213 2343 quo
251 2255 412 2323 Saturnus
446 2255 621 2340 ingressus
655 2259 709 2320 est
740 2254 877 2341 primurn
904 2260 1064 2340 punctum
1091 2253 1283 2340 Capricorni

145 2371 231 2424 seva
251 2355 309 2422 illa
322 2353 514 2441 pestilentia
532 2351 575 2420 de
597 2370 662 2439 qua
682 2354 837 2439 superius
856 2354 1093 2442 scriptumest,
1119 2369 1178 2438 per
1195 2369 1283 2438 qua-

142 2457 221 2524 tuor
237 2469 384 2543 menses,
401 2450 560 2521 videlicet
580 2451 702 2541 iulium,
724 2455 912 2541 augustum,
932 2450 1162 2540 septembrem,
1182 2454 1283 2517 octo-

144 2553 249 2644 brem,
277 2553 378 2620 latius
396 2551 494 2619 seviit
517 2569 613 2637 quarn
627 2551 718 2638 prius
732 2567 879 2636 unquam
895 2549 1086 2638 audiverim,
1114 2565 1179 2634 que
1198 2549 1285 2615 circa

141 2651 228 2726 illud
249 2656 381 2740 tempus
398 2649 721 2738 Constantinopolim
735 2648 896 2716 Venetias
916 2654 950 2718 et
967 2650 1067 2735 quasi
1082 2651 1185 2715 totam
1198 2643 1284 2714 llle-

143 2753 313 2822 manniam
339 2748 564 2838 depopulavit.

219 2848 321 2938 Anno
347 2849 480 2917 Domini
506 2851 570 2916 etc.
580 2837 603 2916 ².

182 3029 213 3096 1)
231 3027 309 3082 Nicht
334 3041 376 3080 arn
400 3027 434 3080 at
456 3025 522 3096 april
545 3022 615 3078 starlr
637 3021 739 3090 ornan,
757 3024 872 3080 scudem
896 3039 937 3078 nm
955 3025 988 3079 la
1006 3025 1062 3080 dec.
1114 3025 1146 3090 2)
1165 3024 1227 3079 Hiar
1243 3024 1288 3078 hat

143 3097 268 3154 Andreas
285 3095 490 3164 Ratisponensis‚
509 3108 555 3148 aus
576 3091 672 3146 desscu
687 3090 808 3146 abschriit
826 3092 873 3147 der
890 3092 969 3146 druck
988 3098 1096 3162 stnmmt,
1116 3093 1288 3160 eigenntndrg

141 3163 376 3233 beigeschriebeu:
395 3164 506 3231 Require
530 3159 659 3214 residuum
673 3161 700 3213 in
721 3160 852 3215 chronicis
887 3176 936 3215 nae
952 3161 1011 3214 alibi
1028 3163 1127 3231 scripsi,
1146 3166 1172 3216 et
1190 3168 1230 3216 est
1255 3162 1287 3216 de

144 3234 258 3304 quodam
282 3234 374 3287 siritu
415 3235 441 3286 ui
464 3231 621 3298 llatisponao
645 3227 744 3282 auditus
766 3234 851 3297 est,s
904 3243 957 3282 non
974 3232 1052 3284 risus.
1088 3231 1124 3284 Er
1146 3232 1227 3284 meint
1245 3230 1287 3284 die

142 3301 339 3369 merkwiirdrge
363 3247 452 3369 stefflc,
476 3297 578 3354 welche
600 3298 663 3352 ietzt
688 3295 731 3352 bei
757 3295 856 3352 Eccard
885 3297 984 3368 Corpus
1006 3298 1065 3354 lrist.
1090 3301 1120 3366 l,
1144 3299 1212 3354 2116
1238 3313 1287 3368 ge-

144 3371 237 3427 dmckt
253 3371 297 3424 ist.
