3044 4882
431 245 594 292 *iohannes
614 244 825 292 vroronteuste.
862 245 883 308 r,
900 243 924 296 o.
1186 215 1255 284 297

127 387 272 452 sororem
287 381 445 471 Friderici
463 385 519 470 qui
547 401 621 451 curn
648 381 861 453 Chunradino
887 383 1020 474 interiit,
1047 382 1141 451 duxit
1167 383 1259 450 Ulri-

127 501 182 550 cus
208 481 251 551 de
277 481 471 568 Heunburg.
507 481 579 563 Que
605 484 722 568 genuit
746 483 831 552 tilios
858 490 892 552 et
925 483 1029 572 idias,
1062 501 1105 556 ex
1138 481 1259 569 quibus

126 581 364 670 processerunt
389 598 503 650 comes
528 581 659 650 Ulrieus
676 580 719 650 de
741 582 925 672 Phanberg,
943 580 1130 652 llriderieus
1146 580 1269 649 Liber·w

126 683 212 749 tinus
237 683 302 748 iam
329 697 441 749 comes
469 679 573 771 Cylie,
602 686 635 749 et
660 681 831 769 utriusque
859 699 961 752 sexus
980 698 1083 767 seges
1101 679 1261 748 nobilium

125 780 242 869 ampla.
287 776 466 848 Ottahams
498 785 634 868 propter
668 785 766 867 pacta
799 799 865 868 que
897 780 1012 848 habuit
1043 797 1117 848 cunr
1149 779 1261 848 Ulrico

124 877 217 968 duce,
243 880 333 947 misit
355 880 560 966 prepositum
585 879 793 946 Brunensem
823 886 859 948 ut
890 879 1091 947 Kerinthiam
1118 882 1152 946 et
1178 877 1262 944 Car·

123 978 242 1046 niolam
276 977 551 1065 apprehenderet„
593 977 661 1047 Sed
693 979 844 1046 civitates
879 984 913 1046 et
946 978 1077 1048 nobiles
1111 977 1261 1066 Philippo

123 1079 391 1146 constantissime
418 1076 633 1167 adheserunt,
668 1083 701 1146 et
724 1080 931 1166 prepositum
957 1077 1111 1147 allectum
1138 1083 1262 1146 contu-

123 1175 229 1244 meliis
256 1181 535 1265 contempserunt.

195 1274 271 1343 Hoc
302 1293 390 1343 anno
423 1275 606 1344 nobiliores
646 1273 772 1362 Styrie:
806 1275 1032 1345 Bernhardum
1070 1273 1262 1343 Hainricum

124 1376 262 1442 comites
288 1372 331 1441 de
366 1373 552 1464 Phanberg,
578 1374 619 1442 de
640 1373 821 1464 Wildonia,
837 1377 982 1467 Petovia,
999 1373 1261 1464 Liechtenstam,

121 1472 161 1541 de
189 1472 404 1559 Stubenberg
430 1475 619 1563 captivavit,
648 1479 681 1540 et
705 1491 764 1561 per
791 1480 899 1542 castra
919 1475 1119 1542 abinvicem
1137 1491 1262 1561 seque-

123 1573 255 1662 stravit,
298 1575 418 1640 castris
460 1591 572 1640 eorum
607 1572 755 1661 plurimis
798 1592 904 1661 usque
930 1571 1045 1641 hodie
1078 1572 1262 1660 dissipatis.

120 1669 194 1741 lloe
229 1678 378 1758 tempore
412 1671 495 1739 Bela
529 1673 641 1740 senior
674 1673 826 1760 moritur,
863 1677 897 1740 et
929 1671 990 1739 luit
1024 1688 1139 1738 secum
1173 1670 1346 1738 hltus12⁷0

120 1763 211 1840 eius1
238 1777 273 1838 et
298 1787 416 1838 socrus
443 1767 604 1860 Ottahari,
638 1789 703 1858 quc
738 1771 903 1860 subripuit
936 1769 1078 1859 quedam
1110 1771 1261 1858 pretiosa
1287 1755 1339 1862 ³3⁸¹

118 1869 251 1961 iocalia,
279 1866 438 1938 Ottalraro
465 1872 598 1937 mittens
615 1888 665 1938 ea.
701 1868 772 1951 Que
799 1869 875 1938 dum
903 1870 1093 1958 Stephanus
1119 1869 1261 1958 repetiit,

120 1965 301 2037 Ottahams
334 1987 415 2054 egre
446 1969 540 2057 tulit,
574 1967 659 2036 adeo
692 1968 906 2055 indignanter
936 1975 973 2038 ut
1008 1973 1124 2037 contra
1158 1987 1196 2036 se
1226 1969 1262 2035 in

118 2068 260 2155 prelium
286 2072 477 2137 armaretur.
513 2065 693 2136 Ottaharus
720 2070 870 2157 captivos
897 2069 1047 2136 eximens
1075 2073 1264 2156 etpromo-

119 2167 222 2236 tiouis
256 2168 394 2252 gratiam
420 2167 454 2234 in
481 2167 641 2254 reliquum
667 2169 876 2259 promittens,
911 2167 1081 2255 Stephano
1106 2172 1265 2256 properat

18 2347 23 2352 Ι
116 2284 149 2334 m
177 2283 371 2335 occursum.
416 2264 484 2334 Sed
522 2267 763 2336 interveniente
797 2285 912 2336 sorore
949 2266 1127 2354 Stephani,
1164 2283 1264 2334 socru

118 2361 282 2456 Ottalrari,
310 2364 490 2434 concordia
517 2370 570 2433 est
593 2367 813 2455 compactam,
849 2373 883 2434 et
908 2364 1040 2434 nobiles
1070 2364 1262 2453 Styrienses

119 2465 251 2533 exactis
277 2465 310 2531 irr
338 2465 529 2552 captivitate
556 2463 776 2552 quadraginta
802 2483 865 2534 sex
881 2462 1100 2534 hebdomadis
1120 2463 1163 2532 ad
1181 2480 1262 2551 pro-

114 2565 188 2653 pria
213 2555 454 2632 revertuntur².

118 2753 293 2844 (luentodo
303 2751 484 2820 Ottclctus
496 2750 702 2820 Komntbtom
714 2751 904 2820 carniolam
913 2711 1050 2826 Portum
1056 2750 1183 2820 Ncoet's
1198 2746 1263 2816 le-

219 2851 333 2935 buerit,
350 2856 383 2918 ct
398 2851 439 2920 dc
454 2852 702 2919 tormentalium
712 2851 826 2936 Stsrtdt
837 2851 877 2918 dc
890 2847 1109 2924 Merendcrclv.
1136 2850 1268 2933 Cape.

188 2983 291 3054 Anno
318 2981 441 3053 domini
467 2984 650 3053 mcclxix.
678 2982 858 3052 Ottaharus
884 2968 1088 3069 llarinthiam
1106 2979 1262 3071 ingredi·
1277 2999 1346 3054 tero

114 3088 177 3155 tur.
221 3084 265 3154 Et
289 3085 394 3172 primo
421 3080 613 3172 Laybacum
640 3083 783 3174 obsidet,
810 3083 949 3172 Philippi
976 3083 1122 3152 fautores
1146 3082 1262 3172 oppri-

150 3247 183 3311 l]
204 3251 232 3300 et
249 3244 333 3300 lehlto
355 3244 383 3298 in
408 3243 507 3297 Pezens
530 3244 568 3298 hs.
592 3245 646 3298 und
668 3245 760 3300 wurde
782 3259 835 3299 ron
853 3244 907 3298 ihm
925 3243 1050 3312 ergiinzt3
1066 3243 1143 3300 Bolas
1161 3242 1263 3297 toehter

114 3313 240 3369 Ottalrars
259 3312 500 3379 schwiegeuuutter
517 3311 589 3366 hiess
606 3313 689 3368 Anna.

148 3384 184 3450 2)
206 3384 277 3438 eoin
296 3382 468 3436 continuator
485 3379 589 3434 Martini
607 3379 699 3435 l’oloni
717 3379 797 3434 lactet
816 3379 903 3434 dieses
921 3379 1017 3449 capitel
1036 3380 1110 3435 also:

185 3451 266 3506 Anno
289 3450 388 3505 domini
405 3451 567 3504 mcclxviii.
586 3447 723 3504 Ottalrarus
747 3447 937 3516 prosectionem
959 3463 1056 3517 parans
1079 3450 1105 3502 in
1123 3447 1262 3514 Prusctam,

112 3520 140 3573 in
157 3520 300 3573 Poloniam
317 3519 390 3572 venit
408 3516 452 3570 ubi
470 3531 547 3571 cruce
565 3523 670 3587 accepta
688 3519 737 3570 iter
754 3520 868 3585 arripuit.
904 3517 957 3572 Sed
974 3519 1031 3585 quia
1044 3523 1139 3583 stagna
1152 3514 1184 3570 ob
1204 3516 1263 3569 hie-

113 3591 165 3642 mis
184 3589 321 3642 levitatem
338 3586 422 3653 gelata
448 3600 501 3638 noa
530 3593 605 3640 erant
621 3587 767 3654 procedere
786 3601 838 3638 non
856 3588 947 3655 potuit.
983 3586 1047 3639 Cum
1065 3592 1151 3639 autem
1169 3583 1265 3638 irustra

115 3656 255 3711 videretur
277 3657 384 3708 venisse
409 3655 442 3708 ad
467 3655 539 3708 illius
563 3662 633 3710 terre
669 3655 793 3710 residium
812 3659 902 3708 eontra
920 3655 1051 3709 ineur'sum
1068 3653 1265 3708 Livoniensium

114 3733 233 3780 castrum
250 3723 417 3777 fortissimum
436 3724 503 3790 quod
523 3722 616 3777 dieitur
660 3736 710 3776 ons
729 3723 807 3790 Regis
825 3722 922 3776 ibidem
939 3725 1092 3776 construxit.
1197 3781 1199 3785 ,

187 3793 292 3848 Deinde
321 3803 442 3845 reversus
467 3791 499 3844 ad
522 3793 645 3860 propriu,
672 3791 808 3844 intellecto
833 3791 900 3858 quod
928 3790 1030 3844 Ulrrcus
1055 3790 1106 3843 dux
1131 3787 1265 3842 llerinthie

114 3861 236 3918 debitum
259 3866 351 3914 nature
377 3859 564 3928 persolvisset,
590 3860 739 3914 Brunonem
763 3860 913 3928 episcopum
936 3857 1119 3912 Olmucensem
1142 3858 1211 3910 misit
1232 3855 1264 3910 ad

132 3931 262 3986 ciendum
279 3928 443 3982 Kerinthiam
461 3933 488 3981 et
506 3927 655 3982 Carniolam
672 3929 814 3982 secundum
831 3932 906 3996 pacta
929 3942 979 3995 que
1002 3928 1073 3995 prius
1092 3927 1190 3981 lecerat
1208 3939 1266 3977 cum

111 3944 215 4052 fllrico.
250 3995 333 4052 Ambo
358 3997 426 4050 enim
444 3996 561 4050 similiter
577 3997 738 4066 pepigerant,
758 3995 865 4063 quodsi
884 3995 939 4062 quis
959 4001 1047 4049 eorum
1065 3995 1125 4048 sine
1144 3993 1265 4062 legitimis

111 4065 259 4122 heredibus
281 4067 353 4134 prius
380 4063 538 4132 decederet,
557 4065 622 4118 alter
646 4070 779 4134 superstes
803 4064 956 4118 decedentis
975 4064 1091 4118 dominia
1107 4061 1266 4130 possideret.

113 4134 170 4192 Sed
197 4134 342 4189 seeundum
367 4133 417 4186 hoc
443 4131 520 4186 nichil
561 4131 653 4187 reiecit
679 4135 816 4203 episcopus
834 4145 884 4186 nee
902 4131 1022 4186 obtinere
1038 4132 1125 4200 potuit
1144 4131 1195 4184 nisi
1214 4130 1266 4183 duo

112 4210 207 4258 castra
230 4215 280 4270 que
304 4214 334 4256 se
360 4205 454 4255 sonte
478 4149 603 4254 Ottaffaro
626 4199 801 4259 subiecerunt.
836 4200 959 4269 Reliquas
980 4203 1068 4254 terras'
1089 4201 1186 4254 invasit
1203 4197 1267 4254 Phi-

111 4271 208 4344 lippus
226 4271 305 4326 irater
321 4216 433 4341 presicti
453 4269 526 4324 ducis
546 4269 634 4324 Ulriei.
