<?xml version="1.0" encoding="UTF-8"?>
<!DOCTYPE html PUBLIC "-//W3C//DTD XHTML 1.0 Transitional//EN"
    "http://www.w3.org/TR/xhtml1/DTD/xhtml1-transitional.dtd">
<html xmlns="http://www.w3.org/1999/xhtml" xml:lang="en" lang="en">
 <head>
  <title>
</title>
<meta http-equiv="Content-Type" content="text/html;charset=utf-8" />
  <meta name='ocr-system' content='tesseract 3.04.00' />
  <meta name='ocr-capabilities' content='ocr_page ocr_carea ocr_par ocr_line ocrx_word'/>
</head>
<body>
  <div class='ocr_page' id='page_1' title='image "./fontesrerumgerm02hubegoog_0478.png"; bbox 0 0 3028 4878; ppageno 0'>
   <div class='ocr_carea' id='block_1_1' title="bbox 435 193 1251 289">
    <p class='ocr_par' dir='ltr' id='par_1_1' title="bbox 435 193 1251 289">
     <span class='ocr_line' id='line_1_1' title="bbox 435 193 1251 289; baseline -0.001 -26"><span class='ocrx_word' id='word_1_1' title='bbox 435 219 577 267; x_wconf 80' lang='lat' dir='ltr'>romanas</span> <span class='ocrx_word' id='word_1_2' title='bbox 598 221 805 268; x_wconf 86' lang='lat' dir='ltr'>vroronrrnsrs.</span> <span class='ocrx_word' id='word_1_3' title='bbox 840 221 865 289; x_wconf 83' lang='lat'>6,</span> <span class='ocrx_word' id='word_1_4' title='bbox 882 220 907 272; x_wconf 84' lang='lat'>8.</span> <span class='ocrx_word' id='word_1_5' title='bbox 1180 193 1251 262; x_wconf 75' lang='lat' dir='ltr'>tto</span> 
     </span>
    </p>
   </div>
   <div class='ocr_carea' id='block_1_2' title="bbox 10 355 1340 3905">
    <p class='ocr_par' dir='ltr' id='par_1_2' title="bbox 10 355 1340 3607">
     <span class='ocr_line' id='line_1_2' title="bbox 114 355 1340 451; baseline 0.002 -27"><span class='ocrx_word' id='word_1_6' title='bbox 114 355 316 444; x_wconf 83' lang='lat' dir='ltr'>Mogontino</span> <span class='ocrx_word' id='word_1_7' title='bbox 343 356 542 428; x_wconf 84' lang='lat' dir='ltr'>Treverensi</span> <span class='ocrx_word' id='word_1_8' title='bbox 569 360 747 448; x_wconf 92' lang='lat' dir='ltr'>episcopis,</span> <span class='ocrx_word' id='word_1_9' title='bbox 775 360 917 429; x_wconf 88' lang='lat' dir='ltr'>ducibus</span> <span class='ocrx_word' id='word_1_10' title='bbox 942 360 1111 451; x_wconf 74' lang='lat' dir='ltr'><strong>Palatinis,</strong></span> <span class='ocrx_word' id='word_1_11' title='bbox 1138 362 1252 429; x_wconf 89' lang='lat' dir='ltr'>acin·</span> <span class='ocrx_word' id='word_1_12' title='bbox 1273 371 1340 428; x_wconf 82' lang='lat'>1338</span> 
     </span>
     <span class='ocr_line' id='line_1_3' title="bbox 117 455 1253 550; baseline 0.003 -26"><span class='ocrx_word' id='word_1_13' title='bbox 117 455 216 525; x_wconf 86' lang='lat' dir='ltr'>linitis</span> <span class='ocrx_word' id='word_1_14' title='bbox 241 457 368 544; x_wconf 91' lang='lat' dir='ltr'>imperii</span> <span class='ocrx_word' id='word_1_15' title='bbox 395 457 623 548; x_wconf 80' lang='lat' dir='ltr'>magnatibus,</span> <span class='ocrx_word' id='word_1_16' title='bbox 650 459 765 546; x_wconf 75' lang='lat' dir='ltr'>incipit</span> <span class='ocrx_word' id='word_1_17' title='bbox 791 462 973 550; x_wconf 78' lang='lat' dir='ltr'>actionem,</span> <span class='ocrx_word' id='word_1_18' title='bbox 1001 465 1158 548; x_wconf 91' lang='lat' dir='ltr'>repetens</span> <span class='ocrx_word' id='word_1_19' title='bbox 1185 459 1253 527; x_wconf 91' lang='lat' dir='ltr'>du-</span> 
     </span>
     <span class='ocr_line' id='line_1_4' title="bbox 116 553 1254 648; baseline 0.003 -25"><span class='ocrx_word' id='word_1_20' title='bbox 116 562 225 623; x_wconf 88' lang='lat' dir='ltr'>catum</span> <span class='ocrx_word' id='word_1_21' title='bbox 243 555 480 624; x_wconf 86' lang='lat' dir='ltr'>Northmarrnie</span> <span class='ocrx_word' id='word_1_22' title='bbox 500 560 532 623; x_wconf 92' lang='lat' dir='ltr'>et</span> <span class='ocrx_word' id='word_1_23' title='bbox 549 553 761 648; x_wconf 88' lang='lat' dir='ltr'>Aquitannie,</span> <span class='ocrx_word' id='word_1_24' title='bbox 788 561 977 627; x_wconf 91' lang='lat' dir='ltr'>comitatum</span> <span class='ocrx_word' id='word_1_25' title='bbox 996 555 1254 644; x_wconf 80' lang='lat' dir='ltr'>Andengaven-</span> 
     </span>
     <span class='ocr_line' id='line_1_5' title="bbox 115 655 1253 740; baseline 0.004 -20"><span class='ocrx_word' id='word_1_26' title='bbox 115 670 186 722; x_wconf 92' lang='lat' dir='ltr'>sern</span> <span class='ocrx_word' id='word_1_27' title='bbox 222 659 256 721; x_wconf 92' lang='lat' dir='ltr'>et</span> <span class='ocrx_word' id='word_1_28' title='bbox 287 671 444 740; x_wconf 93' lang='lat' dir='ltr'>coronam</span> <span class='ocrx_word' id='word_1_29' title='bbox 474 656 570 740; x_wconf 81' lang='lat' dir='ltr'>regni</span> <span class='ocrx_word' id='word_1_30' title='bbox 602 655 739 723; x_wconf 84' lang='lat' dir='ltr'>Francie</span> <span class='ocrx_word' id='word_1_31' title='bbox 774 657 838 724; x_wconf 91' lang='lat' dir='ltr'>sibi</span> <span class='ocrx_word' id='word_1_32' title='bbox 872 664 906 724; x_wconf 91' lang='lat' dir='ltr'>et</span> <span class='ocrx_word' id='word_1_33' title='bbox 937 659 1062 726; x_wconf 92' lang='lat' dir='ltr'>sororis</span> <span class='ocrx_word' id='word_1_34' title='bbox 1098 675 1159 725; x_wconf 90' lang='lat' dir='ltr'>sue</span> <span class='ocrx_word' id='word_1_35' title='bbox 1186 657 1253 725; x_wconf 88' lang='lat' dir='ltr'>lilio</span> 
     </span>
     <span class='ocr_line' id='line_1_6' title="bbox 115 751 1253 846; baseline 0.003 -25"><span class='ocrx_word' id='word_1_36' title='bbox 115 751 277 840; x_wconf 77' lang='lat' dir='ltr'>debitam,</span> <span class='ocrx_word' id='word_1_37' title='bbox 311 753 562 841; x_wconf 89' lang='lat' dir='ltr'>propterquod</span> <span class='ocrx_word' id='word_1_38' title='bbox 590 752 630 821; x_wconf 92' lang='lat' dir='ltr'>ab</span> <span class='ocrx_word' id='word_1_39' title='bbox 655 755 729 842; x_wconf 89' lang='lat' dir='ltr'>ipso</span> <span class='ocrx_word' id='word_1_40' title='bbox 755 754 958 846; x_wconf 88' lang='lat' dir='ltr'>Ludewico,</span> <span class='ocrx_word' id='word_1_41' title='bbox 987 774 1085 842; x_wconf 92' lang='lat' dir='ltr'>quem</span> <span class='ocrx_word' id='word_1_42' title='bbox 1111 755 1253 824; x_wconf 90' lang='lat' dir='ltr'>iudicem</span> 
     </span>
     <span class='ocr_line' id='line_1_7' title="bbox 114 849 1253 943; baseline 0.001 -23"><span class='ocrx_word' id='word_1_43' title='bbox 114 857 148 920; x_wconf 89' lang='lat' dir='ltr'>ct</span> <span class='ocrx_word' id='word_1_44' title='bbox 163 852 288 920; x_wconf 90' lang='lat' dir='ltr'>iustitie</span> <span class='ocrx_word' id='word_1_45' title='bbox 303 849 516 920; x_wconf 81' lang='lat' dir='ltr'><strong>defensorem</strong></span> <span class='ocrx_word' id='word_1_46' title='bbox 530 852 773 943; x_wconf 79' lang='lat' dir='ltr'>interpellabat,</span> <span class='ocrx_word' id='word_1_47' title='bbox 784 854 826 922; x_wconf 91' lang='lat' dir='ltr'>de</span> <span class='ocrx_word' id='word_1_48' title='bbox 840 855 997 941; x_wconf 78' lang='lat' dir='ltr'>predictis</span> <span class='ocrx_word' id='word_1_49' title='bbox 1017 854 1079 922; x_wconf 93' lang='lat' dir='ltr'>sibi</span> <span class='ocrx_word' id='word_1_50' title='bbox 1096 856 1253 923; x_wconf 89' lang='lat' dir='ltr'>iustitiam</span> 
     </span>
     <span class='ocr_line' id='line_1_8' title="bbox 114 943 1253 1039; baseline 0.004 -23"><span class='ocrx_word' id='word_1_51' title='bbox 114 949 186 1018; x_wconf 88' lang='lat' dir='ltr'>lieri</span> <span class='ocrx_word' id='word_1_52' title='bbox 211 943 431 1038; x_wconf 89' lang='lat' dir='ltr'>postulabat¹.</span> <span class='ocrx_word' id='word_1_53' title='bbox 466 946 551 1018; x_wconf 88' lang='lat' dir='ltr'>Olim</span> <span class='ocrx_word' id='word_1_54' title='bbox 578 952 699 1019; x_wconf 92' lang='lat' dir='ltr'>etenim</span> <span class='ocrx_word' id='word_1_55' title='bbox 715 953 801 1020; x_wconf 92' lang='lat' dir='ltr'>inter</span> <span class='ocrx_word' id='word_1_56' title='bbox 816 953 933 1022; x_wconf 91' lang='lat' dir='ltr'>horum</span> <span class='ocrx_word' id='word_1_57' title='bbox 952 971 1131 1039; x_wconf 83' lang='lat' dir='ltr'>regnorum</span> <span class='ocrx_word' id='word_1_58' title='bbox 1151 971 1253 1039; x_wconf 85' lang='lat' dir='ltr'>reges</span> 
     </span>
     <span class='ocr_line' id='line_1_9' title="bbox 113 1048 1253 1141; baseline 0.003 -24"><span class='ocrx_word' id='word_1_59' title='bbox 113 1051 213 1117; x_wconf 90' lang='lat' dir='ltr'>etiam</span> <span class='ocrx_word' id='word_1_60' title='bbox 228 1048 269 1116; x_wconf 91' lang='lat' dir='ltr'>de</span> <span class='ocrx_word' id='word_1_61' title='bbox 286 1051 443 1118; x_wconf 91' lang='lat' dir='ltr'>comitatu</span> <span class='ocrx_word' id='word_1_62' title='bbox 460 1049 614 1139; x_wconf 89' lang='lat' dir='ltr'>Pictavie,</span> <span class='ocrx_word' id='word_1_63' title='bbox 643 1057 790 1137; x_wconf 91' lang='lat' dir='ltr'>tempore</span> <span class='ocrx_word' id='word_1_64' title='bbox 807 1049 967 1120; x_wconf 90' lang='lat' dir='ltr'>Celestini</span> <span class='ocrx_word' id='word_1_65' title='bbox 994 1053 1092 1141; x_wconf 90' lang='lat' dir='ltr'>tertii,</span> <span class='ocrx_word' id='word_1_66' title='bbox 1120 1053 1253 1140; x_wconf 84' lang='lat' dir='ltr'>questio</span> 
     </span>
     <span class='ocr_line' id='line_1_10' title="bbox 113 1147 1255 1238; baseline 0.004 -24"><span class='ocrx_word' id='word_1_67' title='bbox 113 1147 315 1237; x_wconf 88' lang='lat' dir='ltr'>vertebatur,</span> <span class='ocrx_word' id='word_1_68' title='bbox 326 1149 404 1216; x_wconf 91' lang='lat' dir='ltr'>utin</span> <span class='ocrx_word' id='word_1_69' title='bbox 415 1149 558 1234; x_wconf 91' lang='lat' dir='ltr'>epistola</span> <span class='ocrx_word' id='word_1_70' title='bbox 576 1148 618 1215; x_wconf 90' lang='lat' dir='ltr'>ad</span> <span class='ocrx_word' id='word_1_71' title='bbox 627 1147 824 1217; x_wconf 89' lang='lat' dir='ltr'>Fridericum</span> <span class='ocrx_word' id='word_1_72' title='bbox 842 1153 979 1238; x_wconf 90' lang='lat' dir='ltr'>primurn</span> <span class='ocrx_word' id='word_1_73' title='bbox 997 1151 1174 1219; x_wconf 89' lang='lat' dir='ltr'>Heinrious</span> <span class='ocrx_word' id='word_1_74' title='bbox 1194 1169 1255 1219; x_wconf 90' lang='lat' dir='ltr'>rex</span> 
     </span>
     <span class='ocr_line' id='line_1_11' title="bbox 113 1244 1254 1335; baseline 0.002 -21"><span class='ocrx_word' id='word_1_75' title='bbox 113 1244 238 1333; x_wconf 85' lang='lat' dir='ltr'>Anglie</span> <span class='ocrx_word' id='word_1_76' title='bbox 266 1246 382 1316; x_wconf 92' lang='lat' dir='ltr'>ducem</span> <span class='ocrx_word' id='word_1_77' title='bbox 409 1246 645 1315; x_wconf 89' lang='lat' dir='ltr'>Northmonnie</span> <span class='ocrx_word' id='word_1_78' title='bbox 672 1253 704 1316; x_wconf 89' lang='lat' dir='ltr'>et</span> <span class='ocrx_word' id='word_1_79' title='bbox 729 1245 930 1335; x_wconf 90' lang='lat' dir='ltr'>Aquitannie</span> <span class='ocrx_word' id='word_1_80' title='bbox 958 1256 991 1317; x_wconf 88' lang='lat' dir='ltr'>ct</span> <span class='ocrx_word' id='word_1_81' title='bbox 1008 1252 1160 1318; x_wconf 92' lang='lat' dir='ltr'>comitem</span> <span class='ocrx_word' id='word_1_82' title='bbox 1177 1247 1254 1316; x_wconf 87' lang='lat' dir='ltr'>hn-</span> 
     </span>
     <span class='ocr_line' id='line_1_12' title="bbox 114 1345 1253 1437; baseline 0.001 -23"><span class='ocrx_word' id='word_1_83' title='bbox 114 1345 369 1431; x_wconf 80' lang='lat' dir='ltr'>dengavensem</span> <span class='ocrx_word' id='word_1_84' title='bbox 400 1345 523 1432; x_wconf 84' lang='lat' dir='ltr'>legitur</span> <span class='ocrx_word' id='word_1_85' title='bbox 553 1362 592 1413; x_wconf 90' lang='lat' dir='ltr'>se</span> <span class='ocrx_word' id='word_1_86' title='bbox 625 1348 819 1437; x_wconf 82' lang='lat' dir='ltr'>scripsisse,</span> <span class='ocrx_word' id='word_1_87' title='bbox 847 1347 924 1415; x_wconf 90' lang='lat' dir='ltr'>dum</span> <span class='ocrx_word' id='word_1_88' title='bbox 956 1350 1042 1415; x_wconf 93' lang='lat' dir='ltr'>inter</span> <span class='ocrx_word' id='word_1_89' title='bbox 1073 1366 1133 1417; x_wconf 93' lang='lat' dir='ltr'>eos</span> <span class='ocrx_word' id='word_1_90' title='bbox 1159 1350 1253 1436; x_wconf 80' lang='lat' dir='ltr'>pacis</span> 
     </span>
     <span class='ocr_line' id='line_1_13' title="bbox 117 1443 1254 1534; baseline 0.002 -21"><span class='ocrx_word' id='word_1_91' title='bbox 117 1451 152 1513; x_wconf 91' lang='lat' dir='ltr'>et</span> <span class='ocrx_word' id='word_1_92' title='bbox 179 1446 300 1514; x_wconf 90' lang='lat' dir='ltr'>amoris</span> <span class='ocrx_word' id='word_1_93' title='bbox 328 1443 441 1512; x_wconf 90' lang='lat' dir='ltr'>ledera</span> <span class='ocrx_word' id='word_1_94' title='bbox 467 1449 694 1513; x_wconf 85' lang='lat' dir='ltr'>tractarentur.</span> <span class='ocrx_word' id='word_1_95' title='bbox 730 1445 814 1513; x_wconf 88' lang='lat' dir='ltr'>Huic</span> <span class='ocrx_word' id='word_1_96' title='bbox 839 1447 940 1532; x_wconf 83' lang='lat' dir='ltr'>igitur</span> <span class='ocrx_word' id='word_1_97' title='bbox 965 1446 1151 1534; x_wconf 85' lang='lat' dir='ltr'>Eduardo,</span> <span class='ocrx_word' id='word_1_98' title='bbox 1179 1451 1254 1515; x_wconf 91' lang='lat' dir='ltr'>curn</span> 
     </span>
     <span class='ocr_line' id='line_1_14' title="bbox 116 1544 1254 1634; baseline -0.002 -20"><span class='ocrx_word' id='word_1_99' title='bbox 116 1563 136 1613; x_wconf 91' lang='lat' dir='ltr'>a</span> <span class='ocrx_word' id='word_1_100' title='bbox 162 1544 366 1634; x_wconf 92' lang='lat' dir='ltr'>principibus</span> <span class='ocrx_word' id='word_1_101' title='bbox 394 1545 558 1611; x_wconf 88' lang='lat' dir='ltr'>communi</span> <span class='ocrx_word' id='word_1_102' title='bbox 584 1545 727 1611; x_wconf 90' lang='lat' dir='ltr'>omnium</span> <span class='ocrx_word' id='word_1_103' title='bbox 756 1547 922 1614; x_wconf 87' lang='lat' dir='ltr'>sententia</span> <span class='ocrx_word' id='word_1_104' title='bbox 939 1547 1066 1613; x_wconf 90' lang='lat' dir='ltr'>iustitia</span> <span class='ocrx_word' id='word_1_105' title='bbox 1083 1545 1254 1612; x_wconf 89' lang='lat' dir='ltr'>acclama-</span> 
     </span>
     <span class='ocr_line' id='line_1_15' title="bbox 111 1641 1253 1732; baseline 0.002 -23"><span class='ocrx_word' id='word_1_106' title='bbox 111 1650 205 1712; x_wconf 88' lang='lat' dir='ltr'>retur</span> <span class='ocrx_word' id='word_1_107' title='bbox 231 1651 264 1712; x_wconf 91' lang='lat' dir='ltr'>et</span> <span class='ocrx_word' id='word_1_108' title='bbox 288 1641 458 1710; x_wconf 88' lang='lat' dir='ltr'>hereditas</span> <span class='ocrx_word' id='word_1_109' title='bbox 484 1647 613 1730; x_wconf 91' lang='lat' dir='ltr'>patrum</span> <span class='ocrx_word' id='word_1_110' title='bbox 640 1642 905 1712; x_wconf 90' lang='lat' dir='ltr'>adiudicaretur:</span> <span class='ocrx_word' id='word_1_111' title='bbox 931 1661 991 1712; x_wconf 90' lang='lat' dir='ltr'>rex</span> <span class='ocrx_word' id='word_1_112' title='bbox 1013 1644 1098 1712; x_wconf 91' lang='lat' dir='ltr'>datis</span> <span class='ocrx_word' id='word_1_113' title='bbox 1118 1648 1151 1710; x_wconf 93' lang='lat' dir='ltr'>et</span> <span class='ocrx_word' id='word_1_114' title='bbox 1171 1662 1253 1732; x_wconf 94' lang='lat' dir='ltr'>pro-</span> 
     </span>
     <span class='ocr_line' id='line_1_16' title="bbox 111 1740 1251 1831; baseline -0.003 -20"><span class='ocrx_word' id='word_1_115' title='bbox 111 1743 228 1811; x_wconf 87' lang='lat' dir='ltr'>missis</span> <span class='ocrx_word' id='word_1_116' title='bbox 248 1742 379 1828; x_wconf 85' lang='lat' dir='ltr'>magnis</span> <span class='ocrx_word' id='word_1_117' title='bbox 403 1740 588 1830; x_wconf 66' lang='lat' dir='ltr'>stipendiis</span> <span class='ocrx_word' id='word_1_118' title='bbox 616 1742 725 1828; x_wconf 85' lang='lat' dir='ltr'>ipsum</span> <span class='ocrx_word' id='word_1_119' title='bbox 750 1743 992 1831; x_wconf 90' lang='lat' dir='ltr'>imperatorem,</span> <span class='ocrx_word' id='word_1_120' title='bbox 1020 1745 1076 1830; x_wconf 92' lang='lat' dir='ltr'>qui</span> <span class='ocrx_word' id='word_1_121' title='bbox 1103 1759 1251 1810; x_wconf 93' lang='lat' dir='ltr'>sororem</span> 
     </span>
     <span class='ocr_line' id='line_1_17' title="bbox 112 1839 1253 1930; baseline -0.002 -20"><span class='ocrx_word' id='word_1_122' title='bbox 112 1859 176 1912; x_wconf 88' lang='lat' dir='ltr'>sue</span> <span class='ocrx_word' id='word_1_123' title='bbox 206 1842 373 1910; x_wconf 88' lang='lat' dir='ltr'>consortis</span> <span class='ocrx_word' id='word_1_124' title='bbox 400 1840 514 1908; x_wconf 91' lang='lat' dir='ltr'>habuit</span> <span class='ocrx_word' id='word_1_125' title='bbox 542 1839 778 1930; x_wconf 91' lang='lat' dir='ltr'>conthoralem,</span> <span class='ocrx_word' id='word_1_126' title='bbox 807 1847 839 1909; x_wconf 92' lang='lat' dir='ltr'>et</span> <span class='ocrx_word' id='word_1_127' title='bbox 859 1843 1009 1930; x_wconf 91' lang='lat' dir='ltr'>potiores</span> <span class='ocrx_word' id='word_1_128' title='bbox 1034 1842 1130 1926; x_wconf 84' lang='lat' dir='ltr'>regni</span> <span class='ocrx_word' id='word_1_129' title='bbox 1157 1842 1253 1929; x_wconf 90' lang='lat' dir='ltr'>epis-</span> 
     </span>
     <span class='ocr_line' id='line_1_18' title="bbox 10 1937 1254 2028; baseline -0.003 -18"><span class='ocrx_word' id='word_1_130' title='bbox 10 1941 14 1960; x_wconf 92' lang='lat'>&#39;</span> <span class='ocrx_word' id='word_1_131' title='bbox 113 1956 223 2028; x_wconf 90' lang='lat' dir='ltr'>copos</span> <span class='ocrx_word' id='word_1_132' title='bbox 258 1939 361 2008; x_wconf 90' lang='lat' dir='ltr'>duces</span> <span class='ocrx_word' id='word_1_133' title='bbox 395 1937 604 2006; x_wconf 90' lang='lat' dir='ltr'>marchiones</span> <span class='ocrx_word' id='word_1_134' title='bbox 637 1938 767 2007; x_wconf 90' lang='lat' dir='ltr'>nobiles</span> <span class='ocrx_word' id='word_1_135' title='bbox 803 1940 968 2009; x_wconf 85' lang='lat' dir='ltr'>conscribi</span> <span class='ocrx_word' id='word_1_136' title='bbox 994 1939 1072 2007; x_wconf 85' lang='lat' dir='ltr'>lecit</span> <span class='ocrx_word' id='word_1_137' title='bbox 1096 1941 1131 2006; x_wconf 92' lang='lat' dir='ltr'>in</span> <span class='ocrx_word' id='word_1_138' title='bbox 1157 1957 1254 2007; x_wconf 90' lang='lat' dir='ltr'>suum</span> 
     </span>
     <span class='ocr_line' id='line_1_19' title="bbox 111 2036 1254 2127; baseline -0.002 -19"><span class='ocrx_word' id='word_1_139' title='bbox 111 2039 290 2127; x_wconf 89' lang='lat' dir='ltr'>auxilium,</span> <span class='ocrx_word' id='word_1_140' title='bbox 318 2043 352 2105; x_wconf 93' lang='lat' dir='ltr'>et</span> <span class='ocrx_word' id='word_1_141' title='bbox 378 2043 412 2106; x_wconf 91' lang='lat' dir='ltr'>ut</span> <span class='ocrx_word' id='word_1_142' title='bbox 437 2038 543 2127; x_wconf 91' lang='lat' dir='ltr'>parati</span> <span class='ocrx_word' id='word_1_143' title='bbox 569 2043 684 2105; x_wconf 90' lang='lat' dir='ltr'>essent</span> <span class='ocrx_word' id='word_1_144' title='bbox 711 2040 825 2107; x_wconf 87' lang='lat' dir='ltr'>statuit</span> <span class='ocrx_word' id='word_1_145' title='bbox 851 2040 900 2107; x_wconf 91' lang='lat' dir='ltr'>eis</span> <span class='ocrx_word' id='word_1_146' title='bbox 928 2044 1069 2126; x_wconf 86' lang='lat' dir='ltr'>tempus.</span> <span class='ocrx_word' id='word_1_147' title='bbox 1103 2036 1254 2117; x_wconf 85' lang='lat' dir='ltr'>Quibus-</span> 
     </span>
     <span class='ocr_line' id='line_1_20' title="bbox 110 2136 1253 2222; baseline -0.004 -15"><span class='ocrx_word' id='word_1_148' title='bbox 110 2138 189 2208; x_wconf 91' lang='lat' dir='ltr'>dam</span> <span class='ocrx_word' id='word_1_149' title='bbox 217 2143 326 2205; x_wconf 91' lang='lat' dir='ltr'>tamen</span> <span class='ocrx_word' id='word_1_150' title='bbox 346 2137 454 2204; x_wconf 90' lang='lat' dir='ltr'>exeis</span> <span class='ocrx_word' id='word_1_151' title='bbox 476 2153 549 2204; x_wconf 90' lang='lat' dir='ltr'>oum</span> <span class='ocrx_word' id='word_1_152' title='bbox 569 2153 649 2222; x_wconf 85' lang='lat' dir='ltr'>rege</span> <span class='ocrx_word' id='word_1_153' title='bbox 674 2136 812 2205; x_wconf 84' lang='lat' dir='ltr'>Francia</span> <span class='ocrx_word' id='word_1_154' title='bbox 837 2139 903 2205; x_wconf 92' lang='lat' dir='ltr'>iam</span> <span class='ocrx_word' id='word_1_155' title='bbox 929 2138 1117 2206; x_wconf 86' lang='lat' dir='ltr'>constrictis</span> <span class='ocrx_word' id='word_1_156' title='bbox 1143 2137 1253 2204; x_wconf 90' lang='lat' dir='ltr'>visuro</span> 
     </span>
     <span class='ocr_line' id='line_1_21' title="bbox 108 2236 1252 2326; baseline -0.004 -20"><span class='ocrx_word' id='word_1_157' title='bbox 108 2237 193 2326; x_wconf 88' lang='lat' dir='ltr'>luit,</span> <span class='ocrx_word' id='word_1_158' title='bbox 220 2241 258 2303; x_wconf 93' lang='lat' dir='ltr'>ut</span> <span class='ocrx_word' id='word_1_159' title='bbox 283 2253 483 2322; x_wconf 91' lang='lat' dir='ltr'>quocunque</span> <span class='ocrx_word' id='word_1_160' title='bbox 508 2236 656 2322; x_wconf 91' lang='lat' dir='ltr'>preirent</span> <span class='ocrx_word' id='word_1_161' title='bbox 688 2236 786 2320; x_wconf 82' lang='lat' dir='ltr'>signa</span> <span class='ocrx_word' id='word_1_162' title='bbox 819 2236 1003 2325; x_wconf 90' lang='lat' dir='ltr'>imperialia</span> <span class='ocrx_word' id='word_1_163' title='bbox 1030 2241 1252 2322; x_wconf 86' lang='lat' dir='ltr'>sequerentur</span> 
     </span>
     <span class='ocr_line' id='line_1_22' title="bbox 111 2333 1252 2422; baseline -0.004 -18"><span class='ocrx_word' id='word_1_164' title='bbox 111 2339 188 2406; x_wconf 90' lang='lat' dir='ltr'>sine</span> <span class='ocrx_word' id='word_1_165' title='bbox 216 2352 277 2403; x_wconf 91' lang='lat' dir='ltr'>sue</span> <span class='ocrx_word' id='word_1_166' title='bbox 304 2334 381 2403; x_wconf 89' lang='lat' dir='ltr'>hdei</span> <span class='ocrx_word' id='word_1_167' title='bbox 397 2333 596 2422; x_wconf 88' lang='lat' dir='ltr'>corruptela.</span> <span class='ocrx_word' id='word_1_168' title='bbox 631 2333 813 2420; x_wconf 84' lang='lat' dir='ltr'>Imperator</span> <span class='ocrx_word' id='word_1_169' title='bbox 835 2341 1016 2422; x_wconf 92' lang='lat' dir='ltr'>expectans</span> <span class='ocrx_word' id='word_1_170' title='bbox 1038 2334 1252 2403; x_wconf 91' lang='lat' dir='ltr'>donationem</span> 
     </span>
     <span class='ocr_line' id='line_1_23' title="bbox 109 2431 1252 2522; baseline -0.004 -18"><span class='ocrx_word' id='word_1_171' title='bbox 109 2437 260 2504; x_wconf 90' lang='lat' dir='ltr'>instante</span> <span class='ocrx_word' id='word_1_172' title='bbox 287 2433 499 2522; x_wconf 87' lang='lat' dir='ltr'>expeditione</span> <span class='ocrx_word' id='word_1_173' title='bbox 519 2450 556 2500; x_wconf 92' lang='lat' dir='ltr'>se</span> <span class='ocrx_word' id='word_1_174' title='bbox 575 2449 644 2500; x_wconf 92' lang='lat' dir='ltr'>uon</span> <span class='ocrx_word' id='word_1_175' title='bbox 669 2434 781 2521; x_wconf 90' lang='lat' dir='ltr'>movit,</span> <span class='ocrx_word' id='word_1_176' title='bbox 808 2433 886 2500; x_wconf 88' lang='lat' dir='ltr'>licet</span> <span class='ocrx_word' id='word_1_177' title='bbox 912 2434 1056 2501; x_wconf 92' lang='lat' dir='ltr'>omnium</span> <span class='ocrx_word' id='word_1_178' title='bbox 1083 2431 1252 2500; x_wconf 89' lang='lat' dir='ltr'>desideria</span> 
     </span>
     <span class='ocr_line' id='line_1_24' title="bbox 109 2529 1252 2622; baseline -0.005 -18"><span class='ocrx_word' id='word_1_179' title='bbox 109 2537 186 2603; x_wconf 91' lang='lat' dir='ltr'>eius</span> <span class='ocrx_word' id='word_1_180' title='bbox 213 2533 415 2622; x_wconf 87' lang='lat' dir='ltr'>presentiam</span> <span class='ocrx_word' id='word_1_181' title='bbox 442 2531 660 2616; x_wconf 86' lang='lat' dir='ltr'>sustinerent3</span> <span class='ocrx_word' id='word_1_182' title='bbox 687 2538 800 2598; x_wconf 92' lang='lat' dir='ltr'>notam</span> <span class='ocrx_word' id='word_1_183' title='bbox 825 2548 866 2598; x_wconf 91' lang='lat' dir='ltr'>ex</span> <span class='ocrx_word' id='word_1_184' title='bbox 892 2531 958 2598; x_wconf 96' lang='lat' dir='ltr'>hoc</span> <span class='ocrx_word' id='word_1_185' title='bbox 984 2531 1115 2598; x_wconf 93' lang='lat' dir='ltr'>maximi</span> <span class='ocrx_word' id='word_1_186' title='bbox 1140 2529 1252 2598; x_wconf 91' lang='lat' dir='ltr'>dede-</span> 
     </span>
     <span class='ocr_line' id='line_1_25' title="bbox 108 2629 1251 2719; baseline -0.006 -16"><span class='ocrx_word' id='word_1_187' title='bbox 108 2635 199 2703; x_wconf 89' lang='lat' dir='ltr'>coris</span> <span class='ocrx_word' id='word_1_188' title='bbox 226 2633 410 2719; x_wconf 87' lang='lat' dir='ltr'>incurrens,</span> <span class='ocrx_word' id='word_1_189' title='bbox 439 2647 615 2717; x_wconf 86' lang='lat' dir='ltr'>quousque</span> <span class='ocrx_word' id='word_1_190' title='bbox 642 2631 733 2714; x_wconf 87' lang='lat' dir='ltr'>regis</span> <span class='ocrx_word' id='word_1_191' title='bbox 759 2629 869 2697; x_wconf 91' lang='lat' dir='ltr'>littere</span> <span class='ocrx_word' id='word_1_192' title='bbox 895 2647 956 2718; x_wconf 91' lang='lat' dir='ltr'>pcr</span> <span class='ocrx_word' id='word_1_193' title='bbox 980 2631 1132 2698; x_wconf 89' lang='lat' dir='ltr'>civitates</span> <span class='ocrx_word' id='word_1_194' title='bbox 1159 2631 1251 2696; x_wconf 93' lang='lat' dir='ltr'>etin</span> 
     </span>
     <span class='ocr_line' id='line_1_26' title="bbox 109 2727 1251 2818; baseline -0.007 -17"><span class='ocrx_word' id='word_1_195' title='bbox 109 2731 248 2801; x_wconf 90' lang='lat' dir='ltr'>auribus</span> <span class='ocrx_word' id='word_1_196' title='bbox 275 2731 459 2818; x_wconf 91' lang='lat' dir='ltr'>principum</span> <span class='ocrx_word' id='word_1_197' title='bbox 485 2733 694 2816; x_wconf 84' lang='lat' dir='ltr'>excusarent,</span> <span class='ocrx_word' id='word_1_198' title='bbox 722 2729 800 2814; x_wconf 89' lang='lat' dir='ltr'>quia</span> <span class='ocrx_word' id='word_1_199' title='bbox 824 2730 999 2816; x_wconf 90' lang='lat' dir='ltr'>pecuniam</span> <span class='ocrx_word' id='word_1_200' title='bbox 1022 2727 1151 2815; x_wconf 91' lang='lat' dir='ltr'>prefixo</span> <span class='ocrx_word' id='word_1_201' title='bbox 1178 2732 1251 2794; x_wconf 88' lang='lat' dir='ltr'>ter-</span> 
     </span>
     <span class='ocr_line' id='line_1_27' title="bbox 107 2820 1254 2918; baseline -0.005 -18"><span class='ocrx_word' id='word_1_202' title='bbox 107 2834 201 2900; x_wconf 92' lang='lat' dir='ltr'>mino</span> <span class='ocrx_word' id='word_1_203' title='bbox 215 2820 401 2918; x_wconf 84' lang='lat' dir='ltr'>promisso²</span> <span class='ocrx_word' id='word_1_204' title='bbox 418 2845 486 2896; x_wconf 95' lang='lat' dir='ltr'>non</span> <span class='ocrx_word' id='word_1_205' title='bbox 506 2827 641 2914; x_wconf 91' lang='lat' dir='ltr'>recepit.</span> <span class='ocrx_word' id='word_1_206' title='bbox 674 2827 790 2894; x_wconf 86' lang='lat' dir='ltr'>Fertur</span> <span class='ocrx_word' id='word_1_207' title='bbox 806 2828 904 2894; x_wconf 91' lang='lat' dir='ltr'>etiam</span> <span class='ocrx_word' id='word_1_208' title='bbox 922 2825 1012 2914; x_wconf 92' lang='lat' dir='ltr'>quod</span> <span class='ocrx_word' id='word_1_209' title='bbox 1033 2844 1093 2894; x_wconf 93' lang='lat' dir='ltr'>rex</span> <span class='ocrx_word' id='word_1_210' title='bbox 1112 2827 1254 2894; x_wconf 85' lang='lat' dir='ltr'>Francie</span> 
     </span>
     <span class='ocr_line' id='line_1_28' title="bbox 111 2925 1251 3018; baseline -0.006 -19"><span class='ocrx_word' id='word_1_211' title='bbox 111 2937 146 2998; x_wconf 92' lang='lat' dir='ltr'>et</span> <span class='ocrx_word' id='word_1_212' title='bbox 172 2930 301 3018; x_wconf 85' lang='lat' dir='ltr'>regina,</span> <span class='ocrx_word' id='word_1_213' title='bbox 329 2927 544 3015; x_wconf 88' lang='lat' dir='ltr'>imperatricis</span> <span class='ocrx_word' id='word_1_214' title='bbox 570 2930 756 3014; x_wconf 90' lang='lat' dir='ltr'>matertera,</span> <span class='ocrx_word' id='word_1_215' title='bbox 785 2925 925 2994; x_wconf 90' lang='lat' dir='ltr'>occultis</span> <span class='ocrx_word' id='word_1_216' title='bbox 951 2925 1067 2994; x_wconf 88' lang='lat' dir='ltr'>litteris</span> <span class='ocrx_word' id='word_1_217' title='bbox 1086 2929 1120 2992; x_wconf 91' lang='lat' dir='ltr'>et</span> <span class='ocrx_word' id='word_1_218' title='bbox 1142 2942 1251 3013; x_wconf 88' lang='lat' dir='ltr'>sporr-</span> 
     </span>
     <span class='ocr_line' id='line_1_29' title="bbox 111 3022 1252 3115; baseline -0.006 -17"><span class='ocrx_word' id='word_1_219' title='bbox 111 3031 212 3098; x_wconf 91' lang='lat' dir='ltr'>sione</span> <span class='ocrx_word' id='word_1_220' title='bbox 239 3026 368 3115; x_wconf 91' lang='lat' dir='ltr'>papalis</span> <span class='ocrx_word' id='word_1_221' title='bbox 395 3027 501 3112; x_wconf 81' lang='lat' dir='ltr'>gratie</span> <span class='ocrx_word' id='word_1_222' title='bbox 528 3024 569 3092; x_wconf 94' lang='lat' dir='ltr'>ab</span> <span class='ocrx_word' id='word_1_223' title='bbox 596 3024 661 3092; x_wconf 93' lang='lat' dir='ltr'>hoc</span> <span class='ocrx_word' id='word_1_224' title='bbox 688 3022 775 3092; x_wconf 87' lang='lat' dir='ltr'>iacto</span> <span class='ocrx_word' id='word_1_225' title='bbox 803 3026 999 3092; x_wconf 87' lang='lat' dir='ltr'>retraxerint</span> <span class='ocrx_word' id='word_1_226' title='bbox 1023 3022 1252 3091; x_wconf 86' lang='lat' dir='ltr'>Ludcwicum.</span> 
     </span>
     <span class='ocr_line' id='line_1_30' title="bbox 183 3121 1253 3210; baseline -0.005 -17"><span class='ocrx_word' id='word_1_227' title='bbox 183 3125 257 3194; x_wconf 92' lang='lat' dir='ltr'>Rex</span> <span class='ocrx_word' id='word_1_228' title='bbox 281 3125 512 3193; x_wconf 88' lang='lat' dir='ltr'>nichilominus</span> <span class='ocrx_word' id='word_1_229' title='bbox 535 3122 623 3210; x_wconf 91' lang='lat' dir='ltr'>apud</span> <span class='ocrx_word' id='word_1_230' title='bbox 647 3122 851 3190; x_wconf 87' lang='lat' dir='ltr'>Dordracum</span> <span class='ocrx_word' id='word_1_231' title='bbox 878 3125 1045 3190; x_wconf 91' lang='lat' dir='ltr'>civitatem</span> <span class='ocrx_word' id='word_1_232' title='bbox 1073 3121 1253 3190; x_wconf 90' lang='lat' dir='ltr'>Hollandio</span> 
     </span>
     <span class='ocr_line' id='line_1_31' title="bbox 106 3220 1252 3312; baseline -0.005 -18"><span class='ocrx_word' id='word_1_233' title='bbox 106 3241 264 3312; x_wconf 89' lang='lat' dir='ltr'>manens,</span> <span class='ocrx_word' id='word_1_234' title='bbox 283 3224 463 3292; x_wconf 90' lang='lat' dir='ltr'>exercitum</span> <span class='ocrx_word' id='word_1_235' title='bbox 478 3222 619 3311; x_wconf 90' lang='lat' dir='ltr'>instruit,</span> <span class='ocrx_word' id='word_1_236' title='bbox 639 3227 673 3288; x_wconf 92' lang='lat' dir='ltr'>et</span> <span class='ocrx_word' id='word_1_237' title='bbox 688 3221 722 3287; x_wconf 92' lang='lat' dir='ltr'>in</span> <span class='ocrx_word' id='word_1_238' title='bbox 740 3220 965 3308; x_wconf 83' lang='lat' dir='ltr'>Pyhardorum</span> <span class='ocrx_word' id='word_1_239' title='bbox 977 3220 1125 3309; x_wconf 91' lang='lat' dir='ltr'>partibus</span> <span class='ocrx_word' id='word_1_240' title='bbox 1137 3227 1252 3289; x_wconf 92' lang='lat' dir='ltr'>contra</span> 
     </span>
     <span class='ocr_line' id='line_1_32' title="bbox 106 3317 1253 3411; baseline -0.003 -21"><span class='ocrx_word' id='word_1_241' title='bbox 106 3340 227 3411; x_wconf 84' lang='lat' dir='ltr'>regern</span> <span class='ocrx_word' id='word_1_242' title='bbox 243 3323 379 3391; x_wconf 83' lang='lat' dir='ltr'>Francia</span> <span class='ocrx_word' id='word_1_243' title='bbox 398 3341 436 3391; x_wconf 91' lang='lat' dir='ltr'>se</span> <span class='ocrx_word' id='word_1_244' title='bbox 450 3321 628 3408; x_wconf 86' lang='lat' dir='ltr'>componit,</span> <span class='ocrx_word' id='word_1_245' title='bbox 655 3317 830 3386; x_wconf 90' lang='lat' dir='ltr'>abundans</span> <span class='ocrx_word' id='word_1_246' title='bbox 846 3319 921 3407; x_wconf 90' lang='lat' dir='ltr'>plus</span> <span class='ocrx_word' id='word_1_247' title='bbox 944 3317 1134 3387; x_wconf 80' lang='lat' dir='ltr'>tortitudine</span> <span class='ocrx_word' id='word_1_248' title='bbox 1154 3337 1253 3405; x_wconf 89' lang='lat' dir='ltr'>quam</span> 
     </span>
     <span class='ocr_line' id='line_1_33' title="bbox 109 3415 1252 3504; baseline -0.007 -13"><span class='ocrx_word' id='word_1_249' title='bbox 109 3421 324 3491; x_wconf 89' lang='lat' dir='ltr'>multitudine</span> <span class='ocrx_word' id='word_1_250' title='bbox 352 3439 394 3490; x_wconf 94' lang='lat' dir='ltr'>ex</span> <span class='ocrx_word' id='word_1_251' title='bbox 418 3417 615 3500; x_wconf 87' lang='lat' dir='ltr'>Alamannia</span> <span class='ocrx_word' id='word_1_252' title='bbox 641 3424 874 3504; x_wconf 83' lang='lat' dir='ltr'>pugnatorum.</span> <span class='ocrx_word' id='word_1_253' title='bbox 907 3415 1011 3496; x_wconf 84' lang='lat' dir='ltr'>Quem</span> <span class='ocrx_word' id='word_1_254' title='bbox 1038 3418 1116 3485; x_wconf 91' lang='lat' dir='ltr'>licet</span> <span class='ocrx_word' id='word_1_255' title='bbox 1135 3417 1252 3485; x_wconf 83' lang='lat' dir='ltr'>Franci</span> 
     </span>
     <span class='ocr_line' id='line_1_34' title="bbox 107 3515 1251 3607; baseline -0.006 -19"><span class='ocrx_word' id='word_1_256' title='bbox 107 3538 251 3591; x_wconf 93' lang='lat' dir='ltr'>numero</span> <span class='ocrx_word' id='word_1_257' title='bbox 278 3519 490 3607; x_wconf 81' lang='lat' dir='ltr'>excederent,</span> <span class='ocrx_word' id='word_1_258' title='bbox 516 3535 585 3585; x_wconf 91' lang='lat' dir='ltr'>non</span> <span class='ocrx_word' id='word_1_259' title='bbox 611 3525 721 3584; x_wconf 92' lang='lat' dir='ltr'>tamen</span> <span class='ocrx_word' id='word_1_260' title='bbox 749 3520 801 3584; x_wconf 89' lang='lat' dir='ltr'>est</span> <span class='ocrx_word' id='word_1_261' title='bbox 830 3515 873 3583; x_wconf 89' lang='lat' dir='ltr'>ad</span> <span class='ocrx_word' id='word_1_262' title='bbox 898 3516 1036 3602; x_wconf 92' lang='lat' dir='ltr'>prelium</span> <span class='ocrx_word' id='word_1_263' title='bbox 1063 3515 1251 3584; x_wconf 90' lang='lat' dir='ltr'>deventum.</span> 
     </span>
    </p>

    <p class='ocr_par' dir='ltr' id='par_1_3' title="bbox 103 3613 1329 3905">
     <span class='ocr_line' id='line_1_35' title="bbox 104 3613 1329 3706; baseline -0.008 -18"><span class='ocrx_word' id='word_1_264' title='bbox 104 3620 181 3689; x_wconf 90' lang='lat' dir='ltr'>Rex</span> <span class='ocrx_word' id='word_1_265' title='bbox 208 3617 331 3703; x_wconf 83' lang='lat' dir='ltr'>Anglie</span> <span class='ocrx_word' id='word_1_266' title='bbox 352 3618 554 3706; x_wconf 90' lang='lat' dir='ltr'>provinciam</span> <span class='ocrx_word' id='word_1_267' title='bbox 572 3615 658 3682; x_wconf 90' lang='lat' dir='ltr'>illam</span> <span class='ocrx_word' id='word_1_268' title='bbox 675 3613 840 3682; x_wconf 85' lang='lat' dir='ltr'>incendiis</span> <span class='ocrx_word' id='word_1_269' title='bbox 861 3619 893 3681; x_wconf 91' lang='lat' dir='ltr'>et</span> <span class='ocrx_word' id='word_1_270' title='bbox 911 3616 1035 3702; x_wconf 89' lang='lat' dir='ltr'>rapinis</span> <span class='ocrx_word' id='word_1_271' title='bbox 1051 3613 1251 3700; x_wconf 84' lang='lat' dir='ltr'>devastavit,</span> <span class='ocrx_word' id='word_1_272' title='bbox 1326 3614 1329 3623; x_wconf 91' lang='lat'>&#39;</span> 
     </span>
     <span class='ocr_line' id='line_1_36' title="bbox 106 3710 1251 3808; baseline -0.007 -22"><span class='ocrx_word' id='word_1_273' title='bbox 106 3723 250 3808; x_wconf 92' lang='lat' dir='ltr'>propter</span> <span class='ocrx_word' id='word_1_274' title='bbox 273 3718 401 3805; x_wconf 87' lang='lat' dir='ltr'>hyemis</span> <span class='ocrx_word' id='word_1_275' title='bbox 424 3734 504 3783; x_wconf 93' lang='lat' dir='ltr'>vero</span> <span class='ocrx_word' id='word_1_276' title='bbox 521 3714 754 3782; x_wconf 91' lang='lat' dir='ltr'>imminentiam</span> <span class='ocrx_word' id='word_1_277' title='bbox 771 3714 901 3799; x_wconf 92' lang='lat' dir='ltr'>utrique</span> <span class='ocrx_word' id='word_1_278' title='bbox 928 3712 970 3780; x_wconf 92' lang='lat' dir='ltr'>ad</span> <span class='ocrx_word' id='word_1_279' title='bbox 998 3730 1061 3779; x_wconf 90' lang='lat' dir='ltr'>sua</span> <span class='ocrx_word' id='word_1_280' title='bbox 1087 3710 1251 3779; x_wconf 91' lang='lat' dir='ltr'>domicilia</span> 
     </span>
     <span class='ocr_line' id='line_1_37' title="bbox 103 3811 1251 3905; baseline -0.007 -21"><span class='ocrx_word' id='word_1_281' title='bbox 103 3817 252 3887; x_wconf 82' lang='lat' dir='ltr'>redicre.</span> <span class='ocrx_word' id='word_1_282' title='bbox 284 3816 355 3884; x_wconf 91' lang='lat' dir='ltr'>Heo</span> <span class='ocrx_word' id='word_1_283' title='bbox 374 3833 485 3905; x_wconf 90' lang='lat' dir='ltr'>causa,</span> <span class='ocrx_word' id='word_1_284' title='bbox 513 3813 688 3880; x_wconf 90' lang='lat' dir='ltr'>multorum</span> <span class='ocrx_word' id='word_1_285' title='bbox 702 3829 818 3897; x_wconf 82' lang='lat' dir='ltr'>regum</span> <span class='ocrx_word' id='word_1_286' title='bbox 830 3813 1005 3880; x_wconf 90' lang='lat' dir='ltr'>continens</span> <span class='ocrx_word' id='word_1_287' title='bbox 1021 3815 1125 3897; x_wconf 77' lang='lat' dir='ltr'>estuS,</span> <span class='ocrx_word' id='word_1_288' title='bbox 1153 3811 1251 3878; x_wconf 91' lang='lat' dir='ltr'>etiam</span> 
     </span>
    </p>
   </div>
   <div class='ocr_carea' id='block_1_3' title="bbox 103 4021 1253 4299">
    <p class='ocr_par' dir='ltr' id='par_1_4' title="bbox 103 4021 1253 4299">
     <span class='ocr_line' id='line_1_38' title="bbox 141 4021 1253 4088; baseline -0.005 -8"><span class='ocrx_word' id='word_1_289' title='bbox 141 4028 176 4088; x_wconf 84' lang='lat' dir='ltr'>l)</span> <span class='ocrx_word' id='word_1_290' title='bbox 194 4025 236 4080; x_wconf 86' lang='lat' dir='ltr'>ich</span> <span class='ocrx_word' id='word_1_291' title='bbox 255 4024 321 4080; x_wconf 80' lang='lat' dir='ltr'>habe</span> <span class='ocrx_word' id='word_1_292' title='bbox 340 4023 391 4076; x_wconf 88' lang='lat' dir='ltr'>den</span> <span class='ocrx_word' id='word_1_293' title='bbox 410 4021 512 4078; x_wconf 88' lang='lat' dir='ltr'>schinss</span> <span class='ocrx_word' id='word_1_294' title='bbox 530 4024 619 4078; x_wconf 88' lang='lat' dir='ltr'>dieses</span> <span class='ocrx_word' id='word_1_295' title='bbox 637 4028 722 4076; x_wconf 89' lang='lat' dir='ltr'>satzes</span> <span class='ocrx_word' id='word_1_296' title='bbox 741 4022 799 4076; x_wconf 87' lang='lat' dir='ltr'>darn</span> <span class='ocrx_word' id='word_1_297' title='bbox 813 4021 976 4078; x_wconf 68' lang='lat' dir='ltr'>Canthara</span> <span class='ocrx_word' id='word_1_298' title='bbox 995 4022 1056 4077; x_wconf 92' lang='lat' dir='ltr'>Pol..</span> <span class='ocrx_word' id='word_1_299' title='bbox 1069 4026 1253 4085; x_wconf 81' lang='lat' dir='ltr'>entaommen;</span> 
     </span>
     <span class='ocr_line' id='line_1_39' title="bbox 106 4089 1251 4160; baseline -0.003 -13"><span class='ocrx_word' id='word_1_300' title='bbox 106 4095 181 4149; x_wconf 92' lang='lat' dir='ltr'>heim</span> <span class='ocrx_word' id='word_1_301' title='bbox 205 4095 356 4160; x_wconf 85' lang='lat' dir='ltr'>Anonymus</span> <span class='ocrx_word' id='word_1_302' title='bbox 383 4089 461 4144; x_wconf 87' lang='lat' dir='ltr'>heob.</span> <span class='ocrx_word' id='word_1_303' title='bbox 486 4093 519 4144; x_wconf 87' lang='lat' dir='ltr'>ist</span> <span class='ocrx_word' id='word_1_304' title='bbox 543 4106 572 4145; x_wconf 92' lang='lat' dir='ltr'>er</span> <span class='ocrx_word' id='word_1_305' title='bbox 598 4090 746 4144; x_wconf 87' lang='lat' dir='ltr'>verdorben</span> <span class='ocrx_word' id='word_1_306' title='bbox 770 4090 822 4143; x_wconf 90' lang='lat' dir='ltr'>uod</span> <span class='ocrx_word' id='word_1_307' title='bbox 845 4091 926 4144; x_wconf 86' lang='lat' dir='ltr'>lautat</span> <span class='ocrx_word' id='word_1_308' title='bbox 949 4104 995 4142; x_wconf 90' lang='lat' dir='ltr'>so:</span> <span class='ocrx_word' id='word_1_309' title='bbox 1015 4089 1067 4143; x_wconf 85' lang='lat' dir='ltr'>irtio</span> <span class='ocrx_word' id='word_1_310' title='bbox 1087 4091 1251 4158; x_wconf 86' lang='lat' dir='ltr'>imperatoris</span> 
     </span>
     <span class='ocr_line' id='line_1_40' title="bbox 103 4157 1251 4227; baseline -0.005 -11"><span class='ocrx_word' id='word_1_311' title='bbox 103 4164 205 4217; x_wconf 88' lang='lat' dir='ltr'>volens</span> <span class='ocrx_word' id='word_1_312' title='bbox 232 4162 392 4227; x_wconf 75' lang='lat' dir='ltr'>hatandans,</span> <span class='ocrx_word' id='word_1_313' title='bbox 418 4159 531 4213; x_wconf 88' lang='lat' dir='ltr'>iudicem</span> <span class='ocrx_word' id='word_1_314' title='bbox 553 4161 650 4213; x_wconf 87' lang='lat' dir='ltr'>iustitie</span> <span class='ocrx_word' id='word_1_315' title='bbox 675 4158 858 4226; x_wconf 87' lang='lat' dir='ltr'>interpellans,</span> <span class='ocrx_word' id='word_1_316' title='bbox 876 4159 998 4212; x_wconf 88' lang='lat' dir='ltr'>indicium</span> <span class='ocrx_word' id='word_1_317' title='bbox 1015 4159 1063 4212; x_wconf 90' lang='lat' dir='ltr'>sibi</span> <span class='ocrx_word' id='word_1_318' title='bbox 1083 4157 1139 4210; x_wconf 88' lang='lat' dir='ltr'>heri</span> <span class='ocrx_word' id='word_1_319' title='bbox 1156 4164 1251 4225; x_wconf 85' lang='lat' dir='ltr'>petens</span> 
     </span>
     <span class='ocr_line' id='line_1_41' title="bbox 104 4225 1251 4299; baseline -0.003 -14"><span class='ocrx_word' id='word_1_320' title='bbox 104 4247 121 4285; x_wconf 90' lang='lat' dir='ltr'>a</span> <span class='ocrx_word' id='word_1_321' title='bbox 141 4230 211 4284; x_wconf 84' lang='lat' dir='ltr'>male</span> <span class='ocrx_word' id='word_1_322' title='bbox 230 4229 290 4284; x_wconf 89' lang='lat' dir='ltr'>iide&#39;r</span> <span class='ocrx_word' id='word_1_323' title='bbox 308 4241 469 4299; x_wconf 89' lang='lat' dir='ltr'>possessore.</span> <span class='ocrx_word' id='word_1_324' title='bbox 507 4228 537 4294; x_wconf 86' lang='lat'>2)</span> <span class='ocrx_word' id='word_1_325' title='bbox 557 4228 607 4281; x_wconf 86' lang='lat' dir='ltr'>Pez</span> <span class='ocrx_word' id='word_1_326' title='bbox 624 4225 710 4294; x_wconf 81' lang='lat' dir='ltr'>gloubi</span> <span class='ocrx_word' id='word_1_327' title='bbox 730 4240 758 4280; x_wconf 91' lang='lat' dir='ltr'>es</span> <span class='ocrx_word' id='word_1_328' title='bbox 776 4226 878 4279; x_wconf 76' lang='lat' dir='ltr'>michte</span> <span class='ocrx_word' id='word_1_329' title='bbox 896 4227 1047 4294; x_wconf 91' lang='lat' dir='ltr'>promissam</span> <span class='ocrx_word' id='word_1_330' title='bbox 1062 4226 1175 4280; x_wconf 89' lang='lat' dir='ltr'>zulesen</span> <span class='ocrx_word' id='word_1_331' title='bbox 1186 4232 1251 4281; x_wconf 84' lang='lat' dir='ltr'>sein.</span> 
     </span>
    </p>
   </div>
   <div class='ocr_carea' id='block_1_4' title="bbox 142 4311 1052 4371">
    <p class='ocr_par' dir='ltr' id='par_1_5' title="bbox 142 4311 1052 4371">
     <span class='ocr_line' id='line_1_42' title="bbox 142 4311 1052 4371; baseline -0.008 -2"><span class='ocrx_word' id='word_1_332' title='bbox 142 4329 278 4371; x_wconf 80' lang='lat' dir='ltr'>sosanna</span> <span class='ocrx_word' id='word_1_333' title='bbox 298 4329 400 4370; x_wconf 80' lang='lat' dir='ltr'>rorans</span> <span class='ocrx_word' id='word_1_334' title='bbox 421 4324 444 4368; x_wconf 91' lang='lat'>1.</span> <span class='ocrx_word' id='word_1_335' title='bbox 1019 4311 1052 4362; x_wconf 78' lang='lat'>28</span> 
     </span>
    </p>
   </div>
   <div class='ocr_carea' id='block_1_5' title="bbox 0 0 1518 4878">
    <p class='ocr_par' dir='ltr' id='par_1_6' title="bbox 0 0 1518 4878">
     <span class='ocr_line' id='line_1_43' title="bbox 0 0 1518 4878; baseline 0 3"><span class='ocrx_word' id='word_1_336' title='bbox 0 0 1518 4878; x_wconf 95' lang='lat' dir='ltr'> </span> 
     </span>
    </p>
   </div>
  </div>
 </body>
</html>
