<?xml version="1.0" encoding="UTF-8"?>
<!DOCTYPE html PUBLIC "-//W3C//DTD XHTML 1.0 Transitional//EN"
    "http://www.w3.org/TR/xhtml1/DTD/xhtml1-transitional.dtd">
<html xmlns="http://www.w3.org/1999/xhtml" xml:lang="en" lang="en">
 <head>
  <title>
</title>
<meta http-equiv="Content-Type" content="text/html;charset=utf-8" />
  <meta name='ocr-system' content='tesseract 3.04.00' />
  <meta name='ocr-capabilities' content='ocr_page ocr_carea ocr_par ocr_line ocrx_word'/>
</head>
<body>
  <div class='ocr_page' id='page_1' title='image "./fontesrerumgerm02hubegoog_0221.png"; bbox 0 0 3096 4882; ppageno 0'>
   <div class='ocr_carea' id='block_1_1' title="bbox 332 161 1140 237">
    <p class='ocr_par' dir='ltr' id='par_1_1' title="bbox 332 161 1140 237">
     <span class='ocr_line' id='line_1_1' title="bbox 332 161 1140 237; baseline 0 -3"><span class='ocrx_word' id='word_1_1' title='bbox 332 161 403 234; x_wconf 77' lang='lat'><strong>176</strong></span> <span class='ocrx_word' id='word_1_2' title='bbox 662 191 726 237; x_wconf 79' lang='lat' dir='ltr'><strong>nnn.</strong></span> <span class='ocrx_word' id='word_1_3' title='bbox 748 188 870 236; x_wconf 77' lang='lat' dir='ltr'><strong>nussam</strong></span> <span class='ocrx_word' id='word_1_4' title='bbox 891 187 1054 235; x_wconf 84' lang='lat' dir='ltr'><strong>nunorrcus</strong></span> <span class='ocrx_word' id='word_1_5' title='bbox 1073 188 1140 234; x_wconf 79' lang='lat' dir='ltr'><strong>aar.</strong></span> 
     </span>
    </p>
   </div>
   <div class='ocr_carea' id='block_1_2' title="bbox 247 326 1519 814">
    <p class='ocr_par' dir='ltr' id='par_1_2' title="bbox 247 326 1440 419">
     <span class='ocr_line' id='line_1_2' title="bbox 247 326 1440 419; baseline -0.003 -21"><span class='ocrx_word' id='word_1_6' title='bbox 247 341 315 398; x_wconf 74' lang='lat' dir='ltr'><strong>1³ae</strong></span> <span class='ocrx_word' id='word_1_7' title='bbox 330 346 550 419; x_wconf 80' lang='lat' dir='ltr'><strong>processuum</strong></span> <span class='ocrx_word' id='word_1_8' title='bbox 579 327 758 398; x_wconf 75' lang='lat' dir='ltr'><strong>dictatores</strong></span> <span class='ocrx_word' id='word_1_9' title='bbox 781 326 993 397; x_wconf 78' lang='lat' dir='ltr'><strong>conscribere</strong></span> <span class='ocrx_word' id='word_1_10' title='bbox 1015 331 1117 415; x_wconf 90' lang='lat' dir='ltr'><strong>atque</strong></span> <span class='ocrx_word' id='word_1_11' title='bbox 1140 345 1336 417; x_wconf 88' lang='lat' dir='ltr'><strong>componere</strong></span> <span class='ocrx_word' id='word_1_12' title='bbox 1356 327 1440 395; x_wconf 92' lang='lat' dir='ltr'><strong>multo</strong></span> 
     </span>
    </p>

    <p class='ocr_par' dir='ltr' id='par_1_3' title="bbox 251 426 1519 814">
     <span class='ocr_line' id='line_1_3' title="bbox 251 426 1442 534; baseline -0.003 -36"><span class='ocrx_word' id='word_1_13' title='bbox 251 427 312 534; x_wconf 55' lang='lat' dir='ltr'><strong>lg·</strong></span> <span class='ocrx_word' id='word_1_14' title='bbox 332 427 444 498; x_wconf 92' lang='lat' dir='ltr'><strong>studio</strong></span> <span class='ocrx_word' id='word_1_15' title='bbox 470 429 648 519; x_wconf 88' lang='lat' dir='ltr'><strong>sciverunt,</strong></span> <span class='ocrx_word' id='word_1_16' title='bbox 675 427 784 498; x_wconf 90' lang='lat' dir='ltr'><strong>edicta</strong></span> <span class='ocrx_word' id='word_1_17' title='bbox 810 445 830 494; x_wconf 90' lang='lat' dir='ltr'><strong>a</strong></span> <span class='ocrx_word' id='word_1_18' title='bbox 856 433 976 494; x_wconf 90' lang='lat' dir='ltr'><strong>senatu</strong></span> <span class='ocrx_word' id='word_1_19' title='bbox 994 427 1187 515; x_wconf 80' lang='lat' dir='ltr'><strong>populoque</strong></span> <span class='ocrx_word' id='word_1_20' title='bbox 1206 426 1349 498; x_wconf 90' lang='lat' dir='ltr'><strong>Romano</strong></span> <span class='ocrx_word' id='word_1_21' title='bbox 1371 443 1442 515; x_wconf 91' lang='lat' dir='ltr'><strong>pro-</strong></span> 
     </span>
     <span class='ocr_line' id='line_1_4' title="bbox 331 525 1443 614; baseline -0.004 -18"><span class='ocrx_word' id='word_1_22' title='bbox 331 528 478 614; x_wconf 80' lang='lat' dir='ltr'><strong>mulgata</strong></span> <span class='ocrx_word' id='word_1_23' title='bbox 504 533 595 596; x_wconf 90' lang='lat' dir='ltr'><strong>sunt:</strong></span> <span class='ocrx_word' id='word_1_24' title='bbox 623 525 783 594; x_wconf 80' lang='lat' dir='ltr'><strong>loannem</strong></span> <span class='ocrx_word' id='word_1_25' title='bbox 805 542 844 593; x_wconf 88' lang='lat' dir='ltr'><strong>eo</strong></span> <span class='ocrx_word' id='word_1_26' title='bbox 870 543 974 611; x_wconf 78' lang='lat' dir='ltr'><strong>oeque</strong></span> <span class='ocrx_word' id='word_1_27' title='bbox 999 527 1119 594; x_wconf 78' lang='lat' dir='ltr'><strong>dietum</strong></span> <span class='ocrx_word' id='word_1_28' title='bbox 1135 546 1272 614; x_wconf 84' lang='lat' dir='ltr'><strong>popum,</strong></span> <span class='ocrx_word' id='word_1_29' title='bbox 1297 532 1443 611; x_wconf 85' lang='lat' dir='ltr'><strong>toorqcom</strong></span> 
     </span>
     <span class='ocr_line' id='line_1_5' title="bbox 329 622 1518 712; baseline -0.005 -16"><span class='ocrx_word' id='word_1_30' title='bbox 329 626 571 696; x_wconf 80' lang='lat' dir='ltr'><strong>schismaticum</strong></span> <span class='ocrx_word' id='word_1_31' title='bbox 601 626 781 712; x_wconf 79' lang='lat' dir='ltr'><strong>profanam</strong></span> <span class='ocrx_word' id='word_1_32' title='bbox 809 629 842 692; x_wconf 84' lang='lat' dir='ltr'><strong>et</strong></span> <span class='ocrx_word' id='word_1_33' title='bbox 864 622 1055 709; x_wconf 79' lang='lat' dir='ltr'><strong>hereticum,</strong></span> <span class='ocrx_word' id='word_1_34' title='bbox 1081 643 1214 694; x_wconf 79' lang='lat' dir='ltr'><strong>cassum</strong></span> <span class='ocrx_word' id='word_1_35' title='bbox 1236 631 1269 694; x_wconf 84' lang='lat' dir='ltr'><strong>ct</strong></span> <span class='ocrx_word' id='word_1_36' title='bbox 1291 624 1444 712; x_wconf 82' lang='lat' dir='ltr'><strong>reprobam</strong></span> <span class='ocrx_word' id='word_1_37' title='bbox 1517 679 1518 682; x_wconf 63' lang='lat'><strong>,</strong></span> 
     </span>
     <span class='ocr_line' id='line_1_6' title="bbox 329 711 1519 814; baseline -0.004 -20"><span class='ocrx_word' id='word_1_38' title='bbox 329 745 389 794; x_wconf 80' lang='lat' dir='ltr'><strong>serr</strong></span> <span class='ocrx_word' id='word_1_39' title='bbox 421 724 647 812; x_wconf 80' lang='lat' dir='ltr'><strong>reprobatum,</strong></span> <span class='ocrx_word' id='word_1_40' title='bbox 682 724 821 793; x_wconf 89' lang='lat' dir='ltr'><strong>adiectis</strong></span> <span class='ocrx_word' id='word_1_41' title='bbox 852 724 888 791; x_wconf 92' lang='lat' dir='ltr'><strong>in</strong></span> <span class='ocrx_word' id='word_1_42' title='bbox 915 742 955 792; x_wconf 90' lang='lat' dir='ltr'><strong>ec</strong></span> <span class='ocrx_word' id='word_1_43' title='bbox 982 729 1141 794; x_wconf 87' lang='lat' dir='ltr'><strong>contextu</strong></span> <span class='ocrx_word' id='word_1_44' title='bbox 1168 727 1279 796; x_wconf 90' lang='lat' dir='ltr'><strong>causis</strong></span> <span class='ocrx_word' id='word_1_45' title='bbox 1304 725 1445 814; x_wconf 88' lang='lat' dir='ltr'><strong>plurimis,</strong></span> <span class='ocrx_word' id='word_1_46' title='bbox 1518 711 1519 742; x_wconf 32' lang='lat' dir='ltr'><strong>i</strong></span> 
     </span>
    </p>
   </div>
   <div class='ocr_carea' id='block_1_3' title="bbox 254 820 1521 4287">
    <p class='ocr_par' dir='ltr' id='par_1_4' title="bbox 330 820 1447 1010">
     <span class='ocr_line' id='line_1_7' title="bbox 331 820 1447 918; baseline -0.004 -24"><span class='ocrx_word' id='word_1_47' title='bbox 331 843 416 914; x_wconf 90' lang='lat' dir='ltr'><strong>quas</strong></span> <span class='ocrx_word' id='word_1_48' title='bbox 441 824 635 913; x_wconf 87' lang='lat' dir='ltr'><strong>probabiles</strong></span> <span class='ocrx_word' id='word_1_49' title='bbox 660 825 727 892; x_wconf 91' lang='lat' dir='ltr'><strong>imo</strong></span> <span class='ocrx_word' id='word_1_50' title='bbox 755 830 788 892; x_wconf 88' lang='lat' dir='ltr'><strong>ot</strong></span> <span class='ocrx_word' id='word_1_51' title='bbox 813 820 1007 892; x_wconf 81' lang='lat' dir='ltr'><strong>manifestas</strong></span> <span class='ocrx_word' id='word_1_52' title='bbox 1033 825 1244 918; x_wconf 86' lang='lat' dir='ltr'><strong>asserebant,</strong></span> <span class='ocrx_word' id='word_1_53' title='bbox 1270 827 1353 894; x_wconf 88' lang='lat' dir='ltr'><strong>inter</strong></span> <span class='ocrx_word' id='word_1_54' title='bbox 1376 839 1447 912; x_wconf 87' lang='lat' dir='ltr'><strong>quas</strong></span> 
     </span>
     <span class='ocr_line' id='line_1_8' title="bbox 330 922 1182 1010; baseline -0.001 -16"><span class='ocrx_word' id='word_1_55' title='bbox 330 941 452 994; x_wconf 87' lang='lat' dir='ltr'><strong>causas</strong></span> <span class='ocrx_word' id='word_1_56' title='bbox 478 941 577 992; x_wconf 89' lang='lat' dir='ltr'><strong>unam</strong></span> <span class='ocrx_word' id='word_1_57' title='bbox 602 922 657 991; x_wconf 92' lang='lat' dir='ltr'><strong>hic</strong></span> <span class='ocrx_word' id='word_1_58' title='bbox 683 940 852 1010; x_wconf 85' lang='lat' dir='ltr'><strong>exponere</strong></span> <span class='ocrx_word' id='word_1_59' title='bbox 878 922 973 991; x_wconf 91' lang='lat' dir='ltr'><strong>locus</strong></span> <span class='ocrx_word' id='word_1_60' title='bbox 1000 922 1182 993; x_wconf 78' lang='lat' dir='ltr'><strong>admonet·</strong></span> 
     </span>
    </p>

    <p class='ocr_par' dir='ltr' id='par_1_5' title="bbox 326 1012 1521 3492">
     <span class='ocr_line' id='line_1_9' title="bbox 405 1012 1513 1113; baseline -0.004 -21"><span class='ocrx_word' id='word_1_61' title='bbox 405 1024 467 1092; x_wconf 88' lang='lat' dir='ltr'><strong>Per</strong></span> <span class='ocrx_word' id='word_1_62' title='bbox 483 1023 641 1113; x_wconf 91' lang='lat' dir='ltr'><strong>plurimos</strong></span> <span class='ocrx_word' id='word_1_63' title='bbox 660 1029 738 1091; x_wconf 89' lang='lat' dir='ltr'><strong>ante</strong></span> <span class='ocrx_word' id='word_1_64' title='bbox 764 1039 872 1090; x_wconf 91' lang='lat' dir='ltr'><strong>annos</strong></span> <span class='ocrx_word' id='word_1_65' title='bbox 895 1022 981 1090; x_wconf 91' lang='lat' dir='ltr'><strong>inter</strong></span> <span class='ocrx_word' id='word_1_66' title='bbox 1005 1020 1141 1092; x_wconf 89' lang='lat' dir='ltr'><strong>ordines</strong></span> <span class='ocrx_word' id='word_1_67' title='bbox 1161 1022 1294 1091; x_wconf 77' lang='lat' dir='ltr'><strong>fratrum</strong></span> <span class='ocrx_word' id='word_1_68' title='bbox 1309 1020 1448 1091; x_wconf 90' lang='lat' dir='ltr'><strong>Predica-</strong></span> <span class='ocrx_word' id='word_1_69' title='bbox 1510 1012 1513 1022; x_wconf 86' lang='grc'><strong>’</strong></span> 
     </span>
     <span class='ocr_line' id='line_1_10' title="bbox 331 1120 1520 1214; baseline -0.003 -24"><span class='ocrx_word' id='word_1_70' title='bbox 331 1129 438 1192; x_wconf 91' lang='lat' dir='ltr'><strong>torum</strong></span> <span class='ocrx_word' id='word_1_71' title='bbox 457 1127 491 1190; x_wconf 92' lang='lat' dir='ltr'><strong>et</strong></span> <span class='ocrx_word' id='word_1_72' title='bbox 511 1120 676 1191; x_wconf 91' lang='lat' dir='ltr'><strong>Minorum</strong></span> <span class='ocrx_word' id='word_1_73' title='bbox 696 1121 738 1188; x_wconf 92' lang='lat' dir='ltr'><strong>lis</strong></span> <span class='ocrx_word' id='word_1_74' title='bbox 758 1120 900 1209; x_wconf 86' lang='lat' dir='ltr'><strong>quedam</strong></span> <span class='ocrx_word' id='word_1_75' title='bbox 922 1121 1127 1209; x_wconf 84' lang='lat' dir='ltr'><strong>grandisque</strong></span> <span class='ocrx_word' id='word_1_76' title='bbox 1148 1125 1318 1192; x_wconf 90' lang='lat' dir='ltr'><strong>contentio</strong></span> <span class='ocrx_word' id='word_1_77' title='bbox 1335 1121 1447 1209; x_wconf 92' lang='lat' dir='ltr'><strong>oborta,</strong></span> <span class='ocrx_word' id='word_1_78' title='bbox 1519 1203 1520 1214; x_wconf 9' lang='grc' dir='ltr'>χ</span> 
     </span>
     <span class='ocr_line' id='line_1_11' title="bbox 330 1217 1520 1307; baseline -0.003 -17"><span class='ocrx_word' id='word_1_79' title='bbox 330 1222 476 1290; x_wconf 81' lang='lat' dir='ltr'><strong>schisma</strong></span> <span class='ocrx_word' id='word_1_80' title='bbox 508 1219 635 1307; x_wconf 80' lang='lat' dir='ltr'><strong>grande</strong></span> <span class='ocrx_word' id='word_1_81' title='bbox 675 1238 714 1289; x_wconf 86' lang='lat' dir='ltr'><strong>ao</strong></span> <span class='ocrx_word' id='word_1_82' title='bbox 748 1221 890 1307; x_wconf 84' lang='lat' dir='ltr'><strong>iurgium</strong></span> <span class='ocrx_word' id='word_1_83' title='bbox 925 1225 958 1288; x_wconf 92' lang='lat' dir='ltr'><strong>et</strong></span> <span class='ocrx_word' id='word_1_84' title='bbox 990 1221 1251 1307; x_wconf 79' lang='lat' dir='ltr'><strong>ignominiosum</strong></span> <span class='ocrx_word' id='word_1_85' title='bbox 1289 1221 1448 1291; x_wconf 87' lang='lat' dir='ltr'><strong>discrimen</strong></span> <span class='ocrx_word' id='word_1_86' title='bbox 1519 1217 1520 1220; x_wconf 73' lang='grc'>’</span> 
     </span>
     <span class='ocr_line' id='line_1_12' title="bbox 330 1318 1520 1408; baseline -0.002 -20"><span class='ocrx_word' id='word_1_87' title='bbox 330 1320 486 1389; x_wconf 89' lang='lat' dir='ltr'><strong>attulerat</strong></span> <span class='ocrx_word' id='word_1_88' title='bbox 510 1337 612 1408; x_wconf 92' lang='lat' dir='ltr'><strong>super</strong></span> <span class='ocrx_word' id='word_1_89' title='bbox 637 1319 760 1388; x_wconf 93' lang='lat' dir='ltr'><strong>domini</strong></span> <span class='ocrx_word' id='word_1_90' title='bbox 785 1320 891 1388; x_wconf 92' lang='lat' dir='ltr'><strong>nostri</strong></span> <span class='ocrx_word' id='word_1_91' title='bbox 916 1319 993 1387; x_wconf 89' lang='lat' dir='ltr'><strong>Iesu</strong></span> <span class='ocrx_word' id='word_1_92' title='bbox 1009 1318 1128 1388; x_wconf 85' lang='lat' dir='ltr'><strong>Christi</strong></span> <span class='ocrx_word' id='word_1_93' title='bbox 1154 1327 1187 1388; x_wconf 92' lang='lat' dir='ltr'><strong>et</strong></span> <span class='ocrx_word' id='word_1_94' title='bbox 1213 1321 1304 1390; x_wconf 93' lang='lat' dir='ltr'><strong>illum</strong></span> <span class='ocrx_word' id='word_1_95' title='bbox 1330 1322 1449 1389; x_wconf 90' lang='lat' dir='ltr'><strong>imitan-</strong></span> <span class='ocrx_word' id='word_1_96' title='bbox 1519 1347 1520 1370; x_wconf 71' lang='lat'>2</span> 
     </span>
     <span class='ocr_line' id='line_1_13' title="bbox 329 1416 1450 1508; baseline -0.003 -20"><span class='ocrx_word' id='word_1_97' title='bbox 329 1421 409 1488; x_wconf 92' lang='lat' dir='ltr'><strong>tium</strong></span> <span class='ocrx_word' id='word_1_98' title='bbox 428 1424 643 1508; x_wconf 75' lang='lat' dir='ltr'><strong>paupertate,</strong></span> <span class='ocrx_word' id='word_1_99' title='bbox 670 1418 858 1488; x_wconf 89' lang='lat' dir='ltr'><strong>dicentibus</strong></span> <span class='ocrx_word' id='word_1_100' title='bbox 877 1416 1033 1487; x_wconf 86' lang='lat' dir='ltr'><strong>iratribus</strong></span> <span class='ocrx_word' id='word_1_101' title='bbox 1050 1417 1237 1489; x_wconf 87' lang='lat' dir='ltr'><strong>Minoribus</strong></span> <span class='ocrx_word' id='word_1_102' title='bbox 1259 1423 1375 1508; x_wconf 91' lang='lat' dir='ltr'><strong>eisque</strong></span> <span class='ocrx_word' id='word_1_103' title='bbox 1396 1416 1450 1486; x_wconf 89' lang='lat' dir='ltr'><strong>ad-</strong></span> 
     </span>
     <span class='ocr_line' id='line_1_14' title="bbox 330 1516 1451 1608; baseline -0.004 -22"><span class='ocrx_word' id='word_1_104' title='bbox 330 1519 541 1608; x_wconf 89' lang='lat' dir='ltr'><strong>herentibus,</strong></span> <span class='ocrx_word' id='word_1_105' title='bbox 569 1518 659 1606; x_wconf 90' lang='lat' dir='ltr'><strong>quod</strong></span> <span class='ocrx_word' id='word_1_106' title='bbox 693 1520 759 1606; x_wconf 93' lang='lat' dir='ltr'><strong>ipsi</strong></span> <span class='ocrx_word' id='word_1_107' title='bbox 785 1519 894 1607; x_wconf 91' lang='lat' dir='ltr'><strong>ipsum</strong></span> <span class='ocrx_word' id='word_1_108' title='bbox 922 1516 1089 1586; x_wconf 91' lang='lat' dir='ltr'><strong>dominum</strong></span> <span class='ocrx_word' id='word_1_109' title='bbox 1116 1517 1281 1588; x_wconf 87' lang='lat' dir='ltr'><strong>Christum</strong></span> <span class='ocrx_word' id='word_1_110' title='bbox 1309 1526 1342 1588; x_wconf 91' lang='lat' dir='ltr'><strong>et</strong></span> <span class='ocrx_word' id='word_1_111' title='bbox 1365 1519 1451 1585; x_wconf 89' lang='lat' dir='ltr'><strong>vitan</strong></span> 
     </span>
     <span class='ocr_line' id='line_1_15' title="bbox 331 1617 1451 1708; baseline -0.004 -21"><span class='ocrx_word' id='word_1_112' title='bbox 331 1620 405 1688; x_wconf 90' lang='lat' dir='ltr'><strong>eius</strong></span> <span class='ocrx_word' id='word_1_113' title='bbox 435 1619 604 1686; x_wconf 90' lang='lat' dir='ltr'><strong>imitantes</strong></span> <span class='ocrx_word' id='word_1_114' title='bbox 638 1635 706 1686; x_wconf 91' lang='lat' dir='ltr'><strong>non</strong></span> <span class='ocrx_word' id='word_1_115' title='bbox 739 1617 906 1686; x_wconf 88' lang='lat' dir='ltr'><strong>habebant</strong></span> <span class='ocrx_word' id='word_1_116' title='bbox 940 1617 1077 1686; x_wconf 89' lang='lat' dir='ltr'><strong>alieuius</strong></span> <span class='ocrx_word' id='word_1_117' title='bbox 1110 1619 1159 1686; x_wconf 92' lang='lat' dir='ltr'><strong>roi</strong></span> <span class='ocrx_word' id='word_1_118' title='bbox 1190 1620 1255 1689; x_wconf 92' lang='lat' dir='ltr'><strong>nisi</strong></span> <span class='ocrx_word' id='word_1_119' title='bbox 1282 1618 1451 1708; x_wconf 87' lang='lat' dir='ltr'><strong>simplicem</strong></span> 
     </span>
     <span class='ocr_line' id='line_1_16' title="bbox 330 1713 1521 1807; baseline -0.004 -21"><span class='ocrx_word' id='word_1_120' title='bbox 330 1736 426 1788; x_wconf 93' lang='lat' dir='ltr'><strong>usum</strong></span> <span class='ocrx_word' id='word_1_121' title='bbox 455 1717 549 1806; x_wconf 87' lang='lat' dir='ltr'><strong>laeti,</strong></span> <span class='ocrx_word' id='word_1_122' title='bbox 576 1716 765 1785; x_wconf 91' lang='lat' dir='ltr'><strong>abdicatum</strong></span> <span class='ocrx_word' id='word_1_123' title='bbox 792 1723 824 1784; x_wconf 91' lang='lat' dir='ltr'><strong>et</strong></span> <span class='ocrx_word' id='word_1_124' title='bbox 852 1715 1054 1785; x_wconf 90' lang='lat' dir='ltr'><strong>denudatum</strong></span> <span class='ocrx_word' id='word_1_125' title='bbox 1079 1717 1122 1784; x_wconf 90' lang='lat' dir='ltr'><strong>ab</strong></span> <span class='ocrx_word' id='word_1_126' title='bbox 1149 1719 1238 1785; x_wconf 92' lang='lat' dir='ltr'><strong>omni</strong></span> <span class='ocrx_word' id='word_1_127' title='bbox 1262 1720 1451 1807; x_wconf 82' lang='lat' dir='ltr'><strong>proprietate</strong></span> <span class='ocrx_word' id='word_1_128' title='bbox 1520 1713 1521 1762; x_wconf 55' lang='grc' dir='ltr'>ἕ</span> 
     </span>
     <span class='ocr_line' id='line_1_17' title="bbox 328 1815 1451 1905; baseline -0.003 -20"><span class='ocrx_word' id='word_1_129' title='bbox 328 1817 384 1885; x_wconf 87' lang='lat' dir='ltr'><strong>vel</strong></span> <span class='ocrx_word' id='word_1_130' title='bbox 410 1818 481 1884; x_wconf 89' lang='lat' dir='ltr'><strong>iure</strong></span> <span class='ocrx_word' id='word_1_131' title='bbox 507 1815 632 1884; x_wconf 88' lang='lat' dir='ltr'><strong>utendi.</strong></span> <span class='ocrx_word' id='word_1_132' title='bbox 675 1815 904 1884; x_wconf 87' lang='lat' dir='ltr'><strong>Predioatores</strong></span> <span class='ocrx_word' id='word_1_133' title='bbox 929 1833 1011 1884; x_wconf 92' lang='lat' dir='ltr'><strong>vero</strong></span> <span class='ocrx_word' id='word_1_134' title='bbox 1038 1815 1208 1902; x_wconf 91' lang='lat' dir='ltr'><strong>dicebant,</strong></span> <span class='ocrx_word' id='word_1_135' title='bbox 1234 1818 1332 1905; x_wconf 91' lang='lat' dir='ltr'><strong>ipsos</strong></span> <span class='ocrx_word' id='word_1_136' title='bbox 1349 1817 1451 1885; x_wconf 88' lang='lat' dir='ltr'><strong>iratres</strong></span> 
     </span>
     <span class='ocr_line' id='line_1_18' title="bbox 329 1913 1453 2006; baseline -0.004 -22"><span class='ocrx_word' id='word_1_137' title='bbox 329 1915 479 1984; x_wconf 88' lang='lat' dir='ltr'><strong>Minores</strong></span> <span class='ocrx_word' id='word_1_138' title='bbox 506 1932 575 1983; x_wconf 93' lang='lat' dir='ltr'><strong>non</strong></span> <span class='ocrx_word' id='word_1_139' title='bbox 602 1913 708 1984; x_wconf 90' lang='lat' dir='ltr'><strong>solum</strong></span> <span class='ocrx_word' id='word_1_140' title='bbox 724 1914 848 1982; x_wconf 88' lang='lat' dir='ltr'><strong>habere</strong></span> <span class='ocrx_word' id='word_1_141' title='bbox 875 1915 1058 2004; x_wconf 91' lang='lat' dir='ltr'><strong>simplicem</strong></span> <span class='ocrx_word' id='word_1_142' title='bbox 1082 1933 1179 1984; x_wconf 93' lang='lat' dir='ltr'><strong>usum</strong></span> <span class='ocrx_word' id='word_1_143' title='bbox 1205 1914 1292 2006; x_wconf 88' lang='lat' dir='ltr'><strong>lacti,</strong></span> <span class='ocrx_word' id='word_1_144' title='bbox 1323 1915 1383 1984; x_wconf 92' lang='lat' dir='ltr'><strong>sed</strong></span> <span class='ocrx_word' id='word_1_145' title='bbox 1398 1915 1453 1982; x_wconf 89' lang='lat' dir='ltr'><strong>ha-</strong></span> 
     </span>
     <span class='ocr_line' id='line_1_19' title="bbox 329 2011 1452 2101; baseline -0.003 -19"><span class='ocrx_word' id='word_1_146' title='bbox 329 2014 409 2082; x_wconf 89' lang='lat' dir='ltr'><strong>bere</strong></span> <span class='ocrx_word' id='word_1_147' title='bbox 438 2016 535 2082; x_wconf 90' lang='lat' dir='ltr'><strong>etiam</strong></span> <span class='ocrx_word' id='word_1_148' title='bbox 560 2014 613 2081; x_wconf 90' lang='lat' dir='ltr'><strong>ius</strong></span> <span class='ocrx_word' id='word_1_149' title='bbox 639 2013 764 2082; x_wconf 88' lang='lat' dir='ltr'><strong>utendi.</strong></span> <span class='ocrx_word' id='word_1_150' title='bbox 807 2011 917 2094; x_wconf 84' lang='lat' dir='ltr'><strong>Quare</strong></span> <span class='ocrx_word' id='word_1_151' title='bbox 937 2015 1052 2082; x_wconf 93' lang='lat' dir='ltr'><strong>sinon</strong></span> <span class='ocrx_word' id='word_1_152' title='bbox 1071 2014 1234 2082; x_wconf 88' lang='lat' dir='ltr'><strong>haberent</strong></span> <span class='ocrx_word' id='word_1_153' title='bbox 1257 2017 1313 2084; x_wconf 90' lang='lat' dir='ltr'><strong>ius</strong></span> <span class='ocrx_word' id='word_1_154' title='bbox 1340 2012 1452 2101; x_wconf 89' lang='lat' dir='ltr'><strong>utendi,</strong></span> 
     </span>
     <span class='ocr_line' id='line_1_20' title="bbox 328 2112 1453 2204; baseline -0.002 -24"><span class='ocrx_word' id='word_1_155' title='bbox 328 2131 398 2182; x_wconf 92' lang='lat' dir='ltr'><strong>non</strong></span> <span class='ocrx_word' id='word_1_156' title='bbox 432 2113 592 2181; x_wconf 87' lang='lat' dir='ltr'><strong>haberent</strong></span> <span class='ocrx_word' id='word_1_157' title='bbox 624 2113 733 2200; x_wconf 93' lang='lat' dir='ltr'><strong>ipsum</strong></span> <span class='ocrx_word' id='word_1_158' title='bbox 763 2131 860 2180; x_wconf 91' lang='lat' dir='ltr'><strong>usum</strong></span> <span class='ocrx_word' id='word_1_159' title='bbox 886 2130 950 2180; x_wconf 91' lang='lat' dir='ltr'><strong>nec</strong></span> <span class='ocrx_word' id='word_1_160' title='bbox 981 2120 1108 2204; x_wconf 88' lang='lat' dir='ltr'><strong>actum,</strong></span> <span class='ocrx_word' id='word_1_161' title='bbox 1135 2115 1235 2182; x_wconf 91' lang='lat' dir='ltr'><strong>immo</strong></span> <span class='ocrx_word' id='word_1_162' title='bbox 1260 2116 1384 2183; x_wconf 92' lang='lat' dir='ltr'><strong>iniuste</strong></span> <span class='ocrx_word' id='word_1_163' title='bbox 1406 2112 1453 2180; x_wconf 90' lang='lat' dir='ltr'><strong>illa</strong></span> 
     </span>
     <span class='ocr_line' id='line_1_21' title="bbox 327 2211 1454 2302; baseline -0.002 -22"><span class='ocrx_word' id='word_1_164' title='bbox 327 2229 364 2281; x_wconf 91' lang='lat' dir='ltr'><strong>re</strong></span> <span class='ocrx_word' id='word_1_165' title='bbox 389 2217 560 2280; x_wconf 89' lang='lat' dir='ltr'><strong>uterentur</strong></span> <span class='ocrx_word' id='word_1_166' title='bbox 569 2233 578 2299; x_wconf 77' lang='lat'>3</span> <span class='ocrx_word' id='word_1_167' title='bbox 610 2229 677 2280; x_wconf 94' lang='lat' dir='ltr'><strong>non</strong></span> <span class='ocrx_word' id='word_1_168' title='bbox 712 2213 799 2279; x_wconf 90' lang='lat' dir='ltr'><strong>enim</strong></span> <span class='ocrx_word' id='word_1_169' title='bbox 833 2211 995 2280; x_wconf 88' lang='lat' dir='ltr'><strong>haberent</strong></span> <span class='ocrx_word' id='word_1_170' title='bbox 1025 2230 1122 2280; x_wconf 90' lang='lat' dir='ltr'><strong>usum</strong></span> <span class='ocrx_word' id='word_1_171' title='bbox 1156 2215 1222 2281; x_wconf 93' lang='lat' dir='ltr'><strong>nisi</strong></span> <span class='ocrx_word' id='word_1_172' title='bbox 1248 2212 1387 2302; x_wconf 86' lang='lat' dir='ltr'><strong>aliquod</strong></span> <span class='ocrx_word' id='word_1_173' title='bbox 1409 2214 1454 2279; x_wconf 92' lang='lat' dir='ltr'><strong>ius</strong></span> 
     </span>
     <span class='ocr_line' id='line_1_22' title="bbox 328 2311 1451 2402; baseline -0.003 -22"><span class='ocrx_word' id='word_1_174' title='bbox 328 2311 500 2402; x_wconf 87' lang='lat' dir='ltr'><strong>haberent,</strong></span> <span class='ocrx_word' id='word_1_175' title='bbox 527 2317 662 2400; x_wconf 92' lang='lat' dir='ltr'><strong>propter</strong></span> <span class='ocrx_word' id='word_1_176' title='bbox 688 2311 779 2398; x_wconf 91' lang='lat' dir='ltr'><strong>quod</strong></span> <span class='ocrx_word' id='word_1_177' title='bbox 804 2311 920 2379; x_wconf 89' lang='lat' dir='ltr'><strong>liceret</strong></span> <span class='ocrx_word' id='word_1_178' title='bbox 946 2312 995 2379; x_wconf 93' lang='lat' dir='ltr'><strong>eis</strong></span> <span class='ocrx_word' id='word_1_179' title='bbox 1021 2313 1070 2379; x_wconf 92' lang='lat' dir='ltr'><strong>uti</strong></span> <span class='ocrx_word' id='word_1_180' title='bbox 1095 2314 1172 2400; x_wconf 91' lang='lat' dir='ltr'><strong>ipsa</strong></span> <span class='ocrx_word' id='word_1_181' title='bbox 1196 2329 1232 2380; x_wconf 93' lang='lat' dir='ltr'><strong>re</strong></span> <span class='ocrx_word' id='word_1_182' title='bbox 1253 2330 1319 2380; x_wconf 90' lang='lat' dir='ltr'><strong>seu</strong></span> <span class='ocrx_word' id='word_1_183' title='bbox 1345 2313 1451 2396; x_wconf 87' lang='lat' dir='ltr'><strong>rebus;</strong></span> 
     </span>
     <span class='ocr_line' id='line_1_23' title="bbox 329 2409 1455 2500; baseline -0.004 -20"><span class='ocrx_word' id='word_1_184' title='bbox 329 2416 363 2480; x_wconf 88' lang='lat' dir='ltr'><strong>et</strong></span> <span class='ocrx_word' id='word_1_185' title='bbox 389 2411 479 2500; x_wconf 91' lang='lat' dir='ltr'><strong>quod</strong></span> <span class='ocrx_word' id='word_1_186' title='bbox 511 2411 586 2500; x_wconf 90' lang='lat' dir='ltr'><strong>ipse</strong></span> <span class='ocrx_word' id='word_1_187' title='bbox 614 2409 763 2478; x_wconf 85' lang='lat' dir='ltr'><strong>Christus</strong></span> <span class='ocrx_word' id='word_1_188' title='bbox 790 2427 859 2479; x_wconf 94' lang='lat' dir='ltr'><strong>non</strong></span> <span class='ocrx_word' id='word_1_189' title='bbox 892 2410 1007 2479; x_wconf 90' lang='lat' dir='ltr'><strong>habuit</strong></span> <span class='ocrx_word' id='word_1_190' title='bbox 1031 2411 1066 2478; x_wconf 90' lang='lat' dir='ltr'><strong>in</strong></span> <span class='ocrx_word' id='word_1_191' title='bbox 1098 2411 1262 2498; x_wconf 88' lang='lat' dir='ltr'><strong>aliquibus</strong></span> <span class='ocrx_word' id='word_1_192' title='bbox 1288 2412 1390 2482; x_wconf 91' lang='lat' dir='ltr'><strong>rebus</strong></span> <span class='ocrx_word' id='word_1_193' title='bbox 1414 2411 1455 2479; x_wconf 92' lang='lat' dir='ltr'><strong>sic</strong></span> 
     </span>
     <span class='ocr_line' id='line_1_24' title="bbox 328 2507 1454 2602; baseline -0.004 -23"><span class='ocrx_word' id='word_1_194' title='bbox 328 2509 511 2599; x_wconf 89' lang='lat' dir='ltr'><strong>simplicem</strong></span> <span class='ocrx_word' id='word_1_195' title='bbox 545 2527 643 2578; x_wconf 94' lang='lat' dir='ltr'><strong>usum</strong></span> <span class='ocrx_word' id='word_1_196' title='bbox 675 2507 773 2600; x_wconf 90' lang='lat' dir='ltr'><strong>laeti,</strong></span> <span class='ocrx_word' id='word_1_197' title='bbox 802 2511 881 2598; x_wconf 92' lang='lat' dir='ltr'><strong>quin</strong></span> <span class='ocrx_word' id='word_1_198' title='bbox 907 2515 941 2577; x_wconf 90' lang='lat' dir='ltr'><strong>et</strong></span> <span class='ocrx_word' id='word_1_199' title='bbox 965 2510 1019 2577; x_wconf 91' lang='lat' dir='ltr'><strong>ius</strong></span> <span class='ocrx_word' id='word_1_200' title='bbox 1044 2510 1161 2578; x_wconf 91' lang='lat' dir='ltr'><strong>utendi</strong></span> <span class='ocrx_word' id='word_1_201' title='bbox 1187 2510 1365 2602; x_wconf 89' lang='lat' dir='ltr'><strong>habuerit,</strong></span> <span class='ocrx_word' id='word_1_202' title='bbox 1392 2512 1454 2578; x_wconf 92' lang='lat' dir='ltr'><strong>sine</strong></span> 
     </span>
     <span class='ocr_line' id='line_1_25' title="bbox 328 2608 1455 2700; baseline -0.004 -21"><span class='ocrx_word' id='word_1_203' title='bbox 328 2628 396 2697; x_wconf 92' lang='lat' dir='ltr'><strong>quo</strong></span> <span class='ocrx_word' id='word_1_204' title='bbox 414 2610 485 2678; x_wconf 90' lang='lat' dir='ltr'><strong>iuro</strong></span> <span class='ocrx_word' id='word_1_205' title='bbox 502 2627 586 2678; x_wconf 89' lang='lat' dir='ltr'><strong>usus</strong></span> <span class='ocrx_word' id='word_1_206' title='bbox 606 2611 678 2678; x_wconf 91' lang='lat' dir='ltr'><strong>eius</strong></span> <span class='ocrx_word' id='word_1_207' title='bbox 693 2608 814 2678; x_wconf 88' lang='lat' dir='ltr'><strong>luisset</strong></span> <span class='ocrx_word' id='word_1_208' title='bbox 832 2609 988 2678; x_wconf 83' lang='lat' dir='ltr'><strong>iniustus</strong></span> <span class='ocrx_word' id='word_1_209' title='bbox 1036 2609 1077 2676; x_wconf 84' lang='lat' dir='ltr'><strong>Et</strong></span> <span class='ocrx_word' id='word_1_210' title='bbox 1101 2612 1135 2676; x_wconf 91' lang='lat' dir='ltr'><strong>in</strong></span> <span class='ocrx_word' id='word_1_211' title='bbox 1161 2609 1248 2678; x_wconf 90' lang='lat' dir='ltr'><strong>hano</strong></span> <span class='ocrx_word' id='word_1_212' title='bbox 1273 2613 1455 2700; x_wconf 87' lang='lat' dir='ltr'><strong>opinionem</strong></span> 
     </span>
     <span class='ocr_line' id='line_1_26' title="bbox 326 2707 1454 2800; baseline -0.002 -23"><span class='ocrx_word' id='word_1_213' title='bbox 326 2725 416 2798; x_wconf 90' lang='lat' dir='ltr'><strong>papa</strong></span> <span class='ocrx_word' id='word_1_214' title='bbox 441 2709 585 2777; x_wconf 90' lang='lat' dir='ltr'><strong>Ioannes</strong></span> <span class='ocrx_word' id='word_1_215' title='bbox 607 2707 697 2775; x_wconf 88' lang='lat' dir='ltr'><strong>XXll</strong></span> <span class='ocrx_word' id='word_1_216' title='bbox 718 2708 865 2776; x_wconf 86' lang='lat' dir='ltr'><strong>firmatus</strong></span> <span class='ocrx_word' id='word_1_217' title='bbox 892 2709 1106 2777; x_wconf 88' lang='lat' dir='ltr'><strong>coustitutum</strong></span> <span class='ocrx_word' id='word_1_218' title='bbox 1132 2707 1259 2778; x_wconf 86' lang='lat' dir='ltr'><strong>lecerat</strong></span> <span class='ocrx_word' id='word_1_219' title='bbox 1278 2712 1454 2800; x_wconf 87' lang='lat' dir='ltr'><strong>solempne,</strong></span> 
     </span>
     <span class='ocr_line' id='line_1_27' title="bbox 328 2806 1451 2898; baseline -0.003 -22"><span class='ocrx_word' id='word_1_220' title='bbox 328 2814 363 2876; x_wconf 87' lang='lat' dir='ltr'><strong>et</strong></span> <span class='ocrx_word' id='word_1_221' title='bbox 393 2814 509 2876; x_wconf 90' lang='lat' dir='ltr'><strong>contra</strong></span> <span class='ocrx_word' id='word_1_222' title='bbox 541 2808 725 2876; x_wconf 85' lang='lat' dir='ltr'><strong>sentientes</strong></span> <span class='ocrx_word' id='word_1_223' title='bbox 758 2808 813 2877; x_wconf 91' lang='lat' dir='ltr'><strong>vel</strong></span> <span class='ocrx_word' id='word_1_224' title='bbox 846 2806 997 2876; x_wconf 90' lang='lat' dir='ltr'><strong>dicentes</strong></span> <span class='ocrx_word' id='word_1_225' title='bbox 1029 2807 1195 2876; x_wconf 89' lang='lat' dir='ltr'><strong>hereticos</strong></span> <span class='ocrx_word' id='word_1_226' title='bbox 1222 2810 1451 2898; x_wconf 80' lang='lat' dir='ltr'><strong>promulgarat,</strong></span> 
     </span>
     <span class='ocr_line' id='line_1_28' title="bbox 329 2904 1456 2978; baseline -0.001 -5"><span class='ocrx_word' id='word_1_227' title='bbox 329 2905 444 2974; x_wconf 92' lang='lat' dir='ltr'><strong>ordine</strong></span> <span class='ocrx_word' id='word_1_228' title='bbox 470 2904 716 2974; x_wconf 90' lang='lat' dir='ltr'><strong>Predioatorum</strong></span> <span class='ocrx_word' id='word_1_229' title='bbox 750 2925 824 2976; x_wconf 93' lang='lat' dir='ltr'><strong>oum</strong></span> <span class='ocrx_word' id='word_1_230' title='bbox 851 2923 893 2975; x_wconf 92' lang='lat' dir='ltr'><strong>eo</strong></span> <span class='ocrx_word' id='word_1_231' title='bbox 919 2907 1065 2975; x_wconf 89' lang='lat' dir='ltr'><strong>unanimi</strong></span> <span class='ocrx_word' id='word_1_232' title='bbox 1093 2912 1126 2975; x_wconf 92' lang='lat' dir='ltr'><strong>et</strong></span> <span class='ocrx_word' id='word_1_233' title='bbox 1152 2906 1323 2978; x_wconf 86' lang='lat' dir='ltr'><strong>concordi.</strong></span> <span class='ocrx_word' id='word_1_234' title='bbox 1369 2908 1456 2976; x_wconf 90' lang='lat' dir='ltr'><strong>Hanc</strong></span> 
     </span>
     <span class='ocr_line' id='line_1_29' title="bbox 328 3005 1457 3095; baseline 0.003 -24"><span class='ocrx_word' id='word_1_235' title='bbox 328 3021 464 3072; x_wconf 88' lang='lat' dir='ltr'><strong>oausam</strong></span> <span class='ocrx_word' id='word_1_236' title='bbox 490 3022 660 3093; x_wconf 89' lang='lat' dir='ltr'><strong>sumpsere</strong></span> <span class='ocrx_word' id='word_1_237' title='bbox 687 3006 899 3075; x_wconf 88' lang='lat' dir='ltr'><strong>consultores</strong></span> <span class='ocrx_word' id='word_1_238' title='bbox 924 3005 1087 3075; x_wconf 89' lang='lat' dir='ltr'><strong>Ludovioi</strong></span> <span class='ocrx_word' id='word_1_239' title='bbox 1112 3005 1251 3095; x_wconf 87' lang='lat' dir='ltr'><strong>predicti</strong></span> <span class='ocrx_word' id='word_1_240' title='bbox 1270 3012 1303 3075; x_wconf 90' lang='lat' dir='ltr'><strong>et</strong></span> <span class='ocrx_word' id='word_1_241' title='bbox 1322 3015 1457 3077; x_wconf 87' lang='lat' dir='ltr'><strong>senten·</strong></span> 
     </span>
     <span class='ocr_line' id='line_1_30' title="bbox 328 3102 1457 3194; baseline 0.002 -24"><span class='ocrx_word' id='word_1_242' title='bbox 328 3104 374 3170; x_wconf 93' lang='lat' dir='ltr'><strong>tie</strong></span> <span class='ocrx_word' id='word_1_243' title='bbox 400 3102 591 3172; x_wconf 84' lang='lat' dir='ltr'><strong>dictatores.</strong></span> <span class='ocrx_word' id='word_1_244' title='bbox 630 3103 771 3193; x_wconf 90' lang='lat' dir='ltr'><strong>Insuper</strong></span> <span class='ocrx_word' id='word_1_245' title='bbox 792 3104 835 3174; x_wconf 91' lang='lat' dir='ltr'><strong>de</strong></span> <span class='ocrx_word' id='word_1_246' title='bbox 852 3106 1002 3194; x_wconf 90' lang='lat' dir='ltr'><strong>potentia</strong></span> <span class='ocrx_word' id='word_1_247' title='bbox 1018 3123 1105 3194; x_wconf 90' lang='lat' dir='ltr'><strong>pape</strong></span> <span class='ocrx_word' id='word_1_248' title='bbox 1127 3107 1342 3176; x_wconf 87' lang='lat' dir='ltr'><strong>consultores</strong></span> <span class='ocrx_word' id='word_1_249' title='bbox 1365 3105 1457 3174; x_wconf 89' lang='lat' dir='ltr'><strong>iidem</strong></span> 
     </span>
     <span class='ocr_line' id='line_1_31' title="bbox 329 3201 1458 3295; baseline 0 -23"><span class='ocrx_word' id='word_1_250' title='bbox 329 3220 369 3272; x_wconf 89' lang='lat' dir='ltr'><strong>ao</strong></span> <span class='ocrx_word' id='word_1_251' title='bbox 381 3201 562 3271; x_wconf 88' lang='lat' dir='ltr'><strong>dictatores</strong></span> <span class='ocrx_word' id='word_1_252' title='bbox 577 3202 767 3273; x_wconf 92' lang='lat' dir='ltr'><strong>distinctum</strong></span> <span class='ocrx_word' id='word_1_253' title='bbox 786 3202 953 3292; x_wconf 91' lang='lat' dir='ltr'><strong>quoddam</strong></span> <span class='ocrx_word' id='word_1_254' title='bbox 969 3206 1004 3273; x_wconf 95' lang='lat' dir='ltr'><strong>in</strong></span> <span class='ocrx_word' id='word_1_255' title='bbox 1024 3205 1303 3293; x_wconf 91' lang='lat' dir='ltr'><strong>suisoptionibus</strong></span> <span class='ocrx_word' id='word_1_256' title='bbox 1322 3222 1458 3295; x_wconf 88' lang='lat' dir='ltr'><strong>compo·</strong></span> 
     </span>
     <span class='ocr_line' id='line_1_32' title="bbox 330 3301 1457 3394; baseline 0.003 -26"><span class='ocrx_word' id='word_1_257' title='bbox 330 3317 427 3368; x_wconf 91' lang='lat' dir='ltr'><strong>suere</strong></span> <span class='ocrx_word' id='word_1_258' title='bbox 444 3301 710 3392; x_wconf 80' lang='lat' dir='ltr'><strong>chirographum,</strong></span> <span class='ocrx_word' id='word_1_259' title='bbox 737 3303 919 3372; x_wconf 90' lang='lat' dir='ltr'><strong>secundum</strong></span> <span class='ocrx_word' id='word_1_260' title='bbox 939 3303 1028 3391; x_wconf 90' lang='lat' dir='ltr'><strong>quod</strong></span> <span class='ocrx_word' id='word_1_261' title='bbox 1045 3305 1152 3394; x_wconf 93' lang='lat' dir='ltr'><strong>ipsum</strong></span> <span class='ocrx_word' id='word_1_262' title='bbox 1167 3304 1329 3374; x_wconf 89' lang='lat' dir='ltr'><strong>loannem</strong></span> <span class='ocrx_word' id='word_1_263' title='bbox 1350 3304 1457 3374; x_wconf 88' lang='lat' dir='ltr'><strong>multi-</strong></span> 
     </span>
     <span class='ocr_line' id='line_1_33' title="bbox 327 3398 1459 3492; baseline 0.002 -24"><span class='ocrx_word' id='word_1_264' title='bbox 327 3398 441 3468; x_wconf 86' lang='lat' dir='ltr'><strong>fariam</strong></span> <span class='ocrx_word' id='word_1_265' title='bbox 459 3417 591 3469; x_wconf 89' lang='lat' dir='ltr'><strong>errasse</strong></span> <span class='ocrx_word' id='word_1_266' title='bbox 609 3402 803 3492; x_wconf 88' lang='lat' dir='ltr'><strong>censebant,</strong></span> <span class='ocrx_word' id='word_1_267' title='bbox 829 3403 864 3468; x_wconf 92' lang='lat' dir='ltr'><strong>in</strong></span> <span class='ocrx_word' id='word_1_268' title='bbox 889 3400 1047 3471; x_wconf 91' lang='lat' dir='ltr'><strong>Romanis</strong></span> <span class='ocrx_word' id='word_1_269' title='bbox 1072 3403 1221 3473; x_wconf 92' lang='lat' dir='ltr'><strong>basilicis</strong></span> <span class='ocrx_word' id='word_1_270' title='bbox 1247 3403 1459 3492; x_wconf 83' lang='lat' dir='ltr'><strong>divulgatum.</strong></span> 
     </span>
    </p>

    <p class='ocr_par' dir='ltr' id='par_1_6' title="bbox 326 3498 1460 3986">
     <span class='ocr_line' id='line_1_34' title="bbox 402 3498 1458 3594; baseline 0.002 -28"><span class='ocrx_word' id='word_1_271' title='bbox 402 3498 551 3586; x_wconf 87' lang='lat' dir='ltr'><strong>Moxque</strong></span> <span class='ocrx_word' id='word_1_272' title='bbox 572 3501 635 3569; x_wconf 92' lang='lat' dir='ltr'><strong>sub</strong></span> <span class='ocrx_word' id='word_1_273' title='bbox 650 3501 713 3570; x_wconf 92' lang='lat' dir='ltr'><strong>hec</strong></span> <span class='ocrx_word' id='word_1_274' title='bbox 730 3505 861 3589; x_wconf 90' lang='lat' dir='ltr'><strong>sumpta</strong></span> <span class='ocrx_word' id='word_1_275' title='bbox 877 3500 940 3568; x_wconf 92' lang='lat' dir='ltr'><strong>sibi</strong></span> <span class='ocrx_word' id='word_1_276' title='bbox 958 3500 1107 3594; x_wconf 90' lang='lat' dir='ltr'><strong>Romani,</strong></span> <span class='ocrx_word' id='word_1_277' title='bbox 1133 3509 1270 3572; x_wconf 90' lang='lat' dir='ltr'><strong>auctore</strong></span> <span class='ocrx_word' id='word_1_278' title='bbox 1287 3503 1458 3574; x_wconf 89' lang='lat' dir='ltr'><strong>Ludovioo</strong></span> 
     </span>
     <span class='ocr_line' id='line_1_35' title="bbox 329 3600 1458 3691; baseline 0.002 -25"><span class='ocrx_word' id='word_1_279' title='bbox 329 3605 442 3667; x_wconf 81' lang='lat' dir='ltr'><strong>eorum</strong></span> <span class='ocrx_word' id='word_1_280' title='bbox 468 3616 550 3686; x_wconf 81' lang='lat' dir='ltr'><strong>rege</strong></span> <span class='ocrx_word' id='word_1_281' title='bbox 576 3604 610 3668; x_wconf 92' lang='lat' dir='ltr'><strong>et</strong></span> <span class='ocrx_word' id='word_1_282' title='bbox 635 3601 796 3691; x_wconf 80' lang='lat' dir='ltr'><strong>principe,</strong></span> <span class='ocrx_word' id='word_1_283' title='bbox 824 3600 935 3669; x_wconf 93' lang='lat' dir='ltr'><strong>omnia</strong></span> <span class='ocrx_word' id='word_1_284' title='bbox 958 3600 1106 3687; x_wconf 83' lang='lat' dir='ltr'><strong>legitime</strong></span> <span class='ocrx_word' id='word_1_285' title='bbox 1134 3602 1256 3688; x_wconf 85' lang='lat' dir='ltr'><strong>agendi</strong></span> <span class='ocrx_word' id='word_1_286' title='bbox 1282 3607 1458 3691; x_wconf 84' lang='lat' dir='ltr'><strong>potestate,</strong></span> 
     </span>
     <span class='ocr_line' id='line_1_36' title="bbox 326 3699 1459 3793; baseline 0.001 -26"><span class='ocrx_word' id='word_1_287' title='bbox 326 3703 364 3767; x_wconf 90' lang='lat' dir='ltr'><strong>ut</strong></span> <span class='ocrx_word' id='word_1_288' title='bbox 395 3716 593 3786; x_wconf 90' lang='lat' dir='ltr'><strong>quecunque</strong></span> <span class='ocrx_word' id='word_1_289' title='bbox 627 3701 867 3769; x_wconf 89' lang='lat' dir='ltr'><strong>constituerent</strong></span> <span class='ocrx_word' id='word_1_290' title='bbox 898 3699 985 3785; x_wconf 83' lang='lat' dir='ltr'><strong>legis</strong></span> <span class='ocrx_word' id='word_1_291' title='bbox 1011 3701 1162 3786; x_wconf 81' lang='lat' dir='ltr'><strong>vigorem</strong></span> <span class='ocrx_word' id='word_1_292' title='bbox 1190 3702 1371 3793; x_wconf 87' lang='lat' dir='ltr'><strong>haberent,</strong></span> <span class='ocrx_word' id='word_1_293' title='bbox 1399 3700 1459 3769; x_wconf 92' lang='lat' dir='ltr'><strong>de-</strong></span> 
     </span>
     <span class='ocr_line' id='line_1_37' title="bbox 326 3798 1459 3889; baseline 0.001 -23"><span class='ocrx_word' id='word_1_294' title='bbox 326 3798 438 3886; x_wconf 92' lang='lat' dir='ltr'><strong>posito</strong></span> <span class='ocrx_word' id='word_1_295' title='bbox 465 3815 505 3865; x_wconf 90' lang='lat' dir='ltr'><strong>ao</strong></span> <span class='ocrx_word' id='word_1_296' title='bbox 529 3804 687 3867; x_wconf 89' lang='lat' dir='ltr'><strong>revocato</strong></span> <span class='ocrx_word' id='word_1_297' title='bbox 712 3798 850 3889; x_wconf 89' lang='lat' dir='ltr'><strong>Ioanne,</strong></span> <span class='ocrx_word' id='word_1_298' title='bbox 876 3800 1007 3886; x_wconf 83' lang='lat' dir='ltr'><strong>magnis</strong></span> <span class='ocrx_word' id='word_1_299' title='bbox 1031 3800 1198 3868; x_wconf 89' lang='lat' dir='ltr'><strong>instantiis</strong></span> <span class='ocrx_word' id='word_1_300' title='bbox 1218 3800 1383 3870; x_wconf 84' lang='lat' dir='ltr'><strong>induxere</strong></span> <span class='ocrx_word' id='word_1_301' title='bbox 1409 3802 1459 3868; x_wconf 88' lang='lat' dir='ltr'><strong>vi·</strong></span> 
     </span>
     <span class='ocr_line' id='line_1_38' title="bbox 327 3895 1460 3986; baseline 0.001 -22"><span class='ocrx_word' id='word_1_302' title='bbox 327 3915 397 3964; x_wconf 91' lang='lat' dir='ltr'><strong>rum</strong></span> <span class='ocrx_word' id='word_1_303' title='bbox 432 3915 534 3964; x_wconf 93' lang='lat' dir='ltr'><strong>unum</strong></span> <span class='ocrx_word' id='word_1_304' title='bbox 565 3895 690 3966; x_wconf 91' lang='lat' dir='ltr'><strong>ordinis</strong></span> <span class='ocrx_word' id='word_1_305' title='bbox 715 3897 898 3985; x_wconf 91' lang='lat' dir='ltr'><strong>Minorum,</strong></span> <span class='ocrx_word' id='word_1_306' title='bbox 927 3915 967 3966; x_wconf 88' lang='lat' dir='ltr'><strong>eo</strong></span> <span class='ocrx_word' id='word_1_307' title='bbox 994 3917 1103 3986; x_wconf 91' lang='lat' dir='ltr'><strong>usque</strong></span> <span class='ocrx_word' id='word_1_308' title='bbox 1130 3901 1198 3967; x_wconf 88' lang='lat' dir='ltr'><strong>vita</strong></span> <span class='ocrx_word' id='word_1_309' title='bbox 1225 3907 1258 3968; x_wconf 92' lang='lat' dir='ltr'><strong>et</strong></span> <span class='ocrx_word' id='word_1_310' title='bbox 1283 3900 1460 3968; x_wconf 86' lang='lat' dir='ltr'><strong>honestate</strong></span> 
     </span>
    </p>

    <p class='ocr_par' dir='ltr' id='par_1_7' title="bbox 254 3995 1460 4287">
     <span class='ocr_line' id='line_1_39' title="bbox 254 3995 1460 4087; baseline -0.008 -15"><span class='ocrx_word' id='word_1_311' title='bbox 254 4029 304 4072; x_wconf 79' lang='lat' dir='ltr'><strong>an</strong></span> <span class='ocrx_word' id='word_1_312' title='bbox 326 3996 511 4087; x_wconf 89' lang='lat' dir='ltr'><strong>probatum,</strong></span> <span class='ocrx_word' id='word_1_313' title='bbox 538 3996 668 4065; x_wconf 90' lang='lat' dir='ltr'><strong>Petrum</strong></span> <span class='ocrx_word' id='word_1_314' title='bbox 694 3995 736 4065; x_wconf 94' lang='lat' dir='ltr'><strong>de</strong></span> <span class='ocrx_word' id='word_1_315' title='bbox 763 3995 937 4087; x_wconf 85' lang='lat' dir='ltr'><strong>Corvaria,</strong></span> <span class='ocrx_word' id='word_1_316' title='bbox 965 4001 1082 4066; x_wconf 94' lang='lat' dir='ltr'><strong>summi</strong></span> <span class='ocrx_word' id='word_1_317' title='bbox 1105 3999 1317 4087; x_wconf 85' lang='lat' dir='ltr'><strong>pontificatus</strong></span> <span class='ocrx_word' id='word_1_318' title='bbox 1346 3999 1460 4068; x_wconf 85' lang='lat' dir='ltr'><strong>sedem</strong></span> 
     </span>
     <span class='ocr_line' id='line_1_40' title="bbox 265 4085 1460 4186; baseline 0.003 -24"><span class='ocrx_word' id='word_1_319' title='bbox 265 4085 296 4140; x_wconf 81' lang='lat'><strong>¹³</strong></span> <span class='ocrx_word' id='word_1_320' title='bbox 328 4099 362 4162; x_wconf 90' lang='lat' dir='ltr'><strong>et</strong></span> <span class='ocrx_word' id='word_1_321' title='bbox 378 4094 530 4164; x_wconf 90' lang='lat' dir='ltr'><strong>diadema</strong></span> <span class='ocrx_word' id='word_1_322' title='bbox 553 4098 734 4186; x_wconf 91' lang='lat' dir='ltr'><strong>suscipere,</strong></span> <span class='ocrx_word' id='word_1_323' title='bbox 761 4096 1006 4184; x_wconf 84' lang='lat' dir='ltr'><strong>proficientibus</strong></span> <span class='ocrx_word' id='word_1_324' title='bbox 1033 4097 1123 4166; x_wconf 95' lang='lat' dir='ltr'><strong>illum</strong></span> <span class='ocrx_word' id='word_1_325' title='bbox 1145 4097 1319 4169; x_wconf 92' lang='lat' dir='ltr'><strong>Ludovico</strong></span> <span class='ocrx_word' id='word_1_326' title='bbox 1339 4105 1376 4166; x_wconf 90' lang='lat' dir='ltr'><strong>et</strong></span> <span class='ocrx_word' id='word_1_327' title='bbox 1391 4097 1460 4166; x_wconf 88' lang='lat' dir='ltr'><strong>Ro-</strong></span> 
     </span>
     <span class='ocr_line' id='line_1_41' title="bbox 327 4194 1460 4287; baseline 0.002 -27"><span class='ocrx_word' id='word_1_328' title='bbox 327 4195 433 4262; x_wconf 85' lang='lat' dir='ltr'><strong>menis</strong></span> <span class='ocrx_word' id='word_1_329' title='bbox 460 4195 522 4264; x_wconf 92' lang='lat' dir='ltr'><strong>sub</strong></span> <span class='ocrx_word' id='word_1_330' title='bbox 548 4195 753 4285; x_wconf 91' lang='lat' dir='ltr'><strong>plenitudine</strong></span> <span class='ocrx_word' id='word_1_331' title='bbox 779 4199 968 4284; x_wconf 87' lang='lat' dir='ltr'><strong>potestatis.</strong></span> <span class='ocrx_word' id='word_1_332' title='bbox 1008 4194 1071 4277; x_wconf 87' lang='lat' dir='ltr'><strong>Qui</strong></span> <span class='ocrx_word' id='word_1_333' title='bbox 1095 4200 1211 4286; x_wconf 88' lang='lat' dir='ltr'><strong>paucis</strong></span> <span class='ocrx_word' id='word_1_334' title='bbox 1237 4204 1316 4287; x_wconf 87' lang='lat' dir='ltr'><strong>post</strong></span> <span class='ocrx_word' id='word_1_335' title='bbox 1340 4197 1460 4268; x_wconf 92' lang='lat' dir='ltr'><strong>diebus</strong></span> 
     </span>
    </p>
   </div>
   <div class='ocr_carea' id='block_1_4' title="bbox 0 0 1555 4882">
    <p class='ocr_par' dir='ltr' id='par_1_8' title="bbox 0 0 1555 4882">
     <span class='ocr_line' id='line_1_42' title="bbox 0 0 1555 4882; baseline 0 0"><span class='ocrx_word' id='word_1_336' title='bbox 0 0 1555 4882; x_wconf 95' lang='lat' dir='ltr'><strong> </strong></span> 
     </span>
    </p>
   </div>
  </div>
 </body>
</html>
