3052 4878
444 198 512 247 ura
534 197 672 244 nunovrcr
694 197 801 253 ournrr
824 200 886 248 mr.
1163 172 1234 243 159

98 336 222 426 mlum,
250 335 387 403 iRustris
414 334 574 404 Iohannis
601 338 692 422 regis
719 338 877 406 Bohemie
904 338 1024 431 hlium,
1050 344 1144 428 patre
1172 357 1234 410 suo

97 435 206 504 adhuc
221 436 354 503 vivente
372 439 406 502 et
425 440 632 524 procurante,
661 441 695 504 et
716 435 808 504 dedit
828 437 874 504 illi
894 438 1022 506 litteras
1049 455 1123 506 oum
1145 438 1236 508 hulla

95 534 254 620 adroges
278 533 381 602 duces
402 535 581 622 episcopos
606 534 648 602 ad
665 535 748 604 alios
772 534 915 604 barones
933 538 988 605 vel
1006 537 1127 624 quihus
1150 556 1235 626 pro-

96 635 226 702 moveri
252 637 392 721 poterat.
435 632 531 700 Unde
549 632 668 700 factum
696 640 748 702 est
765 640 801 701 ut
819 636 893 723 ipse
920 653 957 704 se
984 636 1174 704 transferret
1191 635 1235 706 ad

100 732 258 821 oppidum
277 733 369 800 iuxta
394 730 543 799 Rhenum
570 732 661 820 quod
684 733 802 801 dicitur
819 727 944 825 Pung1,
973 741 1006 802 et
1022 737 1100 822 quia
1124 737 1159 802 in
1181 736 1234 803 ci-

97 835 200 901 vitate
228 832 307 917 eligi
332 849 400 898 non
426 836 558 918 poterat
582 834 616 898 in
634 834 731 918 aquis
751 830 858 901 Rheni
882 834 1152 922 proclamaretur.
1193 834 1236 902 Et

97 937 246 999 erectum
265 930 421 997 vexillum
440 929 517 997 dum
539 932 776 1018 proclamatum
803 937 856 999 est
888 933 979 1000 11111
1001 933 1090 1000 rec!
1111 931 1235 1001 infelici

93 1028 225 1099 fortuna
242 1028 406 1117 dilapsum
424 1034 477 1098 est
498 1031 532 1096 in
557 1048 661 1118 aquas
675 1028 792 1119 Rheni,
821 1037 854 1098 11
880 1033 1031 1118 quamvis
1059 1049 1174 1100 omnes
1191 1030 1235 1101 ad

94 1128 319 1217 arripiendum
344 1127 553 1218 festinarent,
581 1121 970 1219 nullus'apprehendere
998 1132 1109 1221 valuit,
1139 1132 1235 1198 etsie

93 1230 180 1296 inter
214 1244 333 1296 manus
360 1229 505 1296 omnium
531 1227 719 1297 demersum
747 1231 859 1296 estin
884 1229 1094 1319 profundum.
1137 1227 1234 1309 Quod

91 1327 225 1396 videtur
241 1327 434 1415 presagium
452 1325 552 1394 futuri
569 1329 647 1396 mali
665 1329 720 1395 vel
734 1329 924 1416 periculum.
958 1328 1118 1398 Coronari
1137 1330 1236 1396 etiam

92 1427 125 1494 in
142 1424 258 1495 debito
275 1426 353 1494 loco
371 1444 439 1495 non
454 1431 587 1514 poterat
602 1425 663 1495 sed
683 1426 811 1494 ducitur
831 1429 864 1494 in
888 1427 984 1514 Pung
1009 1433 1043 1496 et
1066 1428 1112 1496 ihi
1132 1435 1234 1496 coro·v
1255 1458 1319 1500 nov.

90 1532 189 1594 natur
216 1531 251 1592 et
276 1525 317 1593 ah
343 1525 425 1593 illis:
457 1525 548 1592 licat
570 1526 657 1592 rec!
677 1527 905 1614 proclamatur.
1271 1514 1305 1570 ²⁶

167 1621 268 1704 ouon
290 1623 429 1692 audiens
445 1623 637 1694 Ludovious
658 1627 836 1712 imperator
853 1627 961 1693 minus
987 1625 1145 1714 extimuit,
1165 1621 1228 1692 sed

89 1722 207 1792 videre
250 1722 348 1790 linem
382 1729 417 1790 et
447 1722 527 1810 quid
552 1723 741 1792 intenderet
766 1724 975 1794 auscultavit.
1022 1724 1064 1792 Et
1090 1724 1140 1790 sic
1170 1723 1227 1791 illo

91 1840 182 1892 anno
216 1822 421 1908 ingloriosus
448 1823 573 1912 extitit,
599 1823 665 1892 hoc
692 1829 745 1890 est
779 1823 869 1910 quod
895 1842 958 1892 neo
984 1824 1107 1892 curiam
1133 1821 1230 1889 cele-

91 1920 203 1990 bravit
228 1938 292 1988 neo
317 1922 352 1988 in
379 1921 492 2008 aliquo
520 1938 557 1988 se
578 1940 692 2008 regem
714 1940 791 1990 esse
818 1922 974 1991 ostendit.
1014 1919 1129 1989 Altero
1147 1938 1230 1989 vero

90 2038 182 2088 anno
210 2018 254 2087 ad
279 2017 422 2088 Attasim
455 2021 539 2088 clam
567 2023 721 2110 accessit,
749 2025 783 2088 et
807 2020 853 2089 ibi
879 2023 990 2108 aliqua
1016 2018 1172 2088 incendia
1198 2025 1315 2088 111111

89 2121 240 2208 rapinaS,
268 2121 355 2186 etin
379 2118 470 2187 nullo
495 2118 580 2188 alios
605 2119 755 2210 perfecit,
777 2124 811 2188 et
828 2121 925 2189 etiam
951 2121 997 2188 ihi
1023 2121 1096 2187 sine
1123 2116 1234 2188 fructu
1253 2118 1314 2158 ⁸¹³³·

91 2225 127 2286 et
153 2218 263 2304 gloria
287 2220 439 2286 recessit.

167 2313 268 2384 Anno
287 2315 411 2385 domini
427 2336 468 2386 m.
472 2315 643 2385 cccxlvii.
660 2316 830 2402 gloriosus
846 2317 1033 2404 imperator,
1056 2320 1151 2404 pater
1167 2334 1233 2405 pa·
1258 2335 1317 2443 11111.

91 2417 153 2504 cis,
182 2421 217 2483 et
243 2421 370 2484 amator
397 2416 475 2484 cleri
498 2419 531 2483 11
545 2415 672 2505 populi,
698 2415 979 2484 fortunatissimus
1006 2389 1300 2506 triumphator-,¹¹

89 2514 220 2604 largus,
247 2513 355 2583 fidelis
374 2520 407 2583 et
423 2513 581 2602 prudenS,
600 2514 708 2582 honus
728 2514 952 2603 catholicuss
941 2532 977 2581 rn
993 2531 1076 2601 pace
1095 2532 1231 2602 qurer
1195 2515 1221 2580 rt

91 2621 127 2681 et
147 2615 233 2680 est
223 2632 257 2680 rn
281 2614 498 2682 translatione
527 2614 635 2681 sancti
659 2604 870 2702 Augustini²,
898 2613 952 2679 oui
977 2629 1146 2698 nunquam
1165 2611 1233 2680 do-

91 2713 240 2780 minatus
272 2710 334 2780 luit
359 2713 479 2800 aliquis
506 2713 678 2802 inirnieuS,
704 2714 738 2780 in
764 2711 909 2780 Monaco
937 2711 1109 2800 sepultus,
1137 2711 1233 2779 cuius

89 2812 205 2879 arrima
237 2813 272 2879 in
306 2828 390 2900 pace
426 2811 545 2880 Christi
579 2813 778 2898 requiescat.
828 2808 892 2891 Qui
926 2811 960 2878 in
987 2810 1052 2878 linc
1078 2811 1146 2878 vite
1172 2824 1235 2878 sue

88 2911 247 2978 manibus
274 2915 308 2978 et
334 2911 440 2979 oculis
467 2912 501 2979 in
529 2911 635 2978 celum
663 2911 812 2978 extensis
839 2928 876 2978 se
893 2910 968 2977 Deo
992 2914 1025 2977 et
1045 2908 1143 2977 beate
1162 2909 1234 2978 vir-

87 3011 165 3095 gini
191 3009 298 3077 Maria
325 3008 447 3078 devote
474 3008 763 3099 recommendans
790 3008 899 3077 media
925 3008 978 3076 die
1006 3007 1083 3076 dum
1109 3009 1143 3076 in
1169 3026 1234 3077 ve-

86 3110 232 3177 natione
260 3115 353 3177 esset
373 3110 596 3176 intermunus
621 3126 756 3176 suorum
784 3107 871 3175 diem
898 3107 1018 3176 elausit
1045 3113 1239 3198 extremum,

87 3224 184 3275 anno
220 3209 316 3290 regni
351 3209 403 3278 sni
438 3208 578 3297 xxxiii,
612 3208 741 3295 imperii
766 3226 839 3298 nn,
875 3206 994 3275 diebus
1029 3223 1110 3276 vere
1137 3208 1236 3274 etatis

88 3324 157 3374 sue
183 3306 297 3375 lxxii.
391 3343 392 3348 =

170 3404 267 3472 Nunc
283 3404 341 3472 tihi
361 3403 491 3474 Christe
508 3401 705 3473 commendo
729 3403 813 3491 patri
838 3402 1138 3472 misericordiarum
1162 3420 1235 3470 curn

86 3509 152 3572 tua
179 3502 302 3572 dilectu
328 3505 492 3590 genitrice
517 3504 647 3588 virgine
670 3501 769 3570 beata
782 3500 901 3592 Maria,
928 3506 964 3570 ut
981 3504 1121 3571 animam
1140 3518 1235 3569 suam

83 3604 173 3671 illuc
199 3602 402 3692 perducatis,
429 3603 486 3670 uhi
503 3607 555 3670 est
573 3600 732 3688 gaudium
758 3620 825 3689 pax
849 3603 954 3672 virtus
982 3605 1015 3670 et
1040 3602 1150 3688 gloria
1174 3617 1236 3687 per

84 3701 226 3770 infinita
251 3702 443 3772 seculorum
469 3702 594 3770 secula.
644 3697 762 3770 Amen.

124 4091 160 4155 1)
179 4089 253 4156 lrrig.
289 4087 457 4142 Belranntlioh
475 4087 564 4142 warde
582 4089 641 4142 llarl
658 4089 711 4142 llll.
734 4090 761 4142 in
779 4088 867 4142 Ranse
884 4086 1005 4154 gewihlt
1043 4085 1234 4151 ordinares

79 4159 142 4214 fest
167 4157 213 4210 auf
233 4157 284 4210 den
304 4157 338 4208 20
357 4154 408 4210 fel).
424 4156 487 4226 fallt,
506 4172 536 4211 so
553 4156 631 4226 lrann,
649 4172 729 4210 wenn
748 4160 822 4210 sonst
838 4155 898 4210 lrein
917 4155 1023 4209 irrthum
1041 4154 1173 4223 enucleat,
1192 4153 1234 4209 die

79 4226 231 4283 erwahmc
249 4223 402 4292 haisetzung
419 4227 497 4280 erst'
489 4241 518 4280 m
536 4226 623 4281 einem
625 4198 776 4293 folgenden
794 4223 867 4280 iahre
884 4223 1035 4292 geschehen
1054 4226 1121 4281 sein.
