3002 4880
265 192 310 262 la
577 219 722 266 cunonroa
742 218 780 264 ur
801 218 900 265 cnsrrs
922 218 1088 265 rnrnomurr.

261 358 410 449 plaustra
435 357 481 426 nil
507 355 597 426 aliud
622 355 779 447 lacerent,
805 357 870 425 nisi
896 355 987 445 quod
1015 355 1059 425 ad
1084 375 1182 426 unam
1206 356 1332 426 iossam
1352 355 1397 425 ad
1489 433 1490 436 Ἴ

263 457 328 526 boc
351 461 577 549 preparatam,
611 462 840 526 extramuros
867 455 1003 525 cottidie
1029 461 1230 525 mortuorum
1257 474 1405 545 corporat
1489 465 1490 544 ᾗ

264 555 487 645 deportarent.
536 553 688 624 Profecto
725 554 869 642 quodam
899 556 934 622 in
966 556 1042 623 vico
1076 557 1219 624 civitatis
1250 553 1398 624 eiusdem
1489 563 1490 632 ᾗ

264 655 325 724 luit
350 655 498 724 cumulus
529 654 585 724 vel
614 670 752 723 acervus
779 653 822 722 dc
849 653 944 744 iimo,
971 655 1004 721 in
1032 671 1098 742 quo
1120 653 1278 738 jacebant
1303 654 1398 742 plura

263 771 403 845 corpora
437 757 648 822 mortuorum.
710 751 783 833 Que
825 771 899 820 cum
931 750 1076 821 vidisset
1109 750 1252 839 quedam
1284 754 1399 820 mulier

262 852 371 922 adbuc
397 851 490 922 sortis
517 857 551 920 et
575 853 760 942 incolomis,
788 850 984 943 desperans,
1012 853 1125 919 sciens
1152 869 1190 919 se
1217 853 1314 919 etiam
1338 869 1398 919 su·
1489 859 1490 916 i

262 952 331 1020 bito
358 953 557 1043 morituram,
585 952 729 1018 accessit
754 953 890 1039 propius
918 955 952 1017 ct
975 951 1153 1038 prostravit
1176 967 1214 1018 sc
1235 952 1269 1018 in
1288 949 1398 1018 medio

1489 3217 1490 3248 l

1489 3395 1490 3428 l

1489 3443 1490 3482 l

261 1056 473 1140 mortuomm,
501 1051 608 1117 anime
636 1067 697 1118 sue
716 1051 838 1116 exitum
855 1047 935 1116 inibi
952 1048 1171 1137 expectando.
1196 1048 1273 1117 Non
1295 1050 1398 1135 longe

263 1152 361 1217 etiam
388 1153 465 1216 ante
490 1145 633 1216 Rudolio
660 1149 764 1236 primo
790 1166 929 1234 regnum
955 1145 1116 1238 intrante,
1143 1152 1221 1235 post
1243 1148 1299 1216 vel
1320 1154 1399 1216 ante

261 1266 330 1316 non
358 1253 411 1315 est
436 1239 590 1337 certum1,
619 1245 680 1313 luit
706 1248 804 1314 etiam
821 1244 992 1334 prevalida
1012 1246 1117 1313 iames
1135 1247 1238 1331 longe
1262 1247 1398 1333 lateque

263 1363 305 1413 ex
332 1363 391 1437 eo,
425 1345 515 1433 quod
548 1345 667 1413 eodem
692 1347 726 1412 in
753 1351 901 1433 tempore
935 1351 1021 1413 terra
1051 1350 1234 1430 negaverat
1259 1343 1399 1413 iructum

263 1461 359 1512 suum
387 1450 420 1512 ct
446 1443 506 1513 init
530 1447 732 1532 permaxima
764 1445 920 1512 sterilitas
951 1449 985 1512 et
1011 1443 1162 1512 deiectus
1189 1442 1339 1535 frugum,
1366 1446 1399 1511 in

262 1547 388 1612 tantum
413 1549 450 1612 ut
474 1561 640 1632 nusquam
664 1544 720 1613 vel
745 1545 956 1632 paucissimis
982 1545 1016 1611 in
1042 1543 1124 1611 loeis
1151 1560 1286 1611 annona
1311 1561 1399 1612 ven-

262 1642 404 1712 deretur.
429 1644 527 1711 Panis
555 1645 652 1711 etiam
678 1660 747 1712 non
773 1642 1003 1711 inveniebatur
1027 1645 1061 1710 in
1087 1640 1158 1712 ioro
1185 1641 1318 1730 publico
1344 1643 1401 1711 vel

262 1744 445 1834 communi,
482 1747 535 1809 set
566 1743 712 1831 pistores
740 1740 862 1809 clausis
890 1739 1043 1809 domibus
1071 1747 1105 1808 et
1130 1743 1280 1831 serratiS,
1307 1759 1400 1810 nea

263 1843 402 1929 strepitu
433 1841 548 1929 populi
582 1841 871 1930 conculcarentur,
899 1857 958 1928 pro
986 1839 1155 1927 condigno
1181 1842 1286 1928 pretio
1314 1858 1399 1928 pcr-

260 1939 415 2025 rigebant
436 1957 556 2026 panem
578 1938 763 2006 ementibus
784 1957 843 2029 per
862 1937 1052 2007 fenestram.
1077 1938 1293 2007 Vendebatur
1311 1941 1400 2007 enim

261 2056 419 2107 mensura
444 2039 543 2104 unius
571 2030 699 2104 scatlc²
722 2056 783 2125 pro
812 2044 955 2125 quatuor
980 2038 1070 2105 libris
1098 2039 1316 2124 augustensis
1344 2037 1401 2106 vel

260 2137 473 2205 monacensis
490 2140 622 2204 monete
637 2155 750 2224 parum
767 2136 852 2224 plus.
880 2135 999 2204 Vemm
1014 2139 1231 2226 pauperiores
1242 2139 1399 2206 miserum

259 2237 382 2305 victum
402 2233 620 2326 queritabant,
647 2225 722 2302 alii3
748 2234 889 2320 glandes
914 2240 948 2302 et
963 2254 1096 2323 queque
1112 2237 1283 2322 grossiora
1299 2237 1399 2304 inci-

261 2335 338 2402 bum
350 2330 352 2333 ’
365 2333 601 2424 confricabant,
630 2334 716 2401 siout
738 2333 814 2401 olim
834 2333 889 2401 ubi
908 2336 1064 2402 mortales
1081 2337 1174 2422 primi
1191 2335 1400 2423 temptabant

260 2432 416 2502 mandere
443 2425 606 2523 glandes,
642 2434 697 2500 alii
723 2430 765 2499 de
785 2432 896 2500 herbis
918 2433 1107 2520 agrestibus
1131 2435 1335 2524 victitabant,
1367 2437 1400 2502 et

260 2533 326 2600 imo
346 2534 419 2600 sine
436 2534 533 2621 panis
553 2530 664 2601 edulio
679 2533 769 2600 versi
779 2533 813 2598 in
827 2523 986 2600 tumorem
1002 2539 1036 2600 et
1056 2533 1214 2620 pallorem
1226 2551 1285 2621 pre
1300 2532 1398 2600 lamis

259 2630 371 2700 inedia
388 2633 478 2698 multi
495 2623 744 2719 supremelvnc
763 2633 911 2719 spiritum
924 2632 1109 2699 exulabant.
1120 2647 1122 2653 ’
1133 2631 1225 2700 Sicut
1239 2633 1293 2698 ille
1304 2650 1398 2718 gen-

260 2731 327 2798 tilis
354 2735 469 2798 custos
488 2735 582 2818 porte
599 2731 740 2798 civitatis
764 2728 910 2797 Samarie
929 2736 1009 2818 post
1026 2729 1235 2798 acerbitatem
1251 2731 1321 2799 dire
1341 2729 1399 2799 ia-

260 2831 322 2896 mis
339 2827 464 2897 *donum
487 2827 560 2916 Dei,
588 2827 680 2915 quod
697 2827 866 2916 Helyseus
893 2829 1089 2919 predixerat,
1118 2829 1252 2898 credere
1279 2827 1398 2898 uoluit.

260 2925 341 2994 Ideo
369 2926 490 2993 dictum
517 2930 570 2992 est
597 2927 644 2993 ei:
677 2925 802 2994 Videbis
827 2930 859 2994 et
874 2945 940 2994 non
955 2929 1105 2996 comedes
1122 2946 1165 2994 ce
1179 2947 1240 3010 cc,·
1263 2946 1322 3017 prc
1339 2930 1398 2997 in-

260 3023 453 3092 credulitate
480 3025 585 3109 gratia
598 3023 661 3092 Dei
687 3025 812 3093 ultione
827 3024 939 3094 divina
957 3027 998 3094 ab
1017 3027 1212 3096 intrantibus
1231 3029 1398 3096 civitatem

261 3122 418 3211 Samaria,
429 3127 525 3208 juxta
535 3127 673 3214 portam,
689 3126 775 3192 sicut
785 3123 974 3212 predixerat
982 3125 1163 3216 Helysens,
1180 3127 1396 3194 conculcatus
1489 3201 1490 3216 ,

260 3227 313 3290 est
337 3223 457 3310 pariter
484 3226 518 3289 et
542 3224 720 3292 extinctus
748 3222 872 3291 Sicillo
889 3225 1088 3312 intempore
1106 3231 1185 3313 post
1203 3224 1272 3293 dire
1297 3224 1397 3293 lamis
1489 3249 1490 3268 ¹

259 3321 444 3388 molestiam
471 3338 572 3410 super
598 3340 763 3390 annonam
786 3320 961 3389 descendit
977 3322 1166 3392 benedictio
1182 3322 1315 3392 Domini
1330 3341 1397 3393 co-

257 3420 365 3510 piose,
392 3421 439 3487 ita
463 3424 501 3487 ut
525 3426 711 3489 revertente
744 3437 832 3488 anno
867 3423 1027 3506 granariis
1061 3424 1232 3490 evacuatis
1265 3430 1298 3491 et
1330 3441 1397 3492 ex·
1489 3429 1490 3442 ¹

258 3518 397 3609 haustiS,
414 3536 569 3586 mensura
587 3537 652 3605 que
671 3517 811 3587 dabatur
825 3537 885 3607 pro
904 3525 1045 3607 quatuor
1067 3523 1155 3590 libris
1173 3521 1396 3613 denariorum,
1489 3523 1490 3600 l

254 3621 323 3705 jam
350 3634 409 3706 pro
435 3617 517 3684 libra
533 3615 667 3685 dimidia
692 3616 900 3686 venderetur.
928 3615 1009 3698 Quis
1033 3623 1118 3688 enim
1136 3637 1269 3707 sperare
1287 3623 1398 3710 potuit

258 3723 326 3786 tam
352 3716 461 3784 subito
488 3717 522 3782 in
546 3719 712 3805 emptione
729 3714 880 3784 immenti
901 3720 966 3784 tam
983 3737 1135 3804 magnam
1157 3725 1282 3806 partem
1300 3722 1396 3809 pretii
1489 3705 1490 3766 ³

259 3815 426 3885 dolalcari.
475 3815 579 3905 DeuS,
607 3817 659 3884 cui
684 3815 785 3882 nichil
812 3820 865 3883 est
889 3815 1106 3908 impossibile,
1134 3818 1198 3886 hoc
1224 3817 1346 3889 elicuit

331 3914 496 4000 Digresso
523 3917 622 4000 igitur
647 3931 728 4001 rege
749 3913 971 3983 Romanorum
997 3916 1191 4004 apartibus
1218 3919 1394 3987 orientali·

174 4018 240 4074 1281
259 4012 334 4104 bna,
358 4016 427 4099 jam
453 4020 598 4083 moratur
621 4014 656 4080 in
681 4015 861 4104 provinciis
888 4015 968 4081 citra
993 4015 1153 4086 Rhenum.
1186 4017 1287 4087 Porro
1316 4019 1394 4107 qui-
1489 4045 1490 4108 3

258 4175 479 4314 prgglosassgmbs.
521 4176 552 4243 2)
571 4188 660 4230 scasse
676 4173 714 4228 bs.
758 4173 789 4240 3)
816 4175 860 4229 alii
878 4175 945 4231 steht
963 4176 1071 4246 doppclt
1088 4178 1115 4232 in
1136 4178 1184 4235 der
1201 4178 1241 4232 bs.
1283 4180 1394 4248 tlsup·
