3028 4878
261 229 335 298 loo
585 259 726 307 ronnnnrrs
747 260 953 309 rrcronmnsrs.
988 262 1011 325 5,
1030 261 1053 311 r.

181 413 247 467 1328
263 399 369 468 lectus
396 399 498 488 urbis
526 400 582 486 qui
608 399 672 467 hoc
698 417 740 466 ex
765 402 835 468 iure
863 399 983 467 dicitur
1008 400 1141 488 habere,
1168 403 1204 466 ut
1228 398 1395 487 imperiale

263 497 418 566 diadema
442 515 528 587 pape
554 498 706 565 manibus
734 499 960 566 subministret
982 504 1014 566 ct
1034 499 1198 590 exhibeat,
1225 497 1302 566 dum
1320 496 1398 565 illud

188 629 238 667 mr
263 599 470 685 imperatoris
499 599 599 685 capiti
626 598 792 684 supponit.
829 597 956 666 Eodem
982 616 1071 667 anno
1097 615 1213 666 mense
1239 597 1318 664 maii
1343 613 1400 684 per

263 697 394 784 aliquos
422 695 463 763 de
491 697 579 764 clero
606 694 727 762 intrudi
762 695 842 763 lecit
866 699 899 763 in
924 702 1081 784 papatum
1110 695 1243 764 fratrem
1269 696 1397 763 Petrum

263 795 305 862 de
333 795 499 879 Corbario,
528 793 569 862 de
597 793 713 862 ordine
741 793 872 862 fratrum
899 795 1073 886 Minorum‚
1102 797 1158 883 qui
1179 800 1321 864 vocatus
1349 798 1399 861 ost

264 913 283 962 a
309 897 379 962 suis
406 893 564 961 Nicotaus
592 895 738 982 quintus
766 899 799 960 et
813 893 939 961 idolum
964 896 998 962 in
1024 894 1123 962 domo
1150 893 1215 984 dei,
1244 899 1278 961 et
1300 910 1398 960 mon·

263 999 366 1062 strum
391 995 425 1060 in
451 992 540 1060 beati
564 993 648 1059 Petri
670 991 833 1060 kathedra
851 994 1037 1060 collocavit.
1071 992 1218 1080 Populus
1237 997 1272 1059 et
1292 991 1397 1060 clems
1504 995 1505 1080 ξ

262 1090 431 1160 Romanus
459 1091 557 1178 quasi
583 1108 603 1156 a
629 1084 742 1158 tirsta1
767 1108 957 1182 percussus,
986 1091 1103 1162 oculos
1126 1091 1254 1160 habens
1278 1095 1313 1158 et
1332 1107 1399 1158 non

262 1190 394 1280 videns,
420 1189 467 1256 illi
493 1188 750 1275 genuflexiones
778 1197 811 1257 et
837 1190 957 1277 pedum
985 1191 1113 1280 oscula,
1141 1193 1226 1258 sicut
1243 1189 1398 1282 etipsius
1504 1181 1505 1202 ²

262 1288 468 1377 imperatoris
499 1287 662 1377 populuS,
692 1287 877 1356 exhibebat.
919 1289 1052 1378 Peperit
1077 1295 1186 1358 autem
1211 1289 1402 1376 imperatrix
1504 1315 1505 1368 3

262 1388 320 1454 illo
343 1393 492 1473 tompore
519 1386 628 1475 lilium,
657 1404 755 1473 quem
772 1405 833 1474 pro
852 1387 960 1472 gloria
979 1388 1070 1455 urbis
1086 1387 1278 1470 demonum,
1306 1387 1402 1474 quasi

262 1487 482 1572 insigniorem
497 1488 627 1576 ceteris
654 1484 877 1572 appellabant.
913 1485 1071 1555 Conssans
1091 1492 1201 1554 autem
1219 1488 1401 1553 exercitum
1504 1513 1505 1582 p

264 1592 380 1653 contra
405 1583 582 1672 Rupertum
609 1601 732 1672 regern,
761 1585 802 1650 ab
828 1584 909 1651 urbe
936 1603 973 1652 se
999 1587 1112 1676 movit,
1141 1590 1174 1652 et
1195 1603 1270 1661 oum
1289 1586 1323 1652 in
1338 1584 1403 1652 hoc

262 1684 363 1751 nichil
390 1683 576 1772 proficeret,
603 1683 695 1749 iuxta
720 1681 906 1750 Lucanum:

365 1781 453 1872 „Qu
470 1788 579 1870 terret,
605 1781 681 1869 plus
696 1782 770 1868 ipse
786 1783 887 1872 timet,
914 1799 987 1852 mos
1005 1785 1070 1853 iste
1089 1784 1250 1872 tyrannis,

390 1878 590 1970 Convenit‚“

187 2007 247 2048 rur.
266 1981 381 2066 quinta
404 1979 458 2046 dio
484 1981 609 2046 mensis
635 1983 770 2068 augusti
792 1981 897 2072 rediit,
926 1987 958 2050 et
979 1997 1100 2070 papam
1125 1996 1220 2046 suum
1245 1979 1402 2065 instituit,

206 2064 221 2112 ⁵
263 2085 300 2145 ut
327 2077 460 2144 curium¹
476 2077 644 2146 ordinaret
669 2087 702 2146 et
729 2081 794 2148 alia
828 2099 892 2167 que
919 2079 962 2148 ad
988 2098 1084 2148 suum
1118 2077 1264 2146 cilicium
1292 2079 1402 2165 perti·

264 2183 345 2244 nent
370 2181 580 2245 restauraret.
614 2177 676 2258 Qui
703 2197 780 2248 mox
807 2197 868 2246 sex
890 2178 1076 2247 cardinales
1101 2177 1255 2266 instituit,
1285 2182 1320 2242 ot
1336 2181 1403 2242 tam

265 2293 358 2343 suam
386 2293 482 2360 quam
509 2275 646 2344 aliorum
674 2279 899 2346 conscientias
933 2295 1002 2346 non
1029 2276 1193 2345 modicum
1220 2275 1402 2344 onustavit.

338 2373 412 2441 Hoc
437 2391 525 2441 anno
542 2372 656 2444 Ottoni
675 2375 753 2443 duci
780 2373 912 2444 Austrie
931 2375 1099 2444 secundus
1120 2375 1206 2441 lilius
1221 2381 1323 2442 natus
1339 2377 1401 2461 est,

266 2490 367 2561 super
394 2489 459 2559 quo
483 2491 551 2540 non
574 2474 736 2543 modicum
755 2475 913 2559 gaudium
926 2472 1143 2544 ,Australibus
1167 2477 1220 2540 est
1238 2477 1402 2540 exortum.

339 2569 478 2638 Romani
502 2571 617 2640 tediati
636 2575 670 2640 in
687 2575 755 2641 otio
769 2573 954 2664 Ludewioi,
982 2574 1047 2641 sibi
1065 2576 1225 2660 ceperunt
1239 2571 1351 2660 palam
1368 2575 1402 2637 et

263 2669 395 2758 publice
417 2669 595 2758 rebellare;
624 2673 741 2739 milites
759 2673 856 2740 etiam
873 2672 1015 2760 nobiles,
1044 2689 1129 2761 quos
1152 2687 1266 2738 secum
1286 2677 1401 2739 traxe-

264 2775 324 2856 rat,
352 2767 527 2856 stipendiis
555 2771 625 2836 suis
642 2773 829 2860 protractis,
856 2788 924 2839 non
941 2771 1107 2840 modicum
1129 2769 1351 2838 conturbabat
1370 2772 1402 2835 et

265 2873 382 2935 contra
408 2867 566 2954 plurimos
594 2869 792 2936 concitabat.
826 2867 966 2949 Quidam
996 2871 1093 2938 etiam
1115 2869 1156 2936 alr
1179 2887 1220 2938 eo
1247 2885 1287 2936 se
1315 2867 1399 2936 sub-

265 2965 446 3053 duxerant,
475 2971 508 3031 ct
533 2983 594 3053 pro
627 2969 698 3034 suis
726 2967 900 3036 sudorosis
929 2971 1072 3036 servitiis
1099 2966 1328 3056 opponebant.
1359 2966 1399 3034 Et

264 3062 478 3151 propterlroo
496 3068 528 3130 et
545 3064 611 3132 alia
630 3065 671 3132 do
699 3067 790 3133 exitu
817 3085 879 3134 suo
906 3069 939 3134 in
965 3065 1195 3135 Alemanniam
1221 3066 1399 3153 cogitabat

265 3161 455 3248 Habitoquo
484 3163 624 3231 consilio
652 3165 692 3232 ab
718 3165 800 3233 urbe
827 3183 899 3233 cum
927 3183 988 3234 suo
1011 3185 1099 3255 papa
1121 3162 1302 3251 egreditur.
1328 3164 1398 3230 Ve-

201 3294 203 3298 ν
267 3261 315 3327 nit
340 3260 542 3350 Byterbium,
570 3262 626 3329 ubi
652 3262 695 3330 ad
722 3281 794 3332 eum
822 3265 950 3352 plurimi
975 3267 1153 3333 venientes
1178 3271 1281 3352 caput
1306 3280 1397 3332 suum

267 3365 367 3445 atque
393 3358 480 3427 illius
508 3363 663 3448 antipapa
682 3363 758 3430 oleo
785 3380 871 3430 vane
900 3369 933 3430 et
958 3363 1131 3433 seductivc
1160 3362 1398 3452 complacentie

265 3456 434 3546 liniebant,
463 3463 495 3526 et
522 3475 559 3526 se
587 3459 629 3527 ad
657 3461 803 3549 quelibet
834 3461 1029 3548 dignitatum
1057 3461 1396 3548 oliicia'ingerebant.

267 3556 458 3644 Stephanus
485 3562 594 3624 autem
622 3558 663 3626 de
691 3558 874 3649 Columpna
894 3566 934 3628 et
950 3559 1170 3629 Berclrtoldus
1196 3560 1238 3628 de
1260 3561 1395 3646 Ursinis,

266 3673 343 3724 mox
370 3654 447 3722 dum
474 3657 515 3723 ab
540 3656 620 3724 urbe
644 3661 811 3748 semovit,
838 3657 973 3727 Romam
988 3666 1161 3750 venerunt,
1189 3666 1222 3726 et
1240 3679 1261 3726 a
1276 3657 1396 3748 populo

266 3753 443 3840 magnifice
470 3761 549 3822 sunt
574 3758 733 3845 suscepti,
762 3759 837 3845 quia
863 3756 993 3826 lucrant
1019 3757 1201 3826 adversarii
1221 3754 1397 3827 Ludewici.

265 3852 341 3921 Hoc
367 3858 515 3941 temporo
542 3857 676 3923 moritur
703 3855 856 3924 Galeates
884 3857 990 3948 lysis,
1022 3863 1056 3925 ct
1082 3858 1273 3926 Castrucius
1298 3856 1394 3939 Luce3

268 3957 301 4018 et
324 3953 453 4038 recepit
477 3952 679 4021 Ludcwious
708 3956 858 4024 civitates
887 3955 1059 4048 Castrucii,
1085 3957 1192 4045 Pysas
1219 3956 1338 4024 Lucam
1362 3956 1398 4018 et

268 4049 453 4140 Pistorium‚
480 4052 514 4117 in
537 4051 749 4122 deditionem.

342 4147 416 4215 Hoc
434 4167 521 4217 anno
541 4149 699 4242 Paduam,
727 4159 850 4240 agente
867 4152 1013 4222 llarsilio
1034 4151 1075 4220 de
1093 4151 1253 4244 Carraria,
1269 4149 1395 4222 officia-

304 4267 333 4330 l)
352 4266 403 4319 Pez
419 4268 578 4323 vermuthet:
596 4286 610 4325 a
629 4269 724 4338 thyrso.
