3002 4880
448 169 592 214 CHROlllCA
615 169 651 213 DE
673 169 772 214 essrts
792 169 959 215 l'lllllCll’Uld.
1221 142 1268 210 23

131 312 225 396 regis
251 305 388 397 Adolti,
416 305 583 376 dominum
609 308 708 374 etiam
733 306 939 375 Boniiacium
965 326 1126 376 summurn
1151 310 1269 397 ponti-

131 408 246 499 iicem,
275 409 332 494 qui
359 413 439 473 tunc
464 404 611 474 Romane
636 404 759 494 prefuit
785 406 946 497 ecclesie,
973 407 1077 474 latere
1104 424 1173 476 non
1197 426 1266 496 po-

131 513 242 575 terant
267 506 313 573 hii
340 523 500 572 rumores.
527 502 619 584 Quos
648 521 721 570 cum
747 505 977 595 intellexisset,
1010 512 1122 593 stupet
1148 512 1182 574 et
1206 509 1268 574 mi-

132 613 224 674 ratur
252 621 354 694 super
379 603 516 672 insolito
544 610 577 671 et
601 603 716 670 illicito
744 621 842 691 casu,
868 603 1025 673 videlicet
1046 603 1267 673 Romanorum

130 723 247 792 regem
290 703 489 772 occubuisse
523 704 557 771 in
591 703 717 791 prelio,
753 709 788 770 et
824 705 939 772 mortis
981 710 1148 772 auctorem
1188 705 1269 773 illud

128 821 272 890 regnum
307 820 392 872 ausu
426 803 601 869 temerario
628 803 824 891 intravisse,
852 801 1040 870 laventibus
1068 803 1268 872 electoribus

131 910 166 970 et
190 900 466 991 promoventibus
501 917 576 967 euni
602 906 718 967 contra
740 903 912 985 justitiam.
963 899 1059 989 Cepit
1084 919 1185 990 super
1212 903 1268 970 tali

131 1002 343 1088 negligentia
367 1001 568 1088 permaxime
595 998 773 1085 indignari.
807 999 849 1068 Et
875 1001 953 1087 quie
977 1000 1065 1068 idern
1089 998 1269 1088 Apostoli-

129 1119 191 1168 cus
223 1102 273 1169 vir
309 1106 380 1167 erat
412 1101 582 1166 animosus
616 1104 650 1165 et
681 1103 840 1166 strennue
872 1100 1010 1189 mantis,
1039 1102 1168 1184 sejam
1195 1119 1268 1167 am-

130 1199 218 1288 plius
254 1215 323 1266 non
354 1200 471 1266 valens
498 1198 688 1286 continere,
716 1196 859 1266 mediam
884 1200 1066 1286 prorumpit
1091 1199 1125 1265 in
1150 1216 1268 1267 vocem

131 1304 165 1366 et
199 1298 337 1366 dicens:
369 1296 405 1364 St
435 1297 579 1364 occisum
612 1313 725 1380 reqem
749 1313 815 1362 uou
838 1297 1062 1379 vindicavero,
1087 1298 1270 1364 ulciscatur

130 1399 165 1464 tu
197 1414 250 1464 me
283 1396 383 1463 Deus.
417 1392 556 1463 Addens
592 1396 691 1462 etiam
726 1394 804 1462 hec:
841 1392 960 1462 Omuiu
993 1397 1076 1462 emur
1107 1413 1212 1482 repuu
1235 1399 1270 1464 iu

130 1513 231 1563 urum
256 1513 331 1561 meu
355 1499 438 1578 suut,
462 1493 587 1561 lolem
613 1492 706 1560 dium
730 1493 872 1579 alodios.
916 1493 1007 1561 Unde
1031 1495 1061 1560 si
1085 1511 1168 1562 uuus
1193 1493 1269 1562 mutu

129 1613 196 1661 uou
220 1594 396 1678 suffecerit,
422 1593 547 1660 uddum
567 1596 599 1658 et
623 1592 763 1658 ultumum
788 1609 955 1677 quousque
979 1594 1068 1678 repis
1089 1611 1269 1678 peretusor

130 1710 313 1780 conpertum
337 1693 480 1777 recipiat
503 1691 666 1758 tutionem.
694 1689 762 1758 Sed
789 1692 867 1778 quie
891 1690 999 1758 David
1019 1691 1187 1777 quondam
1210 1709 1269 1760 rex

130 1793 254 1878 legitur
280 1796 498 1880 promovente
524 1789 597 1858 Deo
624 1807 765 1874 regnum
792 1792 843 1857 sui
858 1790 955 1857 emuli
974 1791 1176 1880 suscepisse,
1200 1807 1268 1858 non

129 1891 208 1960 ideo
248 1897 360 1958 tarnen
385 1894 423 1957 ut
445 1887 637 1977 possideret
663 1887 845 1978 occidisse,
874 1888 1007 1956 Sardum
1033 1891 1182 1979 inquam,
1209 1907 1268 1957 re-

132 2009 210 2076 gern
236 1989 367 2057 Ysrael.
406 1987 469 2068 Qui
496 2005 569 2054 cum
596 1993 711 2054 contra
737 1986 845 2055 David
870 1989 1017 2074 iniquum
1045 1987 1155 2056 odium
1182 2005 1268 2056 oon-

131 2091 296 2178 cepisset,
322 2087 451 2156 hahens
485 2088 592 2174 ipsum
618 2090 809 2172 suspectum
836 2085 879 2153 de
905 2103 1012 2172 regno
1039 2105 1118 2178 suc,
1145 2087 1199 2155 vel
1226 2087 1268 2154 ab

131 2205 174 2256 eo
200 2189 420 2276 privationem
446 2190 598 2252 metuens
626 2187 722 2270 regni
748 2187 809 2275 sui,
833 2184 910 2253 ideo
935 2188 1145 2254 incessanter
1160 2187 1268 2273 ipsum

130 2285 305 2355 destruere
329 2286 385 2353 vel
403 2282 558 2354 occidere
577 2282 769 2372 conabatur,
788 2289 822 2351 et
837 2284 1004 2353 multoties
1021 2286 1129 2372 ipsum
1151 2285 1268 2353 lancea

128 2386 185 2454 vel
212 2384 328 2470 gladio
352 2385 560 2473 peremisset,
588 2383 616 2450 si
642 2399 710 2450 non
736 2381 898 2452 Dominus
926 2386 981 2471 qui
1008 2382 1098 2452 aliud
1124 2382 1166 2451 de
1193 2385 1266 2471 ipso

128 2486 164 2552 in
196 2483 340 2551 futurum
373 2482 536 2571 previdit,
570 2483 678 2569 ipsum
711 2480 753 2548 de
788 2483 857 2551 suis
891 2482 1043 2550 manibus
1064 2485 1266 2570 exemisset

129 2582 240 2651 David
275 2600 357 2650 vero
387 2583 522 2667 justicie
557 2586 675 2669 tenax,
709 2581 846 2666 cupiens
873 2582 1095 2648 innocentiam
1123 2597 1267 2648 conser-

129 2700 230 2772 vare,
269 2683 419 2768 quamvis
450 2683 558 2769 ipsum
590 2681 703 2767 sepius
730 2678 918 2769 tradiderit,
954 2682 982 2748 si
1008 2680 1172 2748 voluisset
1197 2681 1266 2748 suis

130 2781 285 2849 manibus
313 2779 356 2848 ad
382 2777 570 2848 nocendum
595 2783 706 2846 tamen
739 2778 819 2846 nihil
845 2779 922 2846 mali
948 2797 1010 2847 suo
1037 2779 1146 2846 amulo
1172 2779 1266 2846 intu-

129 2881 185 2970 lit,
213 2879 351 2948 dieens:
389 2878 460 2945 Ntu'
494 2879 564 2944 dies
596 2878 711 2943 mortis
748 2879 818 2944 eius
849 2879 988 2960 oeuerit,
1021 2876 1075 2944 uel
1104 2879 1138 2944 iu
1158 2875 1267 2962 prelio

129 2983 278 3046 nuruum
301 2978 410 3061 siccut,
437 2975 524 3043 obsit
546 2979 582 3042 ut
605 2976 730 3042 mittum
754 2992 885 3042 muuum
901 2979 936 3044 iu
953 2975 1107 3044 clusium
1127 2976 1266 3045 Domini.

131 3076 212 3144 Cum
247 3093 331 3162 ergo
367 3076 447 3145 Saul
482 3093 542 3142 rex
574 3073 695 3144 Ysrael
721 3080 838 3142 contra
863 3075 1107 3144 Philistinorum
1133 3077 1266 3143 exerci-

130 3181 199 3244 tum
232 3175 372 3264 prelium
417 3175 580 3262 misisset,
614 3176 670 3259 qui
703 3174 861 3261 populum
896 3175 1015 3242 Ysrael
1049 3173 1265 3242 vehementer

130 3278 343 3364 attriverant,
379 3279 484 3340 totum
516 3271 649 3361 pondus
683 3272 778 3358 prelii
812 3290 944 3341 versum
978 3278 1031 3341 est
1063 3275 1096 3338 in
1132 3291 1206 3340 eum
1232 3277 1266 3340 et

129 3373 325 3442 vnlneratus
361 3391 381 3441 a
414 3372 594 3456 sagittariis
628 3370 794 3438 lethaliter
824 3372 955 3458 perlato
987 3371 1116 3460 spicrdo
1143 3373 1266 3440 corruit

130 3489 232 3560 super
259 3481 390 3539 terram.
440 3468 544 3550 Quem
570 3468 626 3536 ubi
654 3469 785 3554 quidam
810 3471 918 3538 viator
942 3473 1127 3559 preteriens
1154 3476 1188 3538 et
1213 3469 1265 3537 di-

129 3572 291 3657 ligentius
318 3573 451 3638 intuens
476 3566 559 3636 vidit
584 3585 658 3635 cum
685 3569 876 3636 semivivum
905 3575 939 3636 et
963 3570 1072 3638 adhuc
1094 3569 1263 3656 palpitan-

130 3679 208 3760 tem,
234 3674 375 3755 rogutus
402 3668 444 3736 ab
471 3685 523 3756 eo,
552 3665 672 3734 occidit
700 3685 783 3754 eum,
811 3670 922 3736 sciens
948 3671 1056 3756 ipsum
1077 3684 1145 3735 non
1161 3683 1264 3755 posse

129 3771 245 3837 vivere
279 3774 359 3857 post
393 3769 529 3834 ruinam.
578 3763 652 3844 ouo
678 3763 766 3833 iacto
793 3784 870 3834 nrox
894 3773 1052 3855 properat
1077 3765 1119 3834 ad
1146 3764 1264 3856 David,

131 3885 273 3955 sperans
301 3884 339 3935 se
367 3865 438 3934 iore
464 3863 608 3933 baiulum
634 3864 714 3932 boni
739 3867 846 3932 nuntii
863 3872 897 3933 et
913 3883 1075 3954 prospera
1100 3865 1264 3953 nuntiare,

130 3968 174 4034 ab
191 3984 232 4036 eo
255 3983 356 4034 secus
376 3968 552 4052 susceptus
575 3967 626 4030 est
644 3980 741 4049 quam
756 3964 903 4051 putabat.
930 3965 971 4032 Et
985 3982 1059 4032 cum
1074 3962 1264 4031 intellexis-

129 4071 185 4134 set
219 4065 354 4133 Saulcm
388 4064 545 4140 videlicet
580 4060 777 4130 occubuisse
810 4065 844 4130 in
877 4063 1001 4152 prelio,
1030 4067 1063 4128 et
1089 4078 1181 4152 eum,
1211 4064 1265 4149 qui

130 4167 343 4234 nuntiaverat
370 4165 410 4255 ei,
438 4165 545 4252 ipsum
579 4158 759 4252 occidisse,
787 4161 960 4230 confestim
987 4159 1167 4230 vindicavit
1192 4179 1268 4230 eum
