3096 4882
489 208 555 254 vrrr
577 208 685 255 111111
708 208 816 264 onnam
837 211 896 256 rur.
1188 183 1259 254 2119

127 345 289 414 basiatam
316 345 358 414 ad
385 364 498 433 regom
525 347 706 416 Iohannem
734 355 768 417 et
791 349 945 419 llarolum
973 351 1070 440 misit,
1097 351 1260 420 instanter

123 444 290 534 petendo,
325 451 362 513 ut
396 464 511 514 seonm
544 446 587 515 od
620 448 816 534 parlamenti
850 450 1044 517 conveniret
1069 453 1259 520 terruiunm:

124 545 224 612 vellet
251 545 338 612 enim
364 545 428 613 sibi
455 545 497 613 de
523 547 689 614 universis
715 549 844 615 iniuriis
872 555 905 616 et
934 548 1111 637 violentiis,
1140 551 1260 637 quibus

124 641 302 733 lohannes,
330 643 417 712 lilius
435 662 527 734 suns,
554 663 613 733 per·
630 644 847 736 Ludovioum‚
875 647 974 715 lilium
1003 666 1108 738 suum,
1135 651 1168 717 in
1196 650 1261 717 ab·

125 742 328 810 alienatione
345 745 460 812 uxoris
487 751 519 812 et
540 745 715 812 eomitatus
732 746 864 834 Tyrolts
882 746 1136 836 dampnilroatus
1156 755 1259 838 esset,

125 842 328 927 integraliter
359 841 571 932 satisfacere,
606 850 639 910 et
665 844 866 931 condignam
893 844 1031 914 reddere
1059 865 1260 934 reeompen-

123 957 205 1008 sam.
240 939 304 1021 Qui
325 941 457 1028 quidem
474 943 671 1031 planitorum
699 946 855 1012 terminus
882 943 941 1012 luit
968 963 1069 1034 super
1092 946 1147 1014 die
1168 952 1259 1014 oerto

123 1056 234 1108 eoram
252 1041 442 1110 Trevirensi
467 1042 735 1133 archiepiscopo,
763 1045 819 1130 qui
834 1045 925 1130 regis
942 1044 1101 1114 lobannis
1120 1051 1259 1135 patruus

120 1137 199 1228 luit,
234 1141 269 1207 in
302 1140 446 1208 Treviris
481 1143 701 1230 constitutus,
732 1141 775 1210 od
802 1161 900 1230 quem
927 1143 1060 1229 quidem
1089 1146 1259 1212 terminum

119 1237 214 1306 multi
248 1238 371 1307 domini
406 1245 439 1307 et
472 1241 533 1309 viri
568 1241 737 1327 magnifici
762 1241 806 1308 ad
832 1244 921 1329 regis
947 1242 1105 1312 lobannis
1130 1249 1259 1332 partem

118 1344 360 1427 convenerunt,
383 1339 440 1424 qui
461 1356 561 1428 snper
577 1357 612 1422 re
632 1357 753 1427 magna
771 1359 913 1427 magnos
932 1342 1118 1410 babuerunt
1133 1349 1259 1412 traete-

118 1443 185 1526 tus,
213 1438 291 1524 quia
310 1437 359 1506 sio
378 1435 454 1506 laoti
481 1441 659 1508 enormitas
682 1445 715 1507 et
735 1442 915 1528 perpetrati
942 1443 1086 1510 criminis
1114 1459 1258 1512 execra-

117 1536 196 1605 bilis
222 1537 408 1604 immanitas
436 1539 634 1625 requirebat.
668 1535 699 1606 A
724 1539 839 1608 seeulo
868 1541 991 1628 quippe
1018 1557 1087 1609 non
1114 1546 1166 1610 est
1192 1561 1258 1609 au-

117 1635 233 1725 ditum,
259 1640 296 1703 nt
321 1655 462 1723 magnus
490 1655 746 1725 generososque
770 1639 927 1727 prinoeps
951 1647 984 1707 et
1009 1640 1164 1708 dominns
1191 1646 1258 1708 tam

115 1733 223 1803 nobili
246 1741 334 1804 terra
351 1742 385 1804 et
402 1754 506 1806 uxore
527 1739 660 1825 propria
677 1737 923 1806 maehinatione
943 1739 1057 1825 iniqua
1082 1743 1115 1806 et
1137 1739 1253 1828 prodi-

116 1835 204 1903 torio
222 1834 363 1903 oonsilio
388 1837 438 1904 sio
459 1838 612 1923 nequiter
636 1838 831 1925 privaretur.
863 1836 977 1906 Multis
995 1840 1107 1925 itaque
1125 1840 1257 1906 exami-

115 1933 404 2024 natis.oonsiliiS‚
430 1935 626 2023 productum
652 1934 712 2004 luit
737 1937 771 2004 in
798 1935 957 2026 medinm,
986 1936 1077 2024 quod
1102 1937 1255 2027 lobanni,

115 2034 175 2121 qui
202 2031 244 2100 de
271 2034 429 2102 comitatu
455 2035 588 2122 Tyrolis
616 2039 650 2102 et
675 2035 750 2103 aliis
777 2038 848 2104 suis
875 2035 1030 2105 dominiis
1049 2037 1196 2123 maligno
1224 2042 1258 2104 et

115 2130 328 2201 fraudulento
365 2134 508 2202 oonsilio
540 2151 600 2221 per
627 2151 708 2203 suos
735 2135 864 2203 eleetos
893 2141 927 2204 et
952 2136 1114 2224 expulsus
1140 2133 1257 2226 luerat,

113 2232 307 2300 nullatenus
327 2239 531 2321 eompeteret
547 2250 612 2301 nee
630 2233 847 2302 honorifioum
867 2237 1035 2324 existeret,
1058 2240 1095 2302 ut
1113 2237 1257 2303 eomita-

114 2337 185 2398 tum
223 2330 355 2418 Tyrolis
392 2338 425 2399 et
458 2333 523 2402 alia
556 2349 619 2401 sna
652 2331 797 2401 dominia
832 2332 1099 2419 reingrederetur
1133 2332 1256 2424 denuo,

112 2448 180 2498 neo
206 2447 346 2498 uxorem
372 2437 606 2519 reassumeret‚
634 2450 732 2518 quarn
752 2431 858 2500 taliter
880 2432 1032 2501 adulterii
1055 2432 1256 2520 turpitudine

111 2529 277 2619 pollutam
294 2547 462 2617 nunquam
478 2538 598 2618 posset
620 2531 761 2618 amplius
784 2529 935 2600 duloibns
958 2530 1071 2599 lovere
1091 2532 1257 2618 amplexi-

109 2627 189 2719 buS,
216 2645 283 2696 neo
309 2627 431 2697 alleotu
457 2632 575 2698 uxorio
601 2631 674 2698 sine
696 2629 975 2698 abhominationis
1002 2647 1140 2718 nausea,
1169 2631 1257 2698 siout

111 2727 202 2797 ordo
231 2729 417 2813 coniugalis
446 2731 559 2819 exigit,
589 2728 754 2798 adamare.
790 2729 938 2797 Tandem
964 2728 1006 2797 ad
1032 2728 1096 2798 boo
1122 2727 1256 2796 deven-

107 2833 184 2896 tum
211 2828 355 2918 exstitit,
392 2827 480 2915 quod
507 2827 702 2896 Ludovieus
730 2828 771 2897 de
797 2829 939 2898 Bovario
964 2846 1002 2897 se
1029 2828 1072 2897 ad
1099 2827 1162 2897 boo
1189 2826 1255 2896 de-

107 2921 201 3016 tulit,
229 2924 320 3013 quod
345 2929 418 3014 regi
446 2927 643 2995 lobanniet
666 2927 829 3018 filiosuo,
857 2930 912 3015 qui
936 2927 978 2996 de
998 2927 1153 2996 dominiis
1171 2928 1253 3018 suis,

105 3032 145 3094 ut
165 3023 342 3115 prefertur,
370 3027 540 3113 relegatus
560 3027 723 3116 extiterat,
749 3027 852 3096 vellet
872 3027 952 3095 dare
972 3033 1092 3096 terram
1106 3026 1253 3117 Lusatie,

105 3128 232 3214 utpote
260 3123 384 3193 Gorlitz
410 3132 443 3193 et
467 3124 639 3215 Budissyn
667 3127 836 3216 civitates,
870 3145 934 3213 que
970 3144 1043 3194 enm
1077 3129 1154 3195 totis
1186 3125 1255 3194 do-

104 3224 227 3292 miniis
254 3228 288 3290 et
313 3225 479 3292 universis
506 3225 577 3293 suis
606 3227 817 3313 pertinentiis
844 3242 950 3311 regno
976 3225 1112 3294 Boemie
1138 3227 1254 3294 inoor-

102 3323 227 3414 porari
253 3321 415 3414 debeant,
443 3325 522 3392 totis
549 3323 667 3392 suturis
700 3323 903 3413 temporibus
930 3341 1152 3412 permansuro.
1193 3324 1255 3392 ln-

101 3489 179 3542 setzt
200 3483 266 3539 sind.
303 3483 347 3539 Sia
365 3485 479 3552 gebbren
499 3485 626 3540 vielmebr
643 3487 669 3540 in
690 3485 732 3540 die
749 3485 822 3540 iabre
841 3485 905 3540 1311
925 3485 1058 3540 bis13t3.
1100 3486 1254 3554 11111111-

102 3571 161 3611 111
183 3553 333 3609 iesuralem
351 3554 438 3608 lusson
457 3556 496 3609 sie
514 3554 569 3610 sieb
589 3554 721 3609 dormalen
740 3555 808 3607 noeb
825 3555 911 3620 nieht,
930 3556 992 3608 weil
1011 3556 1061 3607 wir
1077 3567 1129 3607 von
1148 3554 1206 3608 dem
1223 3569 1255 3608 zu

100 3625 188 3679 Trier
218 3621 372 3690 gemaobtan
395 3622 591 3678 siibneuersueb
614 3624 709 3676 weiter
732 3637 778 3690 gar
804 3622 888 3676 nicbts
913 3623 1028 3688 wissen,
1053 3623 1105 3677 und
1127 3625 1189 3676 weil
1210 3623 1255 3677 die

100 3691 261 3758 allerdings
278 3690 404 3745 besseren
423 3691 591 3745 naebriebten
609 3691 652 3744 bei
671 3693 768 3745 lieness
785 3691 839 3744 sieb
856 3693 902 3745 mit
914 3691 964 3745 den
978 3691 1168 3760 vorliogeuden
1187 3690 1254 3744 docb

99 3761 175 3816 anob
198 3759 271 3814 niebt
294 3760 320 3812 in
340 3759 528 3814 ansreiebende
552 3759 800 3826 libereinstimmung
822 3758 933 3829 bringen
950 3761 1045 3814 lassen.
1080 3758 1254 3813 Urlrundtiebe

99 3829 315 3896 anbaltspunete
332 3828 390 3882 sind
408 3827 448 3881 bis
465 3831 540 3882 ietzt:
566 3829 630 3883 1311
650 3830 704 3882 1111
723 3827 739 3882 6
756 3843 788 3880 zu
805 3827 880 3894 Prag,
898 3828 978 3896 lrdnig
1000 3828 1099 3882 lobunn
1123 3827 1173 3882 und
1198 3829 1254 3882 seio

99 3893 305 3962 erstgeborner
328 3896 394 3950 subn
412 3897 472 3951 llarl
494 3910 631 3950 ernennan
649 3895 876 3962 bevollmbebttgte
900 3911 942 3950 um
965 3899 1011 3950 mit
1035 3896 1121 3951 kaiser
1144 3894 1256 3968 Ludwig

99 3967 157 4022 und
189 3965 289 4018 dassen
315 3963 416 4018 sb’bnen
441 3981 473 4018 zu
497 3964 698 4020 unterbandeln.
734 3964 877 4018 Denksebr.
904 3965 950 4018 der
975 3965 1055 4019 Anat.
1073 3980 1105 4018 zu
1124 3962 1255 4018 llliineben

102 4037 147 4101 111,
170 4033 237 4088 217.
275 4032 342 4086 illd
360 4037 425 4102 sept.
445 4033 476 4087 13
495 4049 527 4088 ιιι
545 4034 619 4101 Prag,
643 4033 774 4100 marbgral
789 4033 849 4086 llarl
866 4033 1028 4088 beurlrundet
1047 4035 1125 4086 einen
1142 4031 1254 4086 wallen-

96 4102 247 4158 stillstand
270 4103 318 4154 mit
343 4099 430 4155 lraiser
456 4101 567 4169 Ludwig
590 4103 641 4157 und
667 4102 762 4156 dessen
788 4101 860 4154 sobn.
895 4101 1024 4156 libandas.
1044 4102 1086 4168 ll,
1106 4103 1145 4154 55.
1191 4100 1256 4155 rata

97 4177 154 4228 ian.
185 4169 223 4223 21
250 4185 281 4222 zu
309 4167 401 4236 Cbam,
426 4169 514 4224 lraisor
539 4169 648 4236 Ludwig
671 4170 824 4225 verbundelt
846 4184 897 4224 von
922 4170 980 4223 bier
1002 4186 1047 4226 aus
1073 4171 1120 4223 mit
1147 4171 1206 4223 darn
1223 4183 1255 4222 zu

96 4243 193 4297 lauss
215 4236 271 4292 sieb
289 4236 473 4294 anibaltenden
491 4238 661 4307 marbgralen.
695 4239 756 4307 neg.
774 4237 838 4296 Lod.
857 4239 937 4306 vergi.
955 4241 1001 4293 mit
1019 4239 1125 4294 Beness.
1144 4238 1202 4316 33²,-
