3044 4882
281 166 354 237 ald
400 152 403 157 ⁴
614 192 755 240 roasuuxs
775 193 984 240 urcuomansrs.
1021 192 1046 256 2,
1065 195 1087 245 5.

279 331 323 401 ad
348 333 460 400 natale
487 333 594 402 solnm
620 332 789 404 transferri
813 333 848 400 in
874 349 934 402 suo
966 334 1149 402 nativitatis
1181 334 1318 421 patriam
1350 350 1403 401 or-

279 431 412 502 dinavit.
1240 462 1243 466 ·

193 533 258 588 1281
351 527 449 601 Anno
476 530 600 600 domini
625 530 830 600 moelxxix.
865 530 988 598 ouriam
1019 531 1054 598 in
1088 528 1264 614 Nomberg
1288 527 1403 615 indioit,

195 618 255 658 ³⁰⁰·
277 630 332 698 ubi
358 631 519 717 eompemt
555 631 707 698 eomitem
743 627 785 696 de
820 627 1015 717 Hubspnrg,
1050 635 1201 717 patruum
1235 646 1338 720 suum,
1376 631 1406 694 et

274 728 427 814 ilgerium
454 727 496 796 do
523 726 696 818 Vribnroh,
724 732 826 812 atque
851 726 1077 796 Eberhardum
1111 726 1153 796 de
1179 725 1405 796 Wirtenberob

274 827 512 916 proolamatum
551 844 669 914 paoem
710 825 844 914 publioe
878 826 1036 896 violasse.
1081 825 1123 894 Et
1160 825 1245 894 dnos
1282 825 1405 913 quidem

273 928 399 1014 primos
434 927 593 994 acerrime
627 926 811 1011 castigatos
851 931 1034 996 austrorum
1067 941 1175 993 rerum
1214 923 1405 1012 sublatione,

274 1025 408 1094 tandem
442 1027 621 1094 amioorum
655 1023 899 1093 interventione
935 1023 979 1094 ad
1012 1025 1153 1110 gratiam
1187 1025 1244 1092 vix
1278 1024 1405 1112 reeepit.

274 1121 383 1195 Alium
414 1124 592 1194 obsidione
630 1128 665 1192 ot
705 1123 956 1212 expugnatione
992 1122 1133 1192 duorum
1166 1128 1347 1192 castrorum
1377 1126 1407 1190 et

191 1226 259 1283 1286
276 1222 496 1312 dissipatione
523 1239 698 1312 murorum,
726 1222 854 1292 scilieet
870 1221 1066 1309 Stutgarten
1081 1228 1116 1290 et
1133 1220 1320 1308 Nortingen
1337 1238 1406 1290 eor·

275 1325 367 1390 rexit.
411 1323 453 1390 lit
479 1320 555 1390 dum
580 1321 615 1388 in
642 1321 733 1407 regis
760 1325 984 1410 contemptum
1010 1337 1124 1390 muros
1151 1320 1406 1411 relevarentur

275 1422 307 1489 ei
333 1427 441 1490 eastra
466 1420 653 1507 Witlingen
677 1417 798 1489 Remze
825 1420 1026 1490 Waltbusen
1041 1419 1230 1510 consignat,
1246 1435 1408 1508 nunquam

275 1520 339 1588 sibi
375 1518 566 1608 reddenda,
605 1521 634 1588 si
666 1521 700 1588 in
733 1523 904 1606 postemm
937 1518 1057 1590 ediotis
1090 1519 1193 1606 regiis
1230 1520 1409 1588 insultaret

194 1624 258 1680 1281
273 1618 348 1688 Hoo
374 1638 462 1688 anno
489 1619 659 1708 Philippus
686 1617 814 1686 eleetos
842 1616 1122 1707 Sulozpurgensis
1157 1619 1293 1686 moritur
1327 1613 1409 1706 apud

274 1716 476 1787 Chremsam.
514 1719 761 1786 Testamentum
788 1715 939 1787 condidit
963 1718 1026 1786 sub
1053 1717 1147 1786 titulo
1172 1716 1318 1786 dunatus
1343 1715 1409 1784 lla-

273 1817 404 1906 rintbie,
430 1817 613 1885 Lethaeum
639 1815 782 1885 eoelesie
806 1812 1041 1903 Aquilegiensi
1066 1815 1242 1908 disposuit,
1270 1823 1304 1886 et
1330 1813 1409 1884 irot-

271 1917 318 1984 ris
356 1916 570 1984 donationem
612 1913 794 1984 notificavit.
845 1915 976 1984 Titulus
1013 1916 1181 2006 sepulohri
1214 1917 1266 1986 sui
1300 1915 1407 2004 babet,

272 2013 363 2102 quod
391 2013 489 2083 luerit
516 2014 583 2082 dux
610 2014 790 2102 episeopus
822 2014 1019 2102 patriarcba.

342 2109 441 2181 Anno
469 2112 593 2181 domini
608 2113 790 2182 monlxxx.
816 2111 976 2182 Niooluus
1002 2131 1090 2203 popu
1107 2116 1252 2203 moritur,
1271 2119 1307 2183 et
1325 2128 1409 2183 anno
1503 2131 1504 2166 2

276 2209 400 2280 domini
437 2211 644 2280 monlxxxi.
684 2209 835 2278 snooedit
872 2213 904 2281 ei
937 2212 1099 2282 Martinus
1142 2219 1290 2302 quartus.
1340 2211 1411 2280 lloo

273 2327 363 2379 anno
392 2327 450 2379 rex
477 2311 684 2379 Tartarorum
709 2328 864 2398 paganus
891 2309 983 2381 duxit
1017 2310 1116 2380 liliam
1142 2313 1232 2400 regis
1257 2309 1409 2380 Armenio

272 2409 523 2498 pulcherrimum
550 2415 584 2478 et
610 2409 831 2479 obristionam.
867 2407 939 2491 Quo
973 2411 1105 2500 peperit
1137 2410 1240 2480 letum
1273 2413 1410 2480 irsutum

272 2509 308 2576 in
334 2508 442 2578 media
467 2514 562 2598 parte
587 2509 622 2578 in
647 2507 782 2578 modum
807 2507 877 2576 iero
910 2509 1104 2599 sylvestris,
1138 2510 1351 2597 modiumque
1380 2510 1411 2576 in

272 2607 378 2676 altera
403 2608 538 2678 nudum.
575 2606 673 2688 Quod
699 2607 777 2676 dum
803 2610 977 2696 aruspioes
1011 2608 1174 2679 adrdterio
1205 2610 1324 2696 regine
1349 2606 1410 2676 ad·
1502 2685 1503 2688 Ἴ

272 2707 465 2798 seriberent,
492 2713 528 2776 et
550 2706 777 2795 perimendam
804 2705 962 2798 dicerent,
997 2708 1073 2797 ipsa
1098 2710 1248 2778 oratione
1274 2723 1410 2797 puemm
1502 2711 1503 2748 ³

270 2805 431 2894 baptizari
456 2808 558 2894 potiit
601 2803 675 2886 Quo
702 2805 790 2874 laeto
816 2824 901 2893 puer
936 2812 1027 2876 totus
1063 2808 1098 2874 in
1133 2807 1238 2878 souma
1270 2807 1410 2876 humone

272 2903 314 2973 de
349 2903 440 2972 sonte
472 2904 624 2992 prosiliit.
670 2902 741 2974 Rex
774 2904 863 2972 letus
898 2904 1039 2974 affinitur
1074 2910 1108 2974 et
1141 2906 1346 2995 baptizator,
1381 2908 1411 2972 et

271 3005 391 3088 regina
416 3003 573 3093 salvatur,
601 3009 635 3071 et
660 3001 872 3090 sepulobrum
907 3002 1031 3073 domini
1063 3003 1106 3074 do
1139 3023 1238 3074 manu
1272 3003 1409 3074 Solduni

272 3100 446 3170 debellans
474 3101 667 3171 Christianis
695 3098 828 3168 tradidit
858 3103 1122 3188 gubernandum.

190 3237 257 3294 ¹²⁸³
275 3197 1073 3371 s,llllnlnllllllltinliti
1087 3202 1410 3389 ,initiali

272 3404 415 3466 noverat
441 3353 644 3486 abimperio
673 3415 710 3466 se
736 3398 871 3467 habero.
910 3401 952 3468 Et
976 3402 1117 3489 suseipit
1147 3402 1181 3468 in
1208 3399 1309 3470 leodo
1336 3417 1410 3468 om·-

272 3497 329 3566 nin
354 3515 420 3585 que
446 3499 537 3585 prius
565 3500 671 3566 tenuit
694 3497 869 3588 violenter,
896 3498 938 3568 do
964 3499 1030 3568 biis
1057 3517 1123 3588 quo
1150 3501 1300 3586 neglexit
1316 3499 1409 3584 regio
1500 3559 1501 3564 ,

272 3595 357 3665 iisoo
384 3604 506 3665 eertum
534 3615 691 3666 summam
717 3599 859 3685 pecunie
895 3599 1083 3686 impositum
1118 3599 1254 3668 devovit
1279 3598 1409 3668 solvere

272 3695 458 3766 annualem.
492 3695 572 3766 Post
598 3695 661 3764 heo
687 3711 747 3764 rex
772 3695 993 3783 Peterlingam
1019 3704 1053 3767 et
1078 3697 1243 3767 Veronam
1258 3699 1294 3766 in
1311 3713 1408 3764 mon-

273 3795 361 3863 tibus
388 3795 615 3881 Burgnndiam
642 3796 912 3880 eontingeutibus
938 3798 1068 3884 positas
1095 3798 1257 3887 eivimtos,
1286 3813 1349 3884 que
1367 3793 1407 3862 de

272 3887 569 3982 oiroumseptiono1
596 3892 805 3962 confidentes
832 3893 873 3963 ab
899 3897 1037 3984 imperio
1054 3914 1091 3965 se
1109 3895 1232 3966 dudum
1252 3898 1286 3964 in
1305 3895 1407 3964 liber-

272 3998 374 4062 tatem
392 3999 569 4083 traxerant,
587 3992 629 4062 ad
644 3992 826 4081 parendum
844 3993 908 4061 sibi
926 3995 1038 4064 valida
1061 4013 1220 4083 pressura
1236 3993 1407 4064 ooartavit.
1499 4049 1500 4084 ᾗ

347 4089 420 4158 Ηοο
446 4110 536 4160 ormo
563 4093 706 4162 surrexit
731 4089 864 4178 quidam
890 4094 925 4162 in
950 4094 1161 4167 inferioribus
1183 4094 1330 4182 partibus
1347 4089 1407 4160 Ri-

307 4209 339 4274 i)
358 4210 480 4262 montium
499 4213 532 4264 ist
549 4209 606 4264 bier
623 4210 714 4280 spiter
732 4214 873 4278 zngesetzt.
