3044 4882
248 186 317 256 356
581 213 721 258 ronrmrs
743 212 940 258 urrronumsrs
987 209 1011 275 3,
1031 209 1070 260 to.

248 371 349 440 super
365 371 479 421 omnes
498 352 735 420 iocunditatem
756 355 789 418 ct
810 353 1048 420 exultationem
1071 350 1294 417 thesaurizare
1318 359 1388 434 ge·-

249 453 380 520 stiobat.
415 452 581 521 lebannes
609 460 716 519 autem
746 451 830 540 dux,
859 451 1021 520 deterres
1049 468 1123 517 eum
1150 449 1386 536 alloqueretur,

248 560 284 618 ut
311 570 444 639 operam
472 551 566 618 daret
592 551 705 640 letitie,
733 551 920 638 respondit:
949 549 1133 631 Odemine,
1161 548 1279 616 dudum
1300 551 1388 614 tritor

247 652 356 735 feristis
381 653 443 717 inei
464 651 669 736 papillatus·
700 667 785 716 nune
811 653 928 736 elapso
956 649 1099 733 insontia
1124 665 1237 714 remos
1263 664 1388 731 oppre-

249 749 344 816 bendi
367 749 484 832 floride
508 751 688 816 intrerdntis.
721 749 795 817 bbn
812 752 907 818 sertis
930 740 1127 835 puerilibus1
1153 744 1247 812 indolui
1273 747 1388 812 estinan

250 867 353 916 cneum
385 850 560 916 dominium
592 853 829 932 restourotom,
854 850 916 916 sed
948 851 1033 916 ciart
1063 863 1122 913 nes
1147 844 1291 913 erebrius
1316 862 1387 910 som

181 943 185 950 '
249 947 409 1029 boricius,
435 947 544 1014 adbitc
568 949 708 1034 supplan
730 949 880 1033 postulo,
906 946 1001 1015 michi
1027 964 1100 1012 mea
1125 945 1273 1023 restitui,·
1297 947 1333 1009 nt
1358 947 1391 1010 ct

251 1065 312 1132 epo
338 1064 454 1132 ttamen
479 1052 511 1114 et
535 1051 644 1114 ectum
666 1047 825 1132 principis
850 1048 979 1114 onlnem
1006 1061 1172 1112 coercere.
1210 1039 1263 1111 Ad
1290 1061 1390 1130 quem

250 1163 323 1214 rex:
351 1145 456 1213 Solea
476 1145 622 1212 tibimet
643 1149 752 1214 nennio
769 1150 835 1230 tuo,
861 1147 942 1215 bene
967 1162 1079 1230 nepos,
1105 1160 1165 1210 nee
1189 1141 1248 1210 sub
1273 1145 1391 1208 nostro

251 1245 353 1314 teddo
378 1245 616 1312 deminutionem
640 1250 874 1330 straceperunoe
899 1245 967 1328 sed,
993 1248 1029 1312 ot
1050 1245 1084 1310 in
1107 1242 1313 1327 resiprtondtc
1334 1240 1392 1308 tibi

252 1343 391 1410 brevitet·
415 1346 605 1434 deperierit,
632 1345 772 1430 dncplins
795 1346 994 1431 propitiante
1016 1338 1144 1408 denrim
1166 1339 1390 1426 profecerunt.

251 1441 324 1510 Rex
348 1441 486 1512 ulterius
513 1446 726 1534 transituruS,
757 1442 979 1532 pervenitad
1006 1460 1141 1530 aquam,
1169 1457 1232 1527 que
1257 1437 1393 1506 Ruscba

254 1540 384 1632 dicitnr,
412 1548 444 1610 et
469 1544 592 1630 primus
620 1562 738 1611 navem
766 1563 839 1611 cum
864 1542 1012 1612 lobanne
1037 1541 1121 1608 duee
1142 1546 1174 1607 et
1191 1538 1392 1627 quibusdam

254 1642 327 1710 aliis
355 1641 593 1732 apprehendit,
632 1661 736 1731 seque
763 1661 837 1711 eum
864 1644 913 1710 eis
940 1643 1080 1731 precipit
1106 1657 1182 1706 mox
1208 1640 1392 1727 transponi,

255 1743 373 1808 ceteris
392 1743 425 1809 in
442 1741 506 1809 alio
524 1742 636 1809 littore
655 1744 750 1811 navis
772 1741 911 1810 reditum
930 1739 1193 1829 expectant-ibus.
1227 1735 1298 1805 Rex
1317 1755 1392 1807 cum

255 1840 403 1908 lobannc
438 1846 471 1907 et
506 1843 556 1908 sui
590 1844 658 1910 uoti
698 1842 933 1931 eomplicibus,
966 1837 1165 1908 seilicetde
1192 1836 1322 1926 Palma,
1350 1837 1393 1905 de

255 1940 382 2029 Warta,
410 1938 451 2006 de
470 1939 702 2009 Hesolrelboelr
719 1941 898 2030 nobilibus,
926 1958 1000 2008 cum
1020 1939 1197 2025 colloquiis
1216 1937 1391 2005 solatiosis

255 2037 411 2125 paulatim
446 2039 566 2106 clivum
593 2041 714 2108 moritis
741 2039 911 2130 ascendit,
937 2040 1067 2106 inscius
1094 2055 1250 2106 versuum
1277 2035 1393 2128 Persii,

257 2139 313 2223 qui
339 2137 432 2204 dicit:

353 2235 440 2328 „Otii
466 2235 579 2322 legitis
607 2237 707 2306 liores
735 2245 767 2306 et
792 2239 881 2307 humi
907 2238 1080 2306 nascentia
1107 2233 1211 2324 fraga,

379 2334 543 2425 Frigidus
572 2354 592 2405 o
618 2340 713 2426 pueri
739 2338 855 2428 legite,
882 2339 964 2406 lutet
990 2337 1110 2422 anguis
1138 2336 1171 2400 in
1197 2330 1336 2404 berba.“

254 2435 396 2503 Predieti
423 2441 531 2502 autem
558 2437 613 2504 lrlii
629 2437 776 2506 Satbane
798 2438 916 2506 ducem
941 2439 1095 2504 irruenem
1117 2435 1267 2502 susurrio
1295 2434 1396 2502 olan-

256 2533 389 2603 destino
404 2535 604 2603 alloountur.
632 2537 718 2605 Eece
736 2539 815 2622 dies,
841 2555 940 2623 qnam
955 2537 1064 2620 sepius
1087 2534 1296 2618 ceoptostis!
1318 2551 1399 2602 ecee

256 2633 350 2702 tonis
367 2635 538 2702 deddmis
554 2638 671 2702 nestris
687 2638 809 2722 aptus!
831 2635 894 2717 oui
912 2637 1075 2702 animatus
1096 2635 1131 2700 in
1154 2632 1281 2701 lrenum
1304 2636 1398 2719 regis

255 2735 357 2822 irruit,
385 2739 417 2801 et
444 2733 599 2802 eductum
625 2738 805 2824 pugionem
832 2735 989 2803 trusalem
1015 2727 1255 2823 pectori'regis
1276 2732 1397 2823 inlrxit,

255 2833 412 2920 letalique
439 2834 577 2901 vulnere
605 2836 786 2924 sauciavit,
810 2833 1138 2904 subministrantibus
1165 2832 1195 2898 ei
1221 2833 1302 2900 viris
1328 2834 1399 2899 im-

255 2933 319 3018 piis
335 2934 399 2998 iam
414 2933 599 3018 premissis.
633 2932 703 3001 Rex
729 2935 999 3022 circumspiciens
1020 2931 1226 3020 exclamavit,
1255 2949 1319 2999 neo
1336 2930 1416 3002 luit.

258 3032 314 3116 qui
347 3029 545 3098 adiutorium
579 3031 678 3100 terret
710 3035 758 3123 ei,
793 3040 825 3101 et
857 3034 906 3101 sie
940 3032 1119 3100 ebulliente
1153 3032 1321 3116 sanguine
1354 3030 1400 3100 ad

257 3130 379 3197 montis
406 3130 575 3217 planitiem
599 3133 702 3222 venit,
730 3132 1013 3220 subsequentibus
1040 3132 1127 3219 aliis,
1154 3147 1194 3197 nc
1221 3147 1295 3198 oum
1322 3150 1401 3199 ma-

257 3229 353 3296 ximis
381 3228 582 3298 clamoribus
615 3237 714 3317 atque
741 3238 880 3320 strepitu
907 3230 1103 3319 sonipedum
1131 3231 1400 3300 occursantibus.

258 3327 427 3416 Spirensis
452 3329 565 3416 presul
591 3331 624 3396 in
651 3331 812 3416 gremium
848 3349 941 3398 suum
976 3331 1112 3419 capiens
1138 3332 1203 3396 iam
1230 3328 1400 3398 deficien-

257 3433 339 3516 tem,
377 3426 519 3494 eiulatus
556 3434 589 3496 ct
619 3430 768 3517 ploratus
806 3432 948 3499 omnium
983 3429 1175 3514 invalescit3
1211 3430 1329 3516 sicque
1364 3431 1401 3498 in

257 3545 373 3595 manus
401 3524 524 3594 domini
550 3529 697 3615 spiritum
725 3529 980 3598 commendavit.
1019 3529 1106 3596 Ecce
1133 3527 1212 3595 loab
1239 3525 1400 3598 Amasam

177 3650 181 3662 ¹
257 3631 457 3717 cognatum,
491 3625 668 3695 salutatum
703 3629 839 3719 osculo,
874 3627 987 3715 gladio
1014 3629 1196 3717 interemit,
1225 3633 1259 3694 et
1284 3629 1318 3695 in
1343 3629 1402 3698 via

258 3731 420 3794 mortuum
452 3727 599 3813 reliquit!
633 3723 800 3796 Auctores
835 3728 933 3796 buius
963 3727 1101 3796 sceleris
1129 3725 1170 3795 ad
1198 3733 1311 3797 castra
1337 3746 1403 3798 sua

259 3823 434 3915 divertunt,
455 3831 488 3892 et
505 3825 697 3916 Iohannem,
717 3829 805 3895 omni
820 3826 980 3895 derelicto
998 3827 1150 3917 oonsilio,
1168 3843 1228 3915 spe
1244 3844 1400 3918 vacuum,

258 3922 409 4010 pondere
435 3926 516 3991 tanti
543 3924 700 3994 facinoris
727 3933 904 4016 onustum,
938 3943 999 3994 sue
1027 3926 1145 3994 salutis
1172 3924 1307 3994 dubium
1334 3926 1404 3994 ab·
1517 3927 1518 4000 l

260 4027 412 4107 egerunt.
449 4022 645 4113 Leupoldus
671 4027 760 4111 regis
787 4025 874 4094 lilius
901 4027 1101 4094 constrictos
1128 4024 1296 4112 regicidas
1322 4025 1406 4098 illos

293 4235 322 4298 l]
341 4235 436 4287 verber
453 4237 529 4290 stand
548 4239 673 4309 pluribus,
694 4257 749 4296 was
767 4242 814 4295 der
832 4243 895 4296 veri.
915 4239 1040 4298 besserte.
