3052 4878
437 220 552 270 urceum
574 224 618 268 ur.
640 221 781 270 sornonr.
803 223 936 270 nummo.
1181 199 1250 266 115

117 363 250 432 servitia
294 377 360 448 que
394 359 529 429 domino
563 379 676 430 eorum
707 359 872 452 ieoerant,
907 361 1043 432 timebat
1071 349 1116 432 ne
1142 366 1337 453 ipsum1³12

116 461 335 534 offenderent.

188 561 250 630 llis
275 559 395 628 diebus
410 557 488 625 feeit
510 575 627 647 paoem
647 559 731 626 inter
745 557 928 648 prefeotum
944 560 1038 630 urbis
1057 559 1184 628 etillos
1209 559 1252 628 de

116 659 277 729 Columna
303 665 337 726 et
361 658 516 726 eomitem
540 655 746 744 Anguilarie.
792 657 968 746 Nunquam
999 665 1108 728 autem
1134 676 1253 748 paoem

115 759 227 826 faeere
246 760 353 848 potuit
369 760 455 825 inter
472 756 549 825 illos
565 756 608 824 de
625 755 771 847 Sabello,
798 755 877 824 lieet
895 759 1032 826 multum
1051 758 1251 846 aprineipio

114 858 306 926 laborasset
321 862 455 945 propter
472 872 619 923 amorem
638 873 735 943 quem
756 855 901 924 babebat
916 857 958 925 ad
973 856 1141 926 dominum
1158 856 1251 924 Pan-

115 955 284 1046 dulpbum,
313 957 365 1023 oui
389 955 524 1022 multum
542 953 718 1022 tenebatur
741 960 878 1043 propter
904 973 965 1024 sua
991 956 1081 1027 bona
1106 957 1251 1025 servitia.

190 1055 252 1122 llis
279 1053 399 1123 diebus
421 1053 574 1122 dominus
594 1053 729 1139 legatus
756 1055 956 1140 expeetabat
977 1073 1079 1124 unum
1102 1056 1251 1122 nuntium

113 1152 160 1222 ad
185 1159 331 1221 vostram
357 1154 565 1222 sanctitatem
592 1153 730 1220 missum
755 1151 799 1220 ad
825 1153 997 1222 sciendum
1023 1159 1167 1222 vestram
1193 1154 1251 1220 in-

112 1255 316 1342 tentionem,
352 1257 459 1320 utrum
483 1250 600 1318 lioeret
635 1252 685 1318 eis
721 1251 799 1318 alibi
826 1271 925 1340 quam
949 1255 984 1321 in
1010 1258 1126 1321 saneto
1153 1253 1250 1320 Petro

113 1351 284 1420 dominum
316 1367 430 1438 regem
466 1367 648 1436 eoronare,
676 1349 823 1437 quiade
854 1351 919 1419 hoo
951 1358 1047 1420 erant
1072 1352 1250 1440 opiniones

114 1450 333 1520 diversorum.
365 1448 505 1530 Quidam
522 1447 690 1538 dicebant,
710 1449 801 1536 quod
820 1451 879 1518 sio.
906 1449 1044 1538 Propter
1061 1449 1152 1537 quod
1172 1451 1252 1518 moti

112 1549 254 1618 Romani
274 1568 340 1617 una
359 1547 423 1638 die,
452 1549 507 1635 qui
526 1549 591 1616 iam
612 1547 695 1615 alias
712 1554 917 1634 rogaverunt
939 1548 1137 1638 cardinales,
1156 1547 1252 1634 quod

112 1649 187 1717 urbi
224 1653 503 1738 eompaterentur,
532 1664 597 1735 que
632 1648 682 1714 sio
714 1649 872 1714 continue
898 1646 1147 1735 destruebatur,
1176 1665 1251 1714 oum

111 1747 226 1816 lurore
251 1751 414 1815 venerunt
439 1745 482 1815 ad
506 1745 655 1828 Militiae,
681 1744 738 1813 ubi
765 1751 844 1813 tuno
870 1745 1024 1815 dominus
1049 1764 1107 1813 rex
1132 1744 1251 1832 bospi-

112 1847 256 1936 tabatur,
285 1853 319 1914 et
343 1864 416 1914 oum
442 1862 484 1913 eo
510 1844 567 1913 illa
590 1845 673 1913 bora
690 1850 866 1933 presentes
887 1851 981 1913 erant
999 1845 1123 1912 domini
1139 1843 1251 1912 nardi-

112 1945 211 2014 nalos
233 1961 360 2013 omnes.
402 1944 492 2012 Satis
509 1945 674 2011 timuimus
688 1944 764 2010 illos
781 1947 924 2014 rustioos
938 1947 1095 2030 insanos3
1123 1951 1156 2010 et
1171 1961 1251 2012 ore-

113 2043 158 2113 do
187 2044 279 2132 quod
304 2045 368 2112 nisi
393 2042 513 2112 inisset
542 2041 695 2110 dominus
719 2060 789 2133 rex,
816 2044 872 2130 qui
898 2043 976 2112 illos
1003 2048 1160 2131 quantum
1182 2059 1250 2130 po-

112 2145 177 2211 tuit
200 2144 373 2232 mitigavit,
397 2142 497 2230 pauoi
515 2141 556 2209 de
576 2142 703 2208 eleriois
721 2140 864 2209 luissent
880 2143 990 2210 seeuri
1008 2142 1049 2209 de
1070 2143 1147 2210 vita.
1183 2140 1251 2209 Sed

112 2241 216 2311 oredo
244 2241 336 2329 quod
362 2241 516 2309 dominus
543 2257 602 2308 rex
626 2239 706 2307 nihil
728 2241 842 2330 seivit,
869 2247 968 2330 prout
989 2240 1099 2309 audivi
1126 2240 1191 2307 hoe
1209 2241 1251 2308 ab

114 2359 157 2410 eo
174 2359 236 2430 per
255 2343 471 2408 iuramentum
491 2339 653 2407 affirmari.
697 2337 763 2408 Sed
788 2341 817 2406 si
835 2340 955 2426 aliquis
971 2340 1069 2407 suerit
1085 2341 1119 2406 in
1142 2338 1250 2429 eulpa,

110 2441 192 2529 plus
227 2439 439 2514 eruderemus
474 2438 516 2507 de
551 2437 684 2506 domino
711 2438 850 2507 Nioolao
878 2438 920 2506 de
948 2438 1063 2528 Senis,
1092 2439 1148 2526 qui
1173 2442 1252 2506 tuno

112 2538 315 2629 Capitolium
346 2555 408 2626 pro
443 2542 600 2606 senatore
632 2537 785 2627 tenebat,
813 2537 980 2623 quamde
1007 2538 1082 2605 alio.
1126 2536 1252 2604 Tamen
1355 2557 1356 2560 ¹

109 2655 179 2706 nee
204 2639 238 2704 in
266 2655 360 2723 eum,
386 2655 452 2718 neo
476 2639 510 2704 in
537 2636 653 2726 alium,
679 2636 772 2723 quod
799 2637 970 2726 seiverim,
997 2633 1039 2703 de
1066 2638 1158 2702 tanto
1186 2652 1251 2703 ex-

112 2753 219 2805 oessu
246 2734 307 2803 luit
330 2752 475 2822 unquam
501 2735 589 2804 saeta
618 2752 679 2824 per
705 2735 848 2823 aliquem
880 2735 1060 2824 eorrectio,
1088 2752 1166 2820 quia
1190 2752 1250 2823 pro

111 2841 209 2904 eerto
236 2836 355 2903 seitum
381 2852 450 2902 non
476 2833 547 2902 fuit

189 2933 320 3001 Deinde
336 2933 522 3001 cardinales
539 2933 695 3002 videntes
711 2933 967 3001 commotionem
980 2932 1096 3021 populi
1113 2937 1146 3000 et
1159 2931 1250 3001 urbis

107 3050 179 3101 eon
181 3033 272 3100 tinne
300 3032 560 3101 destruetionem
572 3036 839 3120 ‚transactoque
866 3033 1024 3121 termino,
1046 3049 1112 3118 quo
1140 3031 1250 3100 larrru

105 3132 177 3221 lus,
208 3133 262 3218 qui
289 3131 332 3199 ad
357 3149 420 3201 vos
445 3138 595 3222 venerat,
622 3131 743 3200 reverti
761 3129 945 3220 debuisset,
973 3131 1007 3196 in
1029 3129 1083 3197 dio
1107 3139 1251 3219 aposto·
1273 3153 1332 3193 sur.

105 3231 221 3300 lorum
245 3230 333 3298 Petri
360 3235 394 3298 et
417 3230 521 3320 Pauli,
549 3231 657 3300 eleeto
682 3247 743 3317 per
769 3227 890 3298 dietum
912 3246 1036 3318 regern,
1063 3230 1249 3318 ipsumeo·
1283 3207 1317 3260 ²⁹

105 3331 352 3398 ronaverunt
343 3348 377 3397 rn
404 3329 549 3398 eoelesia
567 3329 656 3398 beati
671 3328 859 3397 lobannis
849 3347 883 3396 m
900 3327 1079 3419 Laterano,
1107 3330 1250 3417 receptis

104 3430 309 3496 iuramentis
343 3434 377 3497 et
410 3428 687 3520 promissionibus
727 3427 769 3495 ab
804 3445 845 3496 eo
881 3425 1064 3496 seeundum
1097 3427 1188 3515 quod
1218 3429 1251 3494 in

104 3527 282 3597 ordinario
310 3527 460 3596 soribitur
486 3533 520 3594 et
544 3529 579 3594 in
604 3527 724 3595 litteris
750 3527 873 3593 vestris
901 3528 1097 3596 continetur.

190 3625 271 3694 Post
288 3629 342 3694 sui
358 3627 608 3696 coronationem
624 3626 792 3694 dominum
810 3625 989 3714 Symonem
1010 3623 1052 3692 de
1069 3623 1250 3710 Regalibus

103 3723 150 3794 de
183 3723 340 3815 Pistorio,
368 3731 448 3794 tune
470 3743 567 3793 suum
581 3724 831 3814 cambellanum
858 3742 926 3792 una
952 3740 1026 3792 oum
1053 3720 1251 3810 quibusdam

101 3803 272 3893 militibus
308 3825 365 3910 qui
399 3824 441 3892 ad
465 3825 581 3893 urbem
605 3829 782 3912 venerant,
816 3829 850 3891 et
876 3822 976 3898 fratre
1000 3821 1181 3935 Peregrino
1197 3837 1252 3888 ex

99 3930 212 4014 parte
245 3924 336 4010 regis
371 3923 537 3992 Frederioi
571 3923 614 3992 ad
649 3942 723 3992 eum
757 3923 889 4013 missis,
917 3922 1004 3988 misit
1034 3921 1068 3986 in
1097 3919 1251 3988 Siodiam.

100 4024 159 4111 Et,
192 4028 231 4090 ut
257 4022 369 4113 eredo
396 4024 450 4091 isti
476 4024 582 4111 primo
603 4022 645 4091 de
666 4021 838 4112 parentela
864 4018 1016 4089 iacienda
1040 4019 1126 4085 inter
1152 3996 1252 4087 lrlrum

100 4121 193 4192 dieti
223 4123 320 4207 regis
342 4126 376 4189 et
401 4121 499 4190 liliam
525 4123 734 4211 imperatoris
762 4127 840 4188 sunt
864 4119 968 4188 locuti
985 4115 1027 4185 ad
1050 4116 1172 4184 dietum
1192 4134 1252 4184 re-

99 4239 190 4307 gem
224 4218 449 4322 Frederioum,
487 4221 587 4290 etde
615 4219 812 4308 quibusdam
845 4218 952 4308 paotis
988 4220 1022 4283 et
1047 4215 1252 4286 ooniedera-

1017 4325 1057 4379 8*
