<?xml version="1.0" encoding="UTF-8"?>
<!DOCTYPE html PUBLIC "-//W3C//DTD XHTML 1.0 Transitional//EN"
    "http://www.w3.org/TR/xhtml1/DTD/xhtml1-transitional.dtd">
<html xmlns="http://www.w3.org/1999/xhtml" xml:lang="en" lang="en">
 <head>
  <title>
</title>
<meta http-equiv="Content-Type" content="text/html;charset=utf-8" />
  <meta name='ocr-system' content='tesseract 3.04.00' />
  <meta name='ocr-capabilities' content='ocr_page ocr_carea ocr_par ocr_line ocrx_word'/>
</head>
<body>
  <div class='ocr_page' id='page_1' title='image "./fontesrerumgerm02hubegoog_0124.png"; bbox 0 0 3052 4878; ppageno 0'>
   <div class='ocr_carea' id='block_1_1' title="bbox 442 225 1259 296">
    <p class='ocr_par' dir='ltr' id='par_1_1' title="bbox 442 225 1259 296">
     <span class='ocr_line' id='line_1_1' title="bbox 442 225 1259 296; baseline 0.002 -4"><span class='ocrx_word' id='word_1_1' title='bbox 442 248 558 294; x_wconf 78' lang='grc'><strong>1166111</strong></span> <span class='ocrx_word' id='word_1_2' title='bbox 579 249 623 294; x_wconf 85' lang='grc'>61.</span> <span class='ocrx_word' id='word_1_3' title='bbox 647 247 786 294; x_wconf 85' lang='lat' dir='ltr'>sornam.</span> <span class='ocrx_word' id='word_1_4' title='bbox 809 250 942 296; x_wconf 85' lang='grc'><strong>6111116.</strong></span> <span class='ocrx_word' id='word_1_5' title='bbox 1216 225 1259 294; x_wconf 74' lang='lat' dir='ltr'>til</span> 
     </span>
    </p>
   </div>
   <div class='ocr_carea' id='block_1_2' title="bbox 113 384 1347 3644">
    <p class='ocr_par' dir='ltr' id='par_1_2' title="bbox 123 384 1347 972">
     <span class='ocr_line' id='line_1_2' title="bbox 125 384 1347 478; baseline 0.003 -24"><span class='ocrx_word' id='word_1_6' title='bbox 125 404 182 476; x_wconf 93' lang='lat' dir='ltr'>pro</span> <span class='ocrx_word' id='word_1_7' title='bbox 211 386 304 454; x_wconf 92' lang='lat' dir='ltr'>curia</span> <span class='ocrx_word' id='word_1_8' title='bbox 330 404 391 453; x_wconf 91' lang='lat' dir='ltr'>sua</span> <span class='ocrx_word' id='word_1_9' title='bbox 418 384 579 478; x_wconf 76' lang='lat' dir='ltr'>tenenda,</span> <span class='ocrx_word' id='word_1_10' title='bbox 607 395 640 455; x_wconf 95' lang='lat' dir='ltr'>et</span> <span class='ocrx_word' id='word_1_11' title='bbox 666 388 748 456; x_wconf 88' lang='lat' dir='ltr'>dixit</span> <span class='ocrx_word' id='word_1_12' title='bbox 775 387 816 455; x_wconf 97' lang='grc'>(16</span> <span class='ocrx_word' id='word_1_13' title='bbox 844 386 960 456; x_wconf 80' lang='lat' dir='ltr'>decenn</span> <span class='ocrx_word' id='word_1_14' title='bbox 987 390 1129 457; x_wconf 93' lang='lat' dir='ltr'>millibus</span> <span class='ocrx_word' id='word_1_15' title='bbox 1158 390 1260 458; x_wconf 90' lang='grc'><strong>11616-</strong></span> <span class='ocrx_word' id='word_1_16' title='bbox 1282 402 1347 458; x_wconf 78' lang='lat' dir='ltr'>tato</span> 
     </span>
     <span class='ocr_line' id='line_1_3' title="bbox 125 484 1260 580; baseline 0.003 -26"><span class='ocrx_word' id='word_1_17' title='bbox 125 504 251 554; x_wconf 92' lang='lat' dir='ltr'>norum.</span> <span class='ocrx_word' id='word_1_18' title='bbox 291 484 333 552; x_wconf 87' lang='lat' dir='ltr'>Et</span> <span class='ocrx_word' id='word_1_19' title='bbox 358 484 506 572; x_wconf 92' lang='lat' dir='ltr'>pluribus</span> <span class='ocrx_word' id='word_1_20' title='bbox 534 485 667 574; x_wconf 79' lang='lat' dir='ltr'>placuit.</span> <span class='ocrx_word' id='word_1_21' title='bbox 713 485 806 554; x_wconf 83' lang='lat' dir='ltr'>Tunc</span> <span class='ocrx_word' id='word_1_22' title='bbox 839 486 994 556; x_wconf 90' lang='lat' dir='ltr'>dominus</span> <span class='ocrx_word' id='word_1_23' title='bbox 1028 489 1135 556; x_wconf 89' lang='lat' dir='ltr'>Gnido</span> <span class='ocrx_word' id='word_1_24' title='bbox 1169 489 1260 580; x_wconf 88' lang='lat' dir='ltr'>dixit,</span> 
     </span>
     <span class='ocr_line' id='line_1_4' title="bbox 125 584 1263 676; baseline 0.004 -24"><span class='ocrx_word' id='word_1_25' title='bbox 125 584 215 672; x_wconf 89' lang='lat' dir='ltr'>quod</span> <span class='ocrx_word' id='word_1_26' title='bbox 249 585 366 652; x_wconf 90' lang='lat' dir='ltr'>civitas</span> <span class='ocrx_word' id='word_1_27' title='bbox 401 589 470 650; x_wconf 91' lang='lat' dir='ltr'>erat</span> <span class='ocrx_word' id='word_1_28' title='bbox 504 589 626 673; x_wconf 91' lang='lat' dir='ltr'>potens</span> <span class='ocrx_word' id='word_1_29' title='bbox 662 592 696 653; x_wconf 88' lang='lat' dir='ltr'>ot</span> <span class='ocrx_word' id='word_1_30' title='bbox 726 585 838 675; x_wconf 83' lang='lat' dir='ltr'>dives,</span> <span class='ocrx_word' id='word_1_31' title='bbox 866 592 899 654; x_wconf 93' lang='lat' dir='ltr'>et</span> <span class='ocrx_word' id='word_1_32' title='bbox 933 586 1024 673; x_wconf 91' lang='lat' dir='ltr'>quod</span> <span class='ocrx_word' id='word_1_33' title='bbox 1049 607 1164 676; x_wconf 89' lang='lat' dir='ltr'>parum</span> <span class='ocrx_word' id='word_1_34' title='bbox 1192 595 1263 656; x_wconf 90' lang='lat' dir='ltr'>erat</span> 
     </span>
     <span class='ocr_line' id='line_1_5' title="bbox 123 680 1261 777; baseline 0.004 -26"><span class='ocrx_word' id='word_1_35' title='bbox 123 681 307 752; x_wconf 89' lang='lat' dir='ltr'>secundum</span> <span class='ocrx_word' id='word_1_36' title='bbox 344 680 562 768; x_wconf 78' lang='lat' dir='ltr'>indigentiam</span> <span class='ocrx_word' id='word_1_37' title='bbox 595 683 730 753; x_wconf 91' lang='lat' dir='ltr'>domini.</span> <span class='ocrx_word' id='word_1_38' title='bbox 769 684 865 752; x_wconf 93' lang='lat' dir='ltr'>Unde</span> <span class='ocrx_word' id='word_1_39' title='bbox 897 684 1071 755; x_wconf 92' lang='lat' dir='ltr'>videbatur</span> <span class='ocrx_word' id='word_1_40' title='bbox 1096 688 1143 777; x_wconf 88' lang='grc'>61,</span> <span class='ocrx_word' id='word_1_41' title='bbox 1171 687 1261 774; x_wconf 88' lang='lat' dir='ltr'>quod</span> 
     </span>
     <span class='ocr_line' id='line_1_6' title="bbox 123 783 1261 868; baseline 0.004 -18"><span class='ocrx_word' id='word_1_42' title='bbox 123 801 191 850; x_wconf 91' lang='lat' dir='ltr'>non</span> <span class='ocrx_word' id='word_1_43' title='bbox 217 783 327 849; x_wconf 93' lang='lat' dir='ltr'>minus</span> <span class='ocrx_word' id='word_1_44' title='bbox 364 801 461 868; x_wconf 84' lang='lat' dir='ltr'>qrram</span> <span class='ocrx_word' id='word_1_45' title='bbox 489 789 621 851; x_wconf 90' lang='lat' dir='ltr'>centum</span> <span class='ocrx_word' id='word_1_46' title='bbox 647 784 749 850; x_wconf 90' lang='lat' dir='ltr'>millia</span> <span class='ocrx_word' id='word_1_47' title='bbox 777 783 978 852; x_wconf 88' lang='lat' dir='ltr'>florenorum</span> <span class='ocrx_word' id='word_1_48' title='bbox 1005 784 1173 854; x_wconf 89' lang='lat' dir='ltr'>debebant</span> <span class='ocrx_word' id='word_1_49' title='bbox 1198 787 1261 854; x_wconf 91' lang='lat' dir='ltr'>sibi</span> 
     </span>
     <span class='ocr_line' id='line_1_7' title="bbox 124 880 1023 972; baseline 0 -22"><span class='ocrx_word' id='word_1_50' title='bbox 124 881 213 950; x_wconf 87' lang='lat' dir='ltr'>dare.</span> <span class='ocrx_word' id='word_1_51' title='bbox 241 881 308 950; x_wconf 89' lang='lat' dir='ltr'>lste</span> <span class='ocrx_word' id='word_1_52' title='bbox 335 880 450 949; x_wconf 90' lang='lat' dir='ltr'>habuit</span> <span class='ocrx_word' id='word_1_53' title='bbox 476 883 574 949; x_wconf 92' lang='lat' dir='ltr'>etiam</span> <span class='ocrx_word' id='word_1_54' title='bbox 601 900 764 969; x_wconf 76' lang='lat' dir='ltr'>sequaces</span> <span class='ocrx_word' id='word_1_55' title='bbox 793 900 874 951; x_wconf 91' lang='lat' dir='ltr'>suos</span> <span class='ocrx_word' id='word_1_56' title='bbox 900 885 1023 972; x_wconf 92' lang='lat' dir='ltr'>plures.</span> 
     </span>
    </p>

    <p class='ocr_par' dir='ltr' id='par_1_3' title="bbox 113 980 1263 3542">
     <span class='ocr_line' id='line_1_8' title="bbox 196 980 1258 1052; baseline 0.004 -4"><span class='ocrx_word' id='word_1_57' title='bbox 196 981 248 1048; x_wconf 87' lang='lat' dir='ltr'>Ex</span> <span class='ocrx_word' id='word_1_58' title='bbox 272 981 345 1047; x_wconf 91' lang='lat' dir='ltr'>istis</span> <span class='ocrx_word' id='word_1_59' title='bbox 373 982 482 1048; x_wconf 93' lang='lat' dir='ltr'>statim</span> <span class='ocrx_word' id='word_1_60' title='bbox 512 981 598 1049; x_wconf 88' lang='lat' dir='ltr'>inter</span> <span class='ocrx_word' id='word_1_61' title='bbox 621 980 849 1050; x_wconf 76' lang='lat' dir='ltr'>&#39;theotonicos</span> <span class='ocrx_word' id='word_1_62' title='bbox 879 988 912 1049; x_wconf 93' lang='lat' dir='ltr'>et</span> <span class='ocrx_word' id='word_1_63' title='bbox 938 983 1023 1049; x_wconf 95' lang='lat' dir='ltr'>inter</span> <span class='ocrx_word' id='word_1_64' title='bbox 1050 982 1258 1052; x_wconf 79' lang='lat' dir='ltr'>consiliarios</span> 
     </span>
     <span class='ocr_line' id='line_1_9' title="bbox 123 1077 1258 1169; baseline 0.003 -22"><span class='ocrx_word' id='word_1_65' title='bbox 123 1078 249 1148; x_wconf 93' lang='lat' dir='ltr'>domini</span> <span class='ocrx_word' id='word_1_66' title='bbox 275 1077 336 1146; x_wconf 90' lang='lat' dir='ltr'>init</span> <span class='ocrx_word' id='word_1_67' title='bbox 362 1077 483 1147; x_wconf 89' lang='lat' dir='ltr'>dictum</span> <span class='ocrx_word' id='word_1_68' title='bbox 511 1085 544 1148; x_wconf 92' lang='lat' dir='ltr'>et</span> <span class='ocrx_word' id='word_1_69' title='bbox 568 1079 764 1169; x_wconf 80' lang='lat' dir='ltr'>iudicatum,</span> <span class='ocrx_word' id='word_1_70' title='bbox 792 1080 883 1168; x_wconf 84' lang='lat' dir='ltr'>quod</span> <span class='ocrx_word' id='word_1_71' title='bbox 911 1080 1064 1150; x_wconf 91' lang='lat' dir='ltr'>dominus</span> <span class='ocrx_word' id='word_1_72' title='bbox 1091 1081 1176 1150; x_wconf 92' lang='lat' dir='ltr'>male</span> <span class='ocrx_word' id='word_1_73' title='bbox 1203 1082 1258 1150; x_wconf 88' lang='lat' dir='ltr'>l-</span> 
     </span>
     <span class='ocr_line' id='line_1_10' title="bbox 122 1177 1259 1272; baseline 0.004 -26"><span class='ocrx_word' id='word_1_74' title='bbox 122 1184 228 1268; x_wconf 87' lang='lat' dir='ltr'>cerat,</span> <span class='ocrx_word' id='word_1_75' title='bbox 265 1177 356 1264; x_wconf 85' lang='lat' dir='ltr'>quod</span> <span class='ocrx_word' id='word_1_76' title='bbox 382 1197 526 1264; x_wconf 87' lang='lat' dir='ltr'>unquam</span> <span class='ocrx_word' id='word_1_77' title='bbox 557 1178 723 1248; x_wconf 93' lang='lat' dir='ltr'>dominum</span> <span class='ocrx_word' id='word_1_78' title='bbox 749 1178 933 1248; x_wconf 92' lang='lat' dir='ltr'>Mattheum</span> <span class='ocrx_word' id='word_1_79' title='bbox 959 1182 1197 1272; x_wconf 76' lang='lat' dir='ltr'>intromiserat,</span> <span class='ocrx_word' id='word_1_80' title='bbox 1226 1187 1259 1250; x_wconf 92' lang='lat' dir='ltr'>et</span> 
     </span>
     <span class='ocr_line' id='line_1_11' title="bbox 122 1272 1258 1369; baseline 0.003 -24"><span class='ocrx_word' id='word_1_81' title='bbox 122 1272 213 1365; x_wconf 80' lang='lat' dir='ltr'>quod</span> <span class='ocrx_word' id='word_1_82' title='bbox 240 1279 305 1344; x_wconf 93' lang='lat' dir='ltr'>iam</span> <span class='ocrx_word' id='word_1_83' title='bbox 331 1278 439 1344; x_wconf 91' lang='lat' dir='ltr'>miuus</span> <span class='ocrx_word' id='word_1_84' title='bbox 456 1278 592 1346; x_wconf 90' lang='lat' dir='ltr'>volebat</span> <span class='ocrx_word' id='word_1_85' title='bbox 618 1278 659 1346; x_wconf 96' lang='lat' dir='ltr'>de</span> <span class='ocrx_word' id='word_1_86' title='bbox 686 1280 824 1347; x_wconf 90' lang='lat' dir='ltr'>utilitate</span> <span class='ocrx_word' id='word_1_87' title='bbox 852 1297 913 1347; x_wconf 92' lang='lat' dir='ltr'>sua</span> <span class='ocrx_word' id='word_1_88' title='bbox 938 1296 1118 1369; x_wconf 90' lang='lat' dir='ltr'>procurare</span> <span class='ocrx_word' id='word_1_89' title='bbox 1144 1281 1178 1347; x_wconf 95' lang='grc'>16</span> <span class='ocrx_word' id='word_1_90' title='bbox 1205 1283 1258 1348; x_wconf 90' lang='grc'>61-</span> 
     </span>
     <span class='ocr_line' id='line_1_12' title="bbox 121 1375 1258 1470; baseline 0.003 -27"><span class='ocrx_word' id='word_1_91' title='bbox 121 1379 223 1444; x_wconf 90' lang='lat' dir='ltr'>vitate</span> <span class='ocrx_word' id='word_1_92' title='bbox 250 1375 516 1468; x_wconf 79' lang='lat' dir='ltr'>Mediolanensi,</span> <span class='ocrx_word' id='word_1_93' title='bbox 544 1394 642 1464; x_wconf 88' lang='lat' dir='ltr'>quam</span> <span class='ocrx_word' id='word_1_94' title='bbox 671 1377 825 1447; x_wconf 89' lang='lat' dir='ltr'>dominus</span> <span class='ocrx_word' id='word_1_95' title='bbox 852 1378 959 1447; x_wconf 88' lang='lat' dir='ltr'>Guido</span> <span class='ocrx_word' id='word_1_96' title='bbox 986 1378 1028 1446; x_wconf 93' lang='grc'>(16</span> <span class='ocrx_word' id='word_1_97' title='bbox 1054 1379 1173 1470; x_wconf 78' lang='lat' dir='ltr'>Turre,</span> <span class='ocrx_word' id='word_1_98' title='bbox 1201 1380 1258 1466; x_wconf 85' lang='lat' dir='ltr'>qni</span> 
     </span>
     <span class='ocr_line' id='line_1_13' title="bbox 122 1473 1259 1567; baseline 0.002 -23"><span class='ocrx_word' id='word_1_99' title='bbox 122 1474 303 1544; x_wconf 93' lang='lat' dir='ltr'>dominium</span> <span class='ocrx_word' id='word_1_100' title='bbox 328 1474 502 1562; x_wconf 87' lang='lat' dir='ltr'>perdebat.</span> <span class='ocrx_word' id='word_1_101' title='bbox 526 1473 591 1544; x_wconf 87' lang='lat' dir='ltr'>Alii</span> <span class='ocrx_word' id='word_1_102' title='bbox 618 1484 728 1545; x_wconf 89' lang='lat' dir='ltr'>autem</span> <span class='ocrx_word' id='word_1_103' title='bbox 756 1476 911 1544; x_wconf 91' lang='lat' dir='ltr'>dicebant</span> <span class='ocrx_word' id='word_1_104' title='bbox 937 1476 1043 1567; x_wconf 80' lang='lat' dir='ltr'>aliud,</span> <span class='ocrx_word' id='word_1_105' title='bbox 1073 1477 1163 1564; x_wconf 83' lang='lat' dir='ltr'>quod</span> <span class='ocrx_word' id='word_1_106' title='bbox 1190 1477 1259 1546; x_wconf 74' lang='lat' dir='ltr'>do&#39;-</span> 
     </span>
     <span class='ocr_line' id='line_1_14' title="bbox 120 1573 1257 1667; baseline 0.003 -25"><span class='ocrx_word' id='word_1_107' title='bbox 120 1575 228 1642; x_wconf 90' lang='lat' dir='ltr'>minus</span> <span class='ocrx_word' id='word_1_108' title='bbox 257 1573 374 1664; x_wconf 83' lang='lat' dir='ltr'>Guid0,</span> <span class='ocrx_word' id='word_1_109' title='bbox 403 1576 515 1643; x_wconf 89' lang='lat' dir='ltr'>sciens</span> <span class='ocrx_word' id='word_1_110' title='bbox 541 1577 699 1663; x_wconf 91' lang='lat' dir='ltr'>populum</span> <span class='ocrx_word' id='word_1_111' title='bbox 726 1583 898 1663; x_wconf 86' lang='lat' dir='ltr'>gravatum</span> <span class='ocrx_word' id='word_1_112' title='bbox 925 1594 984 1664; x_wconf 94' lang='lat' dir='ltr'>per</span> <span class='ocrx_word' id='word_1_113' title='bbox 1010 1594 1084 1643; x_wconf 89' lang='lat' dir='ltr'>eum</span> <span class='ocrx_word' id='word_1_114' title='bbox 1111 1577 1257 1667; x_wconf 87' lang='lat' dir='ltr'>multum,</span> 
     </span>
     <span class='ocr_line' id='line_1_15' title="bbox 120 1673 1263 1764; baseline 0.001 -23"><span class='ocrx_word' id='word_1_115' title='bbox 120 1679 157 1741; x_wconf 90' lang='lat' dir='ltr'>et</span> <span class='ocrx_word' id='word_1_116' title='bbox 174 1691 243 1742; x_wconf 93' lang='lat' dir='ltr'>uon</span> <span class='ocrx_word' id='word_1_117' title='bbox 262 1673 484 1741; x_wconf 90' lang='lat' dir='ltr'>voluntarium</span> <span class='ocrx_word' id='word_1_118' title='bbox 503 1674 545 1741; x_wconf 91' lang='lat' dir='ltr'>ad</span> <span class='ocrx_word' id='word_1_119' title='bbox 568 1681 690 1742; x_wconf 91' lang='lat' dir='ltr'>tantam</span> <span class='ocrx_word' id='word_1_120' title='bbox 711 1677 885 1763; x_wconf 90' lang='lat' dir='ltr'>pecuniam</span> <span class='ocrx_word' id='word_1_121' title='bbox 905 1673 1057 1764; x_wconf 78' lang='lat' dir='ltr'>dandam,</span> <span class='ocrx_word' id='word_1_122' title='bbox 1085 1677 1162 1761; x_wconf 86' lang='lat' dir='ltr'>qnia</span> <span class='ocrx_word' id='word_1_123' title='bbox 1184 1693 1263 1743; x_wconf 86' lang='lat' dir='ltr'>cunr</span> 
     </span>
     <span class='ocr_line' id='line_1_16' title="bbox 119 1772 1258 1863; baseline 0.003 -24"><span class='ocrx_word' id='word_1_124' title='bbox 119 1774 263 1840; x_wconf 86' lang='lat' dir='ltr'>maximo</span> <span class='ocrx_word' id='word_1_125' title='bbox 298 1772 423 1858; x_wconf 92' lang='lat' dir='ltr'>gaudio</span> <span class='ocrx_word' id='word_1_126' title='bbox 456 1790 570 1858; x_wconf 86' lang='lat' dir='ltr'>regem</span> <span class='ocrx_word' id='word_1_127' title='bbox 597 1780 812 1863; x_wconf 72' lang='lat' dir='ltr'>receperant,</span> <span class='ocrx_word' id='word_1_128' title='bbox 839 1780 876 1841; x_wconf 93' lang='lat' dir='ltr'>ut</span> <span class='ocrx_word' id='word_1_129' title='bbox 902 1775 1036 1842; x_wconf 93' lang='lat' dir='ltr'>omnino</span> <span class='ocrx_word' id='word_1_130' title='bbox 1062 1773 1117 1841; x_wconf 90' lang='lat' dir='ltr'>vel</span> <span class='ocrx_word' id='word_1_131' title='bbox 1143 1773 1258 1842; x_wconf 91' lang='lat' dir='ltr'>rebel-</span> 
     </span>
     <span class='ocr_line' id='line_1_17' title="bbox 117 1871 1257 1962; baseline 0.001 -23"><span class='ocrx_word' id='word_1_132' title='bbox 117 1872 226 1939; x_wconf 88' lang='lat' dir='ltr'>larent</span> <span class='ocrx_word' id='word_1_133' title='bbox 258 1872 312 1938; x_wconf 86' lang='lat' dir='ltr'>vel</span> <span class='ocrx_word' id='word_1_134' title='bbox 343 1873 481 1958; x_wconf 87' lang='lat' dir='ltr'>gratiam</span> <span class='ocrx_word' id='word_1_135' title='bbox 515 1871 659 1939; x_wconf 93' lang='lat' dir='ltr'>adeum</span> <span class='ocrx_word' id='word_1_136' title='bbox 689 1873 884 1962; x_wconf 83' lang='lat' dir='ltr'>perderent,</span> <span class='ocrx_word' id='word_1_137' title='bbox 912 1872 1000 1940; x_wconf 89' lang='lat' dir='ltr'>iecit.</span> <span class='ocrx_word' id='word_1_138' title='bbox 1051 1871 1121 1940; x_wconf 92' lang='lat' dir='ltr'>Nos</span> <span class='ocrx_word' id='word_1_139' title='bbox 1148 1879 1257 1940; x_wconf 92' lang='lat' dir='ltr'>autem</span> 
     </span>
     <span class='ocr_line' id='line_1_18' title="bbox 119 1969 1257 2061; baseline 0.003 -24"><span class='ocrx_word' id='word_1_140' title='bbox 119 1969 371 2057; x_wconf 86' lang='lat' dir='ltr'>Citramontani,</span> <span class='ocrx_word' id='word_1_141' title='bbox 399 1973 484 2037; x_wconf 93' lang='lat' dir='ltr'>inter</span> <span class='ocrx_word' id='word_1_142' title='bbox 510 1990 595 2057; x_wconf 85' lang='lat' dir='ltr'>quos</span> <span class='ocrx_word' id='word_1_143' title='bbox 624 1990 689 2058; x_wconf 88' lang='lat' dir='ltr'>ego</span> <span class='ocrx_word' id='word_1_144' title='bbox 718 1972 764 2040; x_wconf 87' lang='lat' dir='ltr'>lui</span> <span class='ocrx_word' id='word_1_145' title='bbox 790 1978 886 2061; x_wconf 81' lang='lat' dir='ltr'>tunc,</span> <span class='ocrx_word' id='word_1_146' title='bbox 913 1973 988 2060; x_wconf 91' lang='lat' dir='ltr'>plus</span> <span class='ocrx_word' id='word_1_147' title='bbox 1016 1973 1097 2040; x_wconf 90' lang='lat' dir='ltr'>satis</span> <span class='ocrx_word' id='word_1_148' title='bbox 1125 1989 1257 2040; x_wconf 90' lang='lat' dir='ltr'>eramus</span> 
     </span>
     <span class='ocr_line' id='line_1_19' title="bbox 118 2069 1256 2160; baseline 0.001 -23"><span class='ocrx_word' id='word_1_149' title='bbox 118 2071 270 2137; x_wconf 90' lang='lat' dir='ltr'>contenti</span> <span class='ocrx_word' id='word_1_150' title='bbox 288 2069 331 2136; x_wconf 92' lang='lat' dir='ltr'>de</span> <span class='ocrx_word' id='word_1_151' title='bbox 354 2069 487 2137; x_wconf 92' lang='lat' dir='ltr'>domino</span> <span class='ocrx_word' id='word_1_152' title='bbox 509 2070 660 2139; x_wconf 88' lang='lat' dir='ltr'>Gnidonc</span> <span class='ocrx_word' id='word_1_153' title='bbox 680 2076 713 2138; x_wconf 91' lang='lat' dir='ltr'>et</span> <span class='ocrx_word' id='word_1_154' title='bbox 731 2071 774 2139; x_wconf 90' lang='lat' dir='ltr'>de</span> <span class='ocrx_word' id='word_1_155' title='bbox 792 2089 853 2140; x_wconf 87' lang='lat' dir='ltr'>sua</span> <span class='ocrx_word' id='word_1_156' title='bbox 873 2073 1105 2158; x_wconf 88' lang='lat' dir='ltr'>procuratione</span> <span class='ocrx_word' id='word_1_157' title='bbox 1124 2089 1256 2160; x_wconf 83' lang='lat' dir='ltr'>magna,</span> 
     </span>
     <span class='ocr_line' id='line_1_20' title="bbox 118 2168 1257 2259; baseline 0.003 -24"><span class='ocrx_word' id='word_1_158' title='bbox 118 2185 194 2236; x_wconf 91' lang='lat' dir='ltr'>cum</span> <span class='ocrx_word' id='word_1_159' title='bbox 228 2169 390 2236; x_wconf 86' lang='lat' dir='ltr'>sciremus</span> <span class='ocrx_word' id='word_1_160' title='bbox 419 2186 534 2254; x_wconf 85' lang='lat' dir='ltr'>regem</span> <span class='ocrx_word' id='word_1_161' title='bbox 561 2176 594 2237; x_wconf 92' lang='lat' dir='ltr'>et</span> <span class='ocrx_word' id='word_1_162' title='bbox 619 2168 827 2239; x_wconf 72' lang='lat' dir='ltr'>nos&#39;omnes</span> <span class='ocrx_word' id='word_1_163' title='bbox 854 2172 935 2237; x_wconf 91' lang='lat' dir='ltr'>satis</span> <span class='ocrx_word' id='word_1_164' title='bbox 961 2168 1129 2259; x_wconf 82' lang='lat' dir='ltr'>indigere,</span> <span class='ocrx_word' id='word_1_165' title='bbox 1158 2188 1257 2257; x_wconf 90' lang='lat' dir='ltr'>quarn</span> 
     </span>
     <span class='ocr_line' id='line_1_21' title="bbox 117 2267 1255 2358; baseline -0.001 -22"><span class='ocrx_word' id='word_1_166' title='bbox 117 2285 272 2336; x_wconf 90' lang='lat' dir='ltr'>essemus</span> <span class='ocrx_word' id='word_1_167' title='bbox 295 2267 337 2334; x_wconf 95' lang='lat' dir='ltr'>de</span> <span class='ocrx_word' id='word_1_168' title='bbox 357 2267 492 2336; x_wconf 90' lang='lat' dir='ltr'>domiuo</span> <span class='ocrx_word' id='word_1_169' title='bbox 510 2267 677 2337; x_wconf 77' lang='lat' dir='ltr'>Mattheo:</span> <span class='ocrx_word' id='word_1_170' title='bbox 699 2269 795 2336; x_wconf 92' lang='lat' dir='ltr'>Unde</span> <span class='ocrx_word' id='word_1_171' title='bbox 815 2267 1007 2336; x_wconf 88' lang='lat' dir='ltr'>dicebamus</span> <span class='ocrx_word' id='word_1_172' title='bbox 1029 2271 1255 2358; x_wconf 84' lang='lat' dir='ltr'>communiter,</span> 
     </span>
     <span class='ocr_line' id='line_1_22' title="bbox 118 2365 1257 2455; baseline 0 -20"><span class='ocrx_word' id='word_1_173' title='bbox 118 2367 210 2453; x_wconf 85' lang='lat' dir='ltr'>quod</span> <span class='ocrx_word' id='word_1_174' title='bbox 237 2366 391 2435; x_wconf 90' lang='lat' dir='ltr'>dominus</span> <span class='ocrx_word' id='word_1_175' title='bbox 417 2365 587 2436; x_wconf 88' lang='lat' dir='ltr'>Mattheus</span> <span class='ocrx_word' id='word_1_176' title='bbox 620 2370 666 2437; x_wconf 89' lang='lat' dir='ltr'>ita</span> <span class='ocrx_word' id='word_1_177' title='bbox 691 2367 855 2436; x_wconf 92' lang='lat' dir='ltr'>modicum</span> <span class='ocrx_word' id='word_1_178' title='bbox 881 2366 1034 2455; x_wconf 82' lang='lat' dir='ltr'>volebat,</span> <span class='ocrx_word' id='word_1_179' title='bbox 1062 2374 1099 2434; x_wconf 90' lang='lat' dir='ltr'>ut</span> <span class='ocrx_word' id='word_1_180' title='bbox 1125 2366 1257 2435; x_wconf 89' lang='lat' dir='ltr'>daretur</span> 
     </span>
     <span class='ocr_line' id='line_1_23' title="bbox 116 2465 1255 2555; baseline 0.001 -23"><span class='ocrx_word' id='word_1_181' title='bbox 116 2467 201 2555; x_wconf 82' lang='lat' dir='ltr'>regi,</span> <span class='ocrx_word' id='word_1_182' title='bbox 227 2471 265 2532; x_wconf 96' lang='lat' dir='ltr'>ut</span> <span class='ocrx_word' id='word_1_183' title='bbox 287 2467 425 2552; x_wconf 81' lang='lat' dir='ltr'>gratiam</span> <span class='ocrx_word' id='word_1_184' title='bbox 444 2467 558 2554; x_wconf 92' lang='lat' dir='ltr'>populi</span> <span class='ocrx_word' id='word_1_185' title='bbox 583 2473 615 2534; x_wconf 89' lang='grc'>61</span> <span class='ocrx_word' id='word_1_186' title='bbox 640 2466 789 2535; x_wconf 82' lang='lat' dir='ltr'>savorem</span> <span class='ocrx_word' id='word_1_187' title='bbox 812 2465 959 2534; x_wconf 90' lang='lat' dir='ltr'>haberet.</span> <span class='ocrx_word' id='word_1_188' title='bbox 987 2465 1074 2555; x_wconf 81' lang='lat' dir='ltr'>Scio,</span> <span class='ocrx_word' id='word_1_189' title='bbox 1103 2465 1194 2552; x_wconf 83' lang='lat' dir='ltr'>quod</span> <span class='ocrx_word' id='word_1_190' title='bbox 1213 2465 1255 2533; x_wconf 93' lang='grc'>(16</span> 
     </span>
     <span class='ocr_line' id='line_1_24' title="bbox 118 2565 1256 2652; baseline 0 -21"><span class='ocrx_word' id='word_1_191' title='bbox 118 2566 192 2632; x_wconf 92' lang='lat' dir='ltr'>istis</span> <span class='ocrx_word' id='word_1_192' title='bbox 219 2570 350 2632; x_wconf 91' lang='lat' dir='ltr'>centum</span> <span class='ocrx_word' id='word_1_193' title='bbox 377 2565 520 2634; x_wconf 90' lang='lat' dir='ltr'>millibus</span> <span class='ocrx_word' id='word_1_194' title='bbox 548 2565 747 2634; x_wconf 91' lang='lat' dir='ltr'>ilorenorum</span> <span class='ocrx_word' id='word_1_195' title='bbox 776 2583 835 2633; x_wconf 83' lang='lat' dir='ltr'>rex</span> <span class='ocrx_word' id='word_1_196' title='bbox 861 2566 987 2652; x_wconf 92' lang='lat' dir='ltr'>recepit</span> <span class='ocrx_word' id='word_1_197' title='bbox 1013 2565 1256 2650; x_wconf 84' lang='lat' dir='ltr'>quinquaginta</span> 
     </span>
     <span class='ocr_line' id='line_1_25' title="bbox 116 2663 1255 2753; baseline -0.002 -23"><span class='ocrx_word' id='word_1_198' title='bbox 116 2664 218 2732; x_wconf 91' lang='lat' dir='ltr'>millia</span> <span class='ocrx_word' id='word_1_199' title='bbox 245 2665 320 2732; x_wconf 91' lang='lat' dir='ltr'>sine</span> <span class='ocrx_word' id='word_1_200' title='bbox 347 2664 515 2732; x_wconf 92' lang='lat' dir='ltr'>solutione</span> <span class='ocrx_word' id='word_1_201' title='bbox 541 2665 731 2753; x_wconf 89' lang='lat' dir='ltr'>particulari</span> <span class='ocrx_word' id='word_1_202' title='bbox 750 2664 890 2733; x_wconf 87' lang='lat' dir='ltr'>alicuius</span> <span class='ocrx_word' id='word_1_203' title='bbox 909 2663 1064 2752; x_wconf 85' lang='lat' dir='ltr'>hominis,</span> <span class='ocrx_word' id='word_1_204' title='bbox 1092 2664 1169 2749; x_wconf 90' lang='lat' dir='ltr'>quia</span> <span class='ocrx_word' id='word_1_205' title='bbox 1195 2680 1255 2731; x_wconf 93' lang='lat' dir='ltr'>or-</span> 
     </span>
     <span class='ocr_line' id='line_1_26' title="bbox 117 2761 1255 2850; baseline -0.001 -20"><span class='ocrx_word' id='word_1_206' title='bbox 117 2762 289 2831; x_wconf 89' lang='lat' dir='ltr'>dinatores</span> <span class='ocrx_word' id='word_1_207' title='bbox 323 2781 423 2850; x_wconf 91' lang='lat' dir='ltr'>super</span> <span class='ocrx_word' id='word_1_208' title='bbox 455 2763 521 2832; x_wconf 92' lang='lat' dir='ltr'>hoc</span> <span class='ocrx_word' id='word_1_209' title='bbox 545 2763 695 2832; x_wconf 90' lang='lat' dir='ltr'>redditus</span> <span class='ocrx_word' id='word_1_210' title='bbox 724 2769 757 2831; x_wconf 92' lang='lat' dir='ltr'>et</span> <span class='ocrx_word' id='word_1_211' title='bbox 781 2764 934 2831; x_wconf 91' lang='lat' dir='ltr'>introitus</span> <span class='ocrx_word' id='word_1_212' title='bbox 963 2762 1105 2830; x_wconf 90' lang='lat' dir='ltr'>civitatis</span> <span class='ocrx_word' id='word_1_213' title='bbox 1131 2761 1255 2829; x_wconf 87' lang='lat' dir='ltr'>vendi-</span> 
     </span>
     <span class='ocr_line' id='line_1_27' title="bbox 117 2857 1255 2952; baseline -0.002 -23"><span class='ocrx_word' id='word_1_214' title='bbox 117 2861 238 2930; x_wconf 88' lang='lat' dir='ltr'>derunt</span> <span class='ocrx_word' id='word_1_215' title='bbox 264 2862 307 2930; x_wconf 92' lang='lat' dir='ltr'>ad</span> <span class='ocrx_word' id='word_1_216' title='bbox 334 2868 458 2930; x_wconf 91' lang='lat' dir='ltr'>certum</span> <span class='ocrx_word' id='word_1_217' title='bbox 485 2868 615 2951; x_wconf 92' lang='lat' dir='ltr'>tempus</span> <span class='ocrx_word' id='word_1_218' title='bbox 639 2881 699 2952; x_wconf 96' lang='lat' dir='ltr'>pro</span> <span class='ocrx_word' id='word_1_219' title='bbox 726 2863 783 2930; x_wconf 90' lang='lat' dir='ltr'>tali</span> <span class='ocrx_word' id='word_1_220' title='bbox 810 2880 947 2931; x_wconf 88' lang='lat' dir='ltr'>summa.</span> <span class='ocrx_word' id='word_1_221' title='bbox 981 2857 1058 2928; x_wconf 89' lang='lat' dir='ltr'>Alia</span> <span class='ocrx_word' id='word_1_222' title='bbox 1084 2861 1255 2947; x_wconf 86' lang='lat' dir='ltr'>quinqua-</span> 
     </span>
     <span class='ocr_line' id='line_1_28' title="bbox 117 2959 1256 3052; baseline 0 -24"><span class='ocrx_word' id='word_1_223' title='bbox 117 2963 212 3048; x_wconf 88' lang='lat' dir='ltr'>ginta</span> <span class='ocrx_word' id='word_1_224' title='bbox 237 2961 338 3029; x_wconf 91' lang='lat' dir='ltr'>millia</span> <span class='ocrx_word' id='word_1_225' title='bbox 363 2961 494 3029; x_wconf 88' lang='lat' dir='ltr'>inerunt</span> <span class='ocrx_word' id='word_1_226' title='bbox 519 2965 631 3051; x_wconf 92' lang='lat' dir='ltr'>posita</span> <span class='ocrx_word' id='word_1_227' title='bbox 656 2981 715 3052; x_wconf 92' lang='lat' dir='ltr'>per</span> <span class='ocrx_word' id='word_1_228' title='bbox 740 2964 905 3030; x_wconf 91' lang='lat' dir='ltr'>civitatem</span> <span class='ocrx_word' id='word_1_229' title='bbox 933 2965 966 3028; x_wconf 93' lang='grc'>61</span> <span class='ocrx_word' id='word_1_230' title='bbox 993 2959 1193 3048; x_wconf 85' lang='lat' dir='ltr'>comitatum,</span> <span class='ocrx_word' id='word_1_231' title='bbox 1222 2964 1256 3028; x_wconf 90' lang='grc'>61</span> 
     </span>
     <span class='ocr_line' id='line_1_29' title="bbox 116 3057 1255 3152; baseline 0 -25"><span class='ocrx_word' id='word_1_232' title='bbox 116 3078 191 3127; x_wconf 89' lang='grc'>666</span> <span class='ocrx_word' id='word_1_233' title='bbox 218 3061 340 3128; x_wconf 90' lang='lat' dir='ltr'>talibus</span> <span class='ocrx_word' id='word_1_234' title='bbox 367 3061 551 3130; x_wconf 89' lang='lat' dir='ltr'>rumoribus</span> <span class='ocrx_word' id='word_1_235' title='bbox 579 3063 768 3152; x_wconf 83' lang='lat' dir='ltr'>recollecta,</span> <span class='ocrx_word' id='word_1_236' title='bbox 797 3059 887 3149; x_wconf 91' lang='lat' dir='ltr'>quod</span> <span class='ocrx_word' id='word_1_237' title='bbox 907 3076 973 3146; x_wconf 87' lang='lat' dir='ltr'>ego</span> <span class='ocrx_word' id='word_1_238' title='bbox 996 3058 1188 3146; x_wconf 83' lang='lat' dir='ltr'>frequenter</span> <span class='ocrx_word' id='word_1_239' title='bbox 1212 3057 1255 3127; x_wconf 91' lang='lat' dir='ltr'>de</span> 
     </span>
     <span class='ocr_line' id='line_1_30' title="bbox 115 3157 1255 3246; baseline -0.003 -19"><span class='ocrx_word' id='word_1_240' title='bbox 115 3157 218 3228; x_wconf 91' lang='lat' dir='ltr'>domo</span> <span class='ocrx_word' id='word_1_241' title='bbox 245 3160 492 3228; x_wconf 86' lang='lat' dir='ltr'>Prodicatorum</span> <span class='ocrx_word' id='word_1_242' title='bbox 525 3178 594 3229; x_wconf 94' lang='lat' dir='ltr'>uon</span> <span class='ocrx_word' id='word_1_243' title='bbox 621 3159 784 3228; x_wconf 89' lang='lat' dir='ltr'>audebam</span> <span class='ocrx_word' id='word_1_244' title='bbox 811 3160 924 3227; x_wconf 91' lang='lat' dir='ltr'>venire</span> <span class='ocrx_word' id='word_1_245' title='bbox 951 3175 1060 3244; x_wconf 88' lang='lat' dir='ltr'>usquc</span> <span class='ocrx_word' id='word_1_246' title='bbox 1087 3157 1130 3224; x_wconf 91' lang='lat' dir='ltr'>ad</span> <span class='ocrx_word' id='word_1_247' title='bbox 1154 3157 1255 3246; x_wconf 86' lang='lat' dir='ltr'>pala-</span> 
     </span>
     <span class='ocr_line' id='line_1_31' title="bbox 115 3255 1254 3348; baseline -0.001 -23"><span class='ocrx_word' id='word_1_248' title='bbox 115 3260 199 3325; x_wconf 91' lang='lat' dir='ltr'>tium</span> <span class='ocrx_word' id='word_1_249' title='bbox 223 3266 359 3347; x_wconf 93' lang='lat' dir='ltr'>propter</span> <span class='ocrx_word' id='word_1_250' title='bbox 391 3259 642 3328; x_wconf 90' lang='lat' dir='ltr'>maledictiones</span> <span class='ocrx_word' id='word_1_251' title='bbox 670 3265 703 3328; x_wconf 90' lang='lat' dir='ltr'>et</span> <span class='ocrx_word' id='word_1_252' title='bbox 728 3259 909 3348; x_wconf 81' lang='lat' dir='ltr'>vituperia,</span> <span class='ocrx_word' id='word_1_253' title='bbox 938 3275 1002 3344; x_wconf 89' lang='lat' dir='ltr'>que</span> <span class='ocrx_word' id='word_1_254' title='bbox 1029 3256 1186 3325; x_wconf 88' lang='lat' dir='ltr'>dicebant</span> <span class='ocrx_word' id='word_1_255' title='bbox 1212 3255 1254 3324; x_wconf 93' lang='lat' dir='ltr'>de</span> 
     </span>
     <span class='ocr_line' id='line_1_32' title="bbox 113 3353 1254 3448; baseline -0.002 -23"><span class='ocrx_word' id='word_1_256' title='bbox 113 3375 201 3444; x_wconf 91' lang='lat' dir='ltr'>rege</span> <span class='ocrx_word' id='word_1_257' title='bbox 233 3362 268 3424; x_wconf 91' lang='lat' dir='ltr'>et</span> <span class='ocrx_word' id='word_1_258' title='bbox 294 3356 336 3426; x_wconf 94' lang='lat' dir='ltr'>de</span> <span class='ocrx_word' id='word_1_259' title='bbox 361 3358 460 3426; x_wconf 90' lang='lat' dir='ltr'>nobis</span> <span class='ocrx_word' id='word_1_260' title='bbox 495 3357 749 3427; x_wconf 88' lang='lat' dir='ltr'>Citramontanis</span> <span class='ocrx_word' id='word_1_261' title='bbox 783 3359 861 3448; x_wconf 86' lang='lat' dir='ltr'>isti,</span> <span class='ocrx_word' id='word_1_262' title='bbox 888 3357 946 3443; x_wconf 89' lang='lat' dir='ltr'>qui</span> <span class='ocrx_word' id='word_1_263' title='bbox 979 3355 1022 3423; x_wconf 92' lang='lat' dir='ltr'>ad</span> <span class='ocrx_word' id='word_1_264' title='bbox 1055 3353 1254 3424; x_wconf 91' lang='lat' dir='ltr'>solvendum</span> 
     </span>
     <span class='ocr_line' id='line_1_33' title="bbox 116 3456 339 3542; baseline 0.004 -18"><span class='ocrx_word' id='word_1_265' title='bbox 116 3456 339 3542; x_wconf 86' lang='lat' dir='ltr'>cogebantur.</span> 
     </span>
    </p>

    <p class='ocr_par' dir='ltr' id='par_1_4' title="bbox 194 3554 1338 3644">
     <span class='ocr_line' id='line_1_34' title="bbox 194 3554 1338 3644; baseline 0 -23"><span class='ocrx_word' id='word_1_266' title='bbox 194 3554 231 3622; x_wconf 96' lang='lat' dir='ltr'>ln</span> <span class='ocrx_word' id='word_1_267' title='bbox 253 3556 307 3624; x_wconf 92' lang='lat' dir='ltr'>die</span> <span class='ocrx_word' id='word_1_268' title='bbox 328 3555 506 3644; x_wconf 91' lang='lat' dir='ltr'>epiphanie</span> <span class='ocrx_word' id='word_1_269' title='bbox 530 3573 590 3643; x_wconf 96' lang='lat' dir='ltr'>per</span> <span class='ocrx_word' id='word_1_270' title='bbox 611 3555 896 3642; x_wconf 90' lang='lat' dir='ltr'>archiepiscopum</span> <span class='ocrx_word' id='word_1_271' title='bbox 915 3555 1204 3626; x_wconf 85' lang='lat' dir='ltr'>Mediolanensem</span> <span class='ocrx_word' id='word_1_272' title='bbox 1222 3559 1255 3622; x_wconf 90' lang='grc'>61</span> <span class='ocrx_word' id='word_1_273' title='bbox 1273 3567 1338 3622; x_wconf 84' lang='lat'>1311</span> 
     </span>
    </p>
   </div>
   <div class='ocr_carea' id='block_1_3' title="bbox 5 3652 1330 4339">
    <p class='ocr_par' dir='ltr' id='par_1_5' title="bbox 111 3652 1330 4136">
     <span class='ocr_line' id='line_1_35' title="bbox 113 3652 1330 3757; baseline -0.002 -35"><span class='ocrx_word' id='word_1_274' title='bbox 113 3656 314 3743; x_wconf 87' lang='lat' dir='ltr'>episcopum</span> <span class='ocrx_word' id='word_1_275' title='bbox 348 3655 616 3744; x_wconf 80' lang='lat' dir='ltr'>Vercellensem,</span> <span class='ocrx_word' id='word_1_276' title='bbox 645 3671 742 3740; x_wconf 87' lang='lat' dir='ltr'>quem</span> <span class='ocrx_word' id='word_1_277' title='bbox 774 3653 816 3720; x_wconf 94' lang='lat' dir='ltr'>ad</span> <span class='ocrx_word' id='word_1_278' title='bbox 843 3654 908 3723; x_wconf 93' lang='lat' dir='ltr'>hoc</span> <span class='ocrx_word' id='word_1_279' title='bbox 933 3655 1125 3744; x_wconf 88' lang='lat' dir='ltr'>specialiter</span> <span class='ocrx_word' id='word_1_280' title='bbox 1149 3652 1330 3757; x_wconf 65' lang='grc'><strong>1616111161·</strong></span> 
     </span>
     <span class='ocr_line' id='line_1_36' title="bbox 112 3753 1253 3842; baseline -0.002 -21"><span class='ocrx_word' id='word_1_281' title='bbox 112 3753 242 3821; x_wconf 90' lang='lat' dir='ltr'>habere</span> <span class='ocrx_word' id='word_1_282' title='bbox 268 3760 426 3841; x_wconf 88' lang='lat' dir='ltr'>tanquam</span> <span class='ocrx_word' id='word_1_283' title='bbox 454 3771 549 3822; x_wconf 91' lang='lat' dir='ltr'>suum</span> <span class='ocrx_word' id='word_1_284' title='bbox 576 3754 780 3842; x_wconf 82' lang='lat' dir='ltr'>episcopum,</span> <span class='ocrx_word' id='word_1_285' title='bbox 809 3756 864 3840; x_wconf 88' lang='lat' dir='ltr'>qui</span> <span class='ocrx_word' id='word_1_286' title='bbox 891 3755 941 3822; x_wconf 91' lang='lat' dir='ltr'>sic</span> <span class='ocrx_word' id='word_1_287' title='bbox 967 3761 1047 3822; x_wconf 90' lang='lat' dir='ltr'>tunc</span> <span class='ocrx_word' id='word_1_288' title='bbox 1068 3772 1088 3821; x_wconf 88' lang='lat' dir='ltr'>a</span> <span class='ocrx_word' id='word_1_289' title='bbox 1113 3770 1193 3838; x_wconf 86' lang='lat' dir='ltr'>rege</span> <span class='ocrx_word' id='word_1_290' title='bbox 1220 3756 1253 3820; x_wconf 90' lang='lat' dir='ltr'>et</span> 
     </span>
     <span class='ocr_line' id='line_1_37' title="bbox 111 3850 1253 3943; baseline -0.001 -24"><span class='ocrx_word' id='word_1_291' title='bbox 111 3853 236 3939; x_wconf 89' lang='lat' dir='ltr'>regina</span> <span class='ocrx_word' id='word_1_292' title='bbox 264 3854 467 3943; x_wconf 86' lang='lat' dir='ltr'>vocabatur,</span> <span class='ocrx_word' id='word_1_293' title='bbox 500 3857 534 3920; x_wconf 89' lang='grc'>61</span> <span class='ocrx_word' id='word_1_294' title='bbox 569 3852 720 3939; x_wconf 90' lang='lat' dir='ltr'>pluribus</span> <span class='ocrx_word' id='word_1_295' title='bbox 761 3851 832 3921; x_wconf 90' lang='lat' dir='ltr'>aliis</span> <span class='ocrx_word' id='word_1_296' title='bbox 870 3853 1006 3941; x_wconf 89' lang='lat' dir='ltr'>prelatis</span> <span class='ocrx_word' id='word_1_297' title='bbox 1040 3850 1253 3940; x_wconf 90' lang='lat' dir='ltr'>presentibus</span> 
     </span>
     <span class='ocr_line' id='line_1_38' title="bbox 111 3949 1250 4038; baseline 0.001 -20"><span class='ocrx_word' id='word_1_298' title='bbox 111 3959 210 4038; x_wconf 88' lang='lat' dir='ltr'>tunc,</span> <span class='ocrx_word' id='word_1_299' title='bbox 236 3971 393 4021; x_wconf 92' lang='lat' dir='ltr'>coronam</span> <span class='ocrx_word' id='word_1_300' title='bbox 410 3950 548 4021; x_wconf 79' lang='lat' dir='ltr'>ferream</span> <span class='ocrx_word' id='word_1_301' title='bbox 567 3953 601 4018; x_wconf 94' lang='grc'>16</span> <span class='ocrx_word' id='word_1_302' title='bbox 625 3951 767 4020; x_wconf 89' lang='lat' dir='ltr'>ecclesia</span> <span class='ocrx_word' id='word_1_303' title='bbox 790 3951 879 4020; x_wconf 91' lang='lat' dir='ltr'>beati</span> <span class='ocrx_word' id='word_1_304' title='bbox 898 3949 1066 4020; x_wconf 90' lang='lat' dir='ltr'>Ambrosii</span> <span class='ocrx_word' id='word_1_305' title='bbox 1091 3952 1250 4038; x_wconf 90' lang='lat' dir='ltr'>suscepit.</span> 
     </span>
     <span class='ocr_line' id='line_1_39' title="bbox 112 4047 1255 4136; baseline -0.003 -16"><span class='ocrx_word' id='word_1_306' title='bbox 112 4047 248 4120; x_wconf 88' lang='lat' dir='ltr'>Eodem</span> <span class='ocrx_word' id='word_1_307' title='bbox 274 4051 327 4120; x_wconf 92' lang='lat' dir='ltr'>die</span> <span class='ocrx_word' id='word_1_308' title='bbox 356 4059 488 4121; x_wconf 90' lang='lat' dir='ltr'>centum</span> <span class='ocrx_word' id='word_1_309' title='bbox 515 4055 549 4118; x_wconf 95' lang='lat' dir='ltr'>et</span> <span class='ocrx_word' id='word_1_310' title='bbox 573 4051 750 4136; x_wconf 87' lang='lat' dir='ltr'>sexaginta</span> <span class='ocrx_word' id='word_1_311' title='bbox 770 4051 890 4119; x_wconf 91' lang='lat' dir='ltr'>milites</span> <span class='ocrx_word' id='word_1_312' title='bbox 912 4067 1020 4119; x_wconf 91' lang='lat' dir='ltr'>novos</span> <span class='ocrx_word' id='word_1_313' title='bbox 1047 4048 1142 4136; x_wconf 83' lang='lat' dir='ltr'>iecit3</span> <span class='ocrx_word' id='word_1_314' title='bbox 1168 4050 1255 4118; x_wconf 92' lang='lat' dir='ltr'>iuter</span> 
     </span>
    </p>

    <p class='ocr_par' dir='ltr' id='par_1_6' title="bbox 5 4140 1254 4339">
     <span class='ocr_line' id='line_1_40' title="bbox 5 4140 1254 4239; baseline 0.003 -24"><span class='ocrx_word' id='word_1_315' title='bbox 5 4219 7 4224; x_wconf 70' lang='grc'><strong>,</strong></span> <span class='ocrx_word' id='word_1_316' title='bbox 113 4166 212 4236; x_wconf 86' lang='lat' dir='ltr'>quos</span> <span class='ocrx_word' id='word_1_317' title='bbox 229 4148 357 4219; x_wconf 91' lang='lat' dir='ltr'>luerunt</span> <span class='ocrx_word' id='word_1_318' title='bbox 374 4152 476 4239; x_wconf 87' lang='lat' dir='ltr'>aliqui</span> <span class='ocrx_word' id='word_1_319' title='bbox 498 4140 733 4218; x_wconf 85' lang='lat' dir='ltr'>Citramontani</span> <span class='ocrx_word' id='word_1_320' title='bbox 758 4155 791 4216; x_wconf 91' lang='lat' dir='ltr'>et</span> <span class='ocrx_word' id='word_1_321' title='bbox 805 4149 916 4237; x_wconf 89' lang='lat' dir='ltr'>plures</span> <span class='ocrx_word' id='word_1_322' title='bbox 932 4147 1120 4238; x_wconf 83' lang='lat' dir='ltr'>Lumbardi‚</span> <span class='ocrx_word' id='word_1_323' title='bbox 1136 4167 1254 4218; x_wconf 93' lang='lat' dir='ltr'>omnes</span> 
     </span>
     <span class='ocr_line' id='line_1_41' title="bbox 113 4245 1254 4339; baseline 0.001 -23"><span class='ocrx_word' id='word_1_324' title='bbox 113 4245 313 4339; x_wconf 82' lang='lat' dir='ltr'>Guebelini,</span> <span class='ocrx_word' id='word_1_325' title='bbox 342 4249 474 4318; x_wconf 92' lang='lat' dir='ltr'>duobus</span> <span class='ocrx_word' id='word_1_326' title='bbox 501 4249 554 4316; x_wconf 91' lang='lat' dir='ltr'>vel</span> <span class='ocrx_word' id='word_1_327' title='bbox 581 4247 685 4316; x_wconf 91' lang='lat' dir='ltr'>tribus</span> <span class='ocrx_word' id='word_1_328' title='bbox 720 4249 888 4338; x_wconf 79' lang='lat' dir='ltr'>exceptis,</span> <span class='ocrx_word' id='word_1_329' title='bbox 915 4247 1072 4316; x_wconf 87' lang='lat' dir='ltr'>videlicet</span> <span class='ocrx_word' id='word_1_330' title='bbox 1097 4247 1254 4317; x_wconf 87' lang='lat' dir='ltr'>Gniberto</span> 
     </span>
    </p>
   </div>
   <div class='ocr_carea' id='block_1_4' title="bbox 0 0 1530 4878">
    <p class='ocr_par' dir='ltr' id='par_1_7' title="bbox 0 0 1530 4878">
     <span class='ocr_line' id='line_1_42' title="bbox 0 0 1530 4878; baseline 0 4"><span class='ocrx_word' id='word_1_331' title='bbox 0 0 1530 4878; x_wconf 95' lang='lat' dir='ltr'> </span> 
     </span>
    </p>
   </div>
  </div>
 </body>
</html>
