3044 4882
254 215 325 285 360
576 244 723 290 rorrnnrrus
745 243 956 290 vrcronnrnsrs.
994 241 1019 301 tr,
1039 238 1060 290 t.

257 391 366 453 actum
393 385 559 472 pertinent
585 385 755 472 sapienter
778 391 810 451 et
831 382 970 471 provide
996 382 1219 471 pertractavit.
1252 381 1335 450 Mox
1354 381 1396 451 ad

256 503 375 573 papam
400 482 602 551 Clementem
621 483 731 570 dirigit
752 483 956 570 sollempnes
976 483 1122 550 nuntios.
1156 479 1219 560 Qui
1237 484 1395 568 quoniam

257 585 329 651 eius
357 583 543 670 aliqualiter
569 584 719 651 notitiam
747 582 869 671 babuit,
898 583 1094 650 electionem
1122 580 1334 670 approbavit,
1363 587 1397 649 et

258 682 487 750 ooulnmatum
513 682 556 750 ad
582 700 738 750 eoronam
772 683 899 770 imperii
925 682 1086 749 invitarit.
1122 676 1395 750 assentientibus

258 784 361 850 ceiam
390 782 493 849 tribus
521 782 820 850 archicancellariis
846 782 995 868 imperii,
1023 779 1176 848 abbatem
1201 777 1396 847 Heinrioum

257 881 490 948 villariensem
525 882 678 950 territorii
713 880 894 969 bletensis,
922 881 1015 948 euius
1042 878 1155 947 habita
1182 884 1234 946 est
1259 881 1394 967 mentio,

257 983 291 1048 in
310 979 515 1065 sigilliferum
534 988 566 1048 et
583 979 807 1067 expeditorem
834 981 1045 1065 negotiorum
1071 978 1189 1046 aseivit
1215 983 1248 1044 et
1273 978 1397 1046 babere

257 1079 363 1147 voluit
383 1097 441 1169 pre
461 1079 532 1146 aliis
555 1080 768 1169 singularem,
798 1097 896 1166 quem
922 1097 990 1146 non
1016 1078 1119 1164 longe
1143 1082 1222 1167 post
1247 1096 1397 1146 summus

257 1178 409 1268 pontitex
435 1177 477 1246 ad
504 1181 594 1264 regis
621 1181 841 1246 interventum
869 1177 911 1246 ad
940 1176 1133 1246 Tridentino
1160 1175 1304 1245 ecclesie
1331 1177 1397 1245 lra-

256 1277 406 1346 tbedranr
433 1277 629 1345 sublimavit..

332 1375 462 1444 Deinde
485 1378 519 1443 in
545 1377 672 1466 Spiram
698 1382 732 1444 et
754 1379 918 1445 civitatem
944 1375 1166 1444 Bobenbereb
1190 1371 1397 1462 Herbipolim

260 1472 464 1566 Augustam,
494 1478 590 1562 regni
618 1469 787 1544 districtus
814 1474 1049 1565 deambulans,
1077 1476 1183 1542 curias
1210 1475 1400 1562 celebrans,

258 1575 572 1644 venrtNombemb.
606 1576 649 1644 Et
674 1575 778 1644 duces
802 1575 1010 1643 marchiones
1037 1575 1176 1643 comites
1203 1592 1243 1641 ae
1269 1573 1401 1642 nobiles

260 1693 334 1742 cunr
374 1676 545 1763 episeopis
580 1680 614 1742 et
644 1675 781 1764 prelatis
816 1674 1037 1743 adventantes
1047 1727 1055 1764 ,
1084 1691 1146 1741 sua
1172 1671 1272 1741 leode
1297 1679 1401 1760 atque

259 1774 387 1860 regalia
413 1791 486 1841 eum
519 1775 819 1863 sollempnitatibus
846 1773 889 1841 ad
915 1774 979 1842 boo
1003 1773 1248 1861 pertinentibus
1275 1789 1401 1840 susee-

259 1878 381 1961 perunt
396 1880 429 1941 et
450 1872 617 1942 fidelitatis
642 1876 824 1940 iuramenta
842 1891 978 1941 servare
1005 1873 1142 1960 imperio
1167 1873 1402 1960 promiserunt.

260 1972 356 2039 Plura
380 1974 477 2039 etiam
503 1991 565 2060 pro
591 1973 847 2041 conservatione
863 1973 958 2061 pacis
975 1990 1034 2060 per
1052 1972 1241 2040 universum
1260 1989 1403 2057 regnum

262 2072 404 2138 sancivit
440 2078 474 2138 et
508 2071 549 2139 de
585 2071 758 2160 omnibus,
790 2074 1019 2159 cuiuscunque
1054 2077 1161 2138 status
1196 2070 1403 2139 conditionis

262 2175 395 2259 essent,
424 2172 480 2257 qui
507 2189 645 2256 regnum
672 2170 885 2240 turbaverant
919 2171 1035 2259 spoliis
1061 2171 1116 2240 vel
1142 2170 1215 2237 aliis
1242 2172 1403 2238 excessi-

260 2269 335 2359 bus
363 2271 513 2354 gravium
541 2272 778 2339 sententiarum
801 2270 957 2338 iudicium
985 2268 1145 2338 diffinivit.
1178 2269 1219 2337 Et
1235 2270 1318 2336 utin
1336 2269 1404 2338 illis

262 2368 414 2456 partibus
443 2369 616 2437 brachium
651 2388 747 2437 snum
781 2370 971 2458 roboraret,
998 2367 1141 2437 Rudollo
1169 2367 1236 2436 lrlio
1263 2368 1406 2436 Palatini

262 2486 362 2535 unam
393 2487 525 2536 suarum
559 2469 697 2537 blianrm
725 2469 953 2558 desponsavit.
994 2467 1057 2549 Qui
1083 2467 1215 2555 quidem
1240 2469 1406 2555 parvulus
1519 2547 1520 2558 χ

264 2567 372 2635 luerat
398 2569 485 2636 etin
510 2567 591 2636 tlore
618 2569 736 2656 puerili
764 2569 915 2636 sublatus
924 2621 934 2658 ,
961 2585 1003 2634 ne
1030 2566 1152 2634 nralitia
1178 2573 1321 2636 mutaret
1347 2569 1407 2634 in·-
1519 2563 1520 2568 ’

262 2668 429 2734 tellectum
455 2669 527 2735 eius
550 2676 582 2735 et
608 2668 695 2737 trotio
713 2666 884 2756 deciperet
905 2669 1044 2735 animam
1068 2666 1166 2754 illius,
1189 2666 1407 2734 iuvenculam

260 2767 351 2852 regis
375 2765 472 2835 filiam
495 2767 590 2834 thoro
607 2768 742 2834 alterius
759 2767 945 2854 dereliquit.
979 2764 1050 2833 Rex
1068 2783 1149 2833 vero
1172 2765 1323 2834 exhibuit
1348 2759 1406 2834 se¹

261 2867 293 2932 in
313 2866 466 2934 omnibus
490 2867 573 2934 locis
595 2868 716 2933 iustum
738 2865 883 2933 iudicem
911 2872 943 2934 et
968 2883 1150 2953 pauperum
1176 2862 1402 2934 defensorem.

260 2964 403 3053 „lustita
430 2966 515 3031 enim
544 2971 577 3031 et
609 2963 740 3052 pietas“
765 2971 802 3032 ut
834 2964 913 3033 dicit
938 2964 1087 3033 lsidorus
1122 2963 1211 3054 „due
1241 2966 1404 3053 precipue

262 3065 355 3147 regie
382 3069 459 3129 sunt
484 3063 660 3131 virtutes.“
690 3064 732 3132 Et
748 3060 898 3132 Oratius:
926 3065 1044 3154 „Pueri
1063 3063 1229 3153 ludentes,
1257 3065 1403 3132 rexeris

263 3163 355 3229 aiunt
369 3163 397 3228 si
417 3167 506 3230 reete
524 3159 659 3232 laeies“
694 3164 735 3231 Et
753 3161 862 3231 addit:
890 3164 1093 3253 „Puerorum
1119 3169 1171 3231 est
1196 3165 1308 3254 nenia,
1336 3180 1404 3251 que

263 3279 403 3346 regnum
429 3267 520 3329 reete
547 3261 745 3332 iacientibus
773 3260 902 3332 oller·t.“

263 3460 315 3529 De
340 3462 544 3545 oppositione
568 3460 769 3531 lustralium
794 3467 827 3532 et
850 3462 1068 3531 Bobemorum
1095 3465 1213 3531 contre
1233 3461 1407 3548 pontipes

362 3577 441 3626 suos
466 3564 499 3627 et
521 3563 720 3631 restituione
745 3562 893 3630 Karlntb.
1261 3561 1340 3646 Cep.
1365 3561 1406 3628 ii.

181 3703 247 3760 1309
338 3675 437 3745 Αιιιιο
460 3677 583 3747 domini
607 3698 706 3769 supra
731 3681 819 3750 dicto
838 3684 995 3750 mmooix.
1018 3683 1112 3750 venit
1133 3699 1191 3749 rex
1209 3681 1243 3747 in
1260 3663 1406 3778 Spi'ren-

183 3789 243 3828 lue
266 3778 350 3845 sium
377 3778 552 3869 civitatem,
579 3787 758 3867 postquam
784 3779 873 3848 sacta
898 3782 991 3867 regia
1016 3783 1050 3849 in
1071 3779 1267 3848 Ndrnberob
1292 3795 1407 3865 expe·
1516 3785 1517 3790 ’

265 3877 356 3945 divit.
390 3877 565 3947 Venerunt
591 3886 701 3946 autem
728 3878 770 3947 ad
793 3897 867 3948 eum
886 3881 1028 3971 nobiles,
1057 3881 1114 3968 qui
1138 3878 1408 3965 recognitionem

264 3973 411 4046 nondum
433 3975 582 4046 fecerant
599 3997 732 4047 suorum
752 3980 878 4070 iunium,
905 3981 1008 4066 regiis
1034 3997 1071 4048 se
1099 3978 1291 4069 aspectibus
1315 3993 1408 4063 pre-

300 4137 329 4202 t]
349 4137 396 4192 Die
427 4143 511 4192 warte
538 4154 584 4190 rex
609 4138 649 4192 bis
674 4139 792 4195 exhibuit
817 4155 847 4196 se
872 4141 932 4195 sind
959 4141 1168 4207 verbesserung3
1192 4139 1289 4193 verber
1310 4138 1410 4192 stand:
1515 4141 1516 4150 ’

263 4203 366 4257 Deinde
385 4217 433 4258 rex
450 4207 515 4274 apud
534 4207 691 4275 Herbipolim
709 4213 736 4262 et
754 4208 893 4277 Augustam
912 4211 997 4263 cunas
1015 4208 1173 4276 sollempnes
1191 4209 1253 4278 egit,
1271 4209 1297 4260 in
1312 4207 1408 4258 omni-

265 4272 312 4325 bus
329 4272 396 4328 loeis
414 4287 443 4330 se
461 4274 587 4328 exbibens
604 4277 697 4329 iustum
715 4281 761 4331 etc.
