3096 4882
493 239 561 286 vrra
582 240 690 288 urnotr
712 239 820 296 oonnrr
841 241 900 288 rur.
1195 213 1264 282 267

139 380 308 463 amenaque
342 395 454 446 eonem
484 397 535 447 me
554 381 650 465 prius
674 380 848 466 inarserit,
874 378 958 448 botre
984 380 1095 450 toltter
1119 378 1266 466 obmom,
1286 397 1351 451 tile

137 478 217 562 quod
240 494 352 545 omnes
378 477 437 545 obt
461 478 675 546 terrebuntur.

198 576 280 644 Post
301 576 365 645 boo
391 595 459 644 non
483 578 587 663 longo
613 583 761 665 tempore
781 579 951 644 transaoto
963 627 973 666 ,
1002 573 1182 646 Cazimirus
1207 597 1266 648 rex

133 672 285 743 Craoovie
326 675 455 743 Nioolai
483 675 574 744 drrois
602 673 730 764 Opavie
758 675 925 744 civitatem
946 676 1080 744 nomine
1099 675 1182 744 Saar
1207 678 1265 746 in·

132 774 227 863 rasit,
267 779 300 841 et
325 774 491 843 hostiliter
518 775 662 844 obsedit.
701 772 764 854 Qui
791 775 902 841 statim
929 773 971 840 ml
996 791 1111 860 regem
1136 774 1265 844 loban-

133 889 198 939 nem
224 875 259 940 in
285 872 424 960 Pragam
451 876 549 963 misit,
578 882 613 942 et
629 881 664 943 ut
688 873 814 960 aliquot
830 874 921 941 viros
940 882 1096 963 armatos,
1124 891 1265 961 quorum

132 971 288 1041 adiutorio
316 975 482 1041 olvitalem
510 991 602 1041 suam
624 993 685 1062 per
708 989 822 1058 rogem
840 970 1036 1040 Cazimirnm
1062 973 1264 1042 oiroumval-

129 1069 220 1137 latam
256 1078 376 1158 posset
416 1072 556 1141 liberare
583 1073 837 1160 transmitteret,
864 1072 1103 1140 instantissime
1130 1073 1262 1162 suppli-

131 1172 220 1238 carit
246 1169 317 1239 Rex
335 1171 503 1240 lohannes
524 1171 588 1240 boo
606 1171 731 1261 audito,
746 1169 929 1239 letabundo
947 1169 1122 1258 respondit
1135 1173 1263 1240 animo:

129 1269 248 1336 nullam
274 1270 338 1338 sibi
364 1273 586 1339 transmittere
613 1277 747 1358 gentem
761 1323 771 1360 ,
807 1268 870 1337 sed
904 1270 990 1338 intra
1022 1276 1164 1357 quatuor
1189 1270 1263 1339 dies

128 1367 185 1436 sibi
220 1369 309 1436 velle
343 1371 377 1437 in
410 1369 608 1438 adiutorium
641 1371 755 1439 venire
788 1369 923 1457 propria
956 1369 990 1436 in
1017 1385 1163 1456 persona
1190 1388 1263 1438 eum

126 1467 328 1536 multitudine
355 1471 496 1537 maxima
514 1475 723 1538 armatorum.
750 1467 865 1536 Statim
884 1485 945 1536 rex
961 1466 1130 1536 lohannes
1150 1470 1262 1537 omni-

126 1565 183 1634 bus
211 1568 306 1652 regni
331 1568 467 1638 Boemie
488 1569 672 1637 baronibus
698 1570 732 1635 in
752 1585 854 1634 unum
872 1568 1079 1656 oonvoootis‚
1107 1567 1261 1636 omnibus

125 1664 334 1733 audientibus
367 1666 464 1736 dixit:
498 1667 585 1735 Eece
616 1669 677 1734 otri
711 1665 835 1734 nobiles
866 1666 990 1732 strenui
1015 1667 1048 1732 et
1067 1665 1183 1746 fideles
1209 1666 1262 1734 dt-

125 1764 207 1850 leett,
237 1770 366 1850 oportet
388 1771 425 1833 ul
446 1785 582 1852 requam
607 1770 753 1836 oestrum
778 1769 810 1831 et
830 1766 979 1850 putrium
1006 1768 1124 1832 contro
1148 1781 1210 1832 etos
1230 1769 1264 1832 el

123 1879 180 1930 eos
213 1864 371 1932 intortam
403 1865 599 1934 insultantes
631 1865 745 1952 eladio
770 1867 803 1932 et
827 1865 929 1930 ermis
955 1862 1179 1947 defendamus.
1219 1863 1264 1932 Et

122 1963 278 2046 ollonium
293 1965 356 2030 iste
374 1966 556 2032 certamus
577 1965 737 2032 Croooote
761 1981 825 2031 ree
845 1961 938 2030 nobis
962 1964 997 2029 to
1022 1962 1260 2044 contumelium,

119 2064 211 2147 requi
236 2063 341 2130 nostri
365 2063 499 2131 Boemt'e
524 2067 557 2131 el
580 2081 703 2131 eoroae
729 2062 895 2130 vasallum
920 2065 953 2129 et
970 2063 1173 2147 prinoipem,
1198 2061 1259 2130 lli-

120 2160 250 2228 eoloem
275 2163 389 2229 ducem
415 2162 548 2249 Opunte,
574 2160 736 2230 tornltter
755 2163 884 2245 innomi,
910 2162 944 2228 lo
968 2178 1032 2246 quo
1056 2163 1260 2229 ntot'eslotem

119 2262 265 2326 nostrum
290 2263 439 2346 qrooe‘ler.
461 2266 651 2348 reputemus
676 2261 845 2345 offertum,
871 2278 932 2327 nee
957 2259 1070 2326 leuiter
1092 2259 1183 2344 serre
1198 2260 1259 2328 de·

121 2356 246 2441 berners,
281 2362 371 2444 quod
401 2377 537 2447 qraoem
567 2361 738 2446 polluntur
762 2360 922 2444 offensem
956 2359 1010 2443 qni
1043 2375 1083 2426 se
1102 2359 1199 2444 poeto
1225 2362 1260 2428 et

118 2457 364 2542 tranquilitatis
393 2463 506 2546 orello
535 2465 649 2528 nostro
676 2459 817 2526 dornlaio
842 2457 1061 2526 mtbdtderuttt.
1103 2457 1153 2526 Ne
1178 2475 1259 2544 erqo

118 2555 210 2624 nobb
231 2558 364 2643 plotille
389 2559 577 2626 ascribatur
602 2559 772 2644 nequities,
797 2560 830 2623 el
853 2558 957 2624 otiose
982 2557 1099 2641 quietis
1123 2573 1257 2624 somno-

117 2652 217 2722 lentia
241 2657 450 2743 impleantur,
476 2659 624 2727 aebemus
650 2661 684 2724 et
706 2656 902 2724 mundamus
927 2653 1018 2722 bobis
1043 2654 1180 2740 eumelio
1192 2705 1202 2740 ,
1225 2659 1259 2722 et

116 2754 327 2839 stoqoloriter
352 2759 519 2841 universis,
544 2761 581 2824 ot
596 2758 707 2824 sloltm
730 2772 827 2822 orma
845 2755 997 2840 copiatis,
1023 2757 1056 2820 et
1072 2754 1120 2825 orl
1137 2751 1256 2824 bellum

116 2854 260 2937 expediti
284 2856 355 2922 stne
379 2874 477 2924 moro
502 2875 564 2924 nos
589 2856 787 2940 sequamini,
813 2854 861 2921 orl
879 2853 1144 2940 propulsantem
1167 2852 1256 2920 illius

110 2955 331 3037 protelatam,
365 2957 420 3040 qul
447 2957 631 3040 pnoeipem
656 2958 689 3022 et
720 2954 884 3022 vesullum
911 2956 1057 3020 nostrum
1077 2954 1258 3038 presumsit

114 3050 278 3135 invadere,
305 3055 360 3138 qui
384 3058 501 3122 nostro
526 3053 717 3138 defensione
737 3056 873 3140 potitus,
899 3054 1014 3122 merito
1039 3051 1136 3120 debet
1157 3053 1255 3138 paen

113 3150 364 3235 tranquillitate·
383 3155 538 3239 euadere.
581 3154 731 3221 Barones
767 3170 847 3221 vero
879 3150 925 3220 ad
951 3153 1040 3236 regis
1066 3151 1169 3220 verba
1194 3169 1253 3219 re-

113 3248 334 3334 sponderunt:
360 3251 499 3320 Danaae
523 3271 595 3334 ree,
622 3253 664 3320 de
687 3254 758 3319 lure
779 3255 896 3319 nostro
921 3251 1041 3331 eoisttl,
1069 3253 1102 3316 et
1119 3249 1162 3318 ub
1188 3267 1254 3318 orr-

112 3347 208 3430 thm's
225 3349 420 3436 temporibus
436 3351 664 3420 inuiolabiliter
679 3350 893 3432 observatum,
909 3349 999 3434 quod
1006 3352 1105 3415 eetro
1117 3367 1254 3435 requam

113 3462 180 3511 oon
198 3448 350 3518 debemus
375 3453 478 3518 ermis
491 3451 667 3536 proficisci,
693 3451 754 3517 sed
776 3452 865 3517 intro
888 3449 982 3533 teoni
1008 3447 1123 3514 libriles
1146 3449 1253 3533 ipsum

112 3560 247 3630 requam
280 3553 399 3617 eontra
433 3569 507 3633 eos,
541 3552 596 3636 qut
627 3548 691 3616 troo
715 3547 876 3616 bosbltter
899 3547 1055 3614 invenere
1080 3551 1252 3630 conantur,
1359 3639 1361 3643 Ι

110 3660 179 3725 pro
208 3647 329 3716 ollibus
363 3649 539 3733 defendere
571 3653 604 3716 et
628 3650 719 3716 tueri.
764 3647 892 3728 Quibus
919 3647 1066 3715 roualt:
1100 3644 1252 3712 Dueottts

111 3741 253 3828 operte,
279 3750 366 3815 siout
394 3749 452 3816 olli
485 3748 624 3816 Polonle
650 3748 808 3831 meotes,
847 3747 895 3816 acl
917 3763 1029 3832 reqem
1052 3745 1186 3812 Boemie
1220 3747 1253 3812 et

109 3858 269 3912 eoronam
301 3849 394 3932 requi
427 3851 609 3933 respectum
640 3845 763 3914 bebere
795 3847 1006 3933 dionomiber.
1055 3843 1145 3912 Unde
1172 3861 1251 3929 erqo

108 3943 280 4011 aeetoetes
312 3947 360 4014 ad
382 3949 444 4014 iter
468 3948 536 4014 lam
564 3947 652 4014 vodo
687 3947 852 4026 districte,
887 3949 920 4012 et
950 3944 1079 4011 omnino
1112 3943 1252 4025 maures,

109 4041 190 4121 quis
211 4048 351 4112 oestrum
382 4047 445 4114 toll
478 4050 596 4132 coptus
622 4048 802 4114 temeritate
828 4050 860 4112 et
884 4045 1030 4112 auduom
1049 4043 1250 4128 presumtio-

106 4153 218 4223 oeque
250 4147 439 4229 temerario,
472 4149 509 4212 ut
538 4148 628 4212 retro
661 4163 712 4212 me
737 4162 871 4214 mouere
891 4143 1071 4229 presumat.
1115 4140 1165 4209 lta
1193 4159 1250 4210 rex

106 4233 279 4310 lohannes
314 4243 431 4314 eadem
459 4249 560 4314 noete
588 4262 662 4312 oum
689 4243 882 4334 quingentis
908 4242 1053 4330 galeatis
1080 4238 1121 4310 de
1149 4259 1248 4310 mon-
