3096 4882
533 193 601 238 vrrn
623 191 731 239 unnour
753 191 861 248 cunnrr
884 195 942 240 mr.
1238 167 1308 238 259

172 333 206 395 et
232 328 342 416 spolia
367 327 470 398 multa
497 328 539 398 de
572 348 614 399 eo
641 332 940 403 committebantur.
979 333 1021 400 Et
1046 334 1125 402 licet
1150 338 1306 424 inacqui-
1326 352 1390 406 1339

168 426 266 495 sibile
301 426 496 518 videbatur,
531 429 617 498 inira
652 448 773 498 novem
808 437 918 500 tamen
955 433 1159 520 septimanas
1196 437 1305 525 ipsum

168 527 347 616 acquisivi,
384 529 562 616 turrimque
597 546 672 597 cum
702 530 829 599 barone
866 533 960 599 ouius
996 539 1140 600 castrum
1175 541 1245 604 erat
1271 537 1304 604 in

167 632 286 694 terram
313 625 438 717 deieci,
466 645 579 696 muros
612 646 749 715 quoquc
783 648 855 697 curn
891 635 961 698 toto
989 637 1100 700 castro
1127 633 1303 703 solotenus

166 727 340 812 prostravi.
365 726 496 795 Deinde
518 729 562 794 ivi
587 744 660 794 cum
685 733 779 816 patre
807 747 882 796 meo
904 729 1161 799 Wratislauiam.
1200 734 1303 820 Epis-

167 842 272 912 copus
299 843 380 894 vero
406 826 494 894 illius
520 827 586 895 loci
621 833 692 894 erat
717 828 802 915 patri
829 846 904 896 meo
931 829 1139 921 inobediens
1167 837 1302 920 propter

165 924 254 1010 quod
281 929 375 1013 pater
400 943 495 993 meus
514 933 700 994 commotus
719 927 856 994 abstulit
873 927 980 995 eidem
1008 936 1152 997 castrum
1169 931 1300 1000 Milecz.

162 1021 239 1110 lpse
275 1041 354 1092 vero
390 1043 431 1093 ea
465 1025 507 1093 de
542 1043 645 1093 causa
680 1028 981 1095 excommunicavit
1016 1034 1141 1115 patrem
1179 1048 1300 1098 meum.

161 1121 258 1191 Pater
284 1130 394 1192 autem
420 1142 513 1192 meus
541 1124 666 1212 expulit
691 1143 766 1193 eum
791 1144 859 1193 una
886 1143 958 1193 curn
975 1126 1065 1195 clero
1093 1126 1300 1197 decivitate.

159 1221 200 1288 ilt
219 1223 284 1290 heo
311 1222 480 1292 dissensio
500 1223 629 1291 duravit
647 1224 732 1292 benc
755 1243 815 1313 per
833 1224 917 1292 duos
937 1243 1045 1296 annos
1067 1227 1153 1295 inter
1172 1233 1299 1316 patrem

157 1339 266 1390 meum
293 1328 327 1389 ct
352 1322 474 1390 clerum
500 1322 694 1412 predictum.

231 1417 363 1490 Abinde
390 1423 558 1511 processit
583 1427 678 1510 pater
704 1423 797 1490 uleus
825 1424 858 1490 in
884 1421 1068 1514 Budissyn,
1095 1425 1236 1513 proinde
1264 1427 1299 1496 in

157 1518 328 1589 Franciam
360 1522 394 1590 in
427 1523 584 1589 auxilium
619 1522 691 1606 regi
727 1521 883 1610 Francie,
911 1523 989 1608 quia
1015 1528 1092 1590 tuno
1118 1525 1299 1614 incipiebat

156 1637 276 1704 guerra
315 1621 399 1689 inter
439 1638 538 1707 reges
573 1620 711 1688 Francia
748 1627 781 1687 et
822 1617 955 1706 Anglie.
1006 1621 1048 1688 Et
1083 1620 1207 1691 dimisit
1245 1641 1298 1692 me

156 1717 231 1786 loco
260 1720 313 1787 sui
339 1721 372 1787 in
399 1738 516 1806 regno.
554 1720 625 1806 Ego
654 1724 763 1786 autern
791 1719 950 1787 substitui
975 1719 1053 1788 looo
1080 1723 1144 1788 mei
1165 1722 1295 1792 Petrum

157 1815 197 1885 de
231 1816 430 1888 Rosinberlr.
479 1820 520 1887 llt
553 1825 692 1886 secutus
728 1817 775 1885 lui
810 1837 884 1886 eum
919 1836 981 1906 per
1016 1820 1202 1890 Bavariam.
1231 1821 1295 1890 Ubi

155 1917 267 1985 inveni
307 1919 470 1987 sororium
506 1937 612 1985 meum
648 1917 827 1986 Henrieum
864 1916 983 1985 ducem
1018 1919 1157 1986 Bavarie
1199 1938 1294 1988 mor·
1355 1925 1360 1933 '

157 2010 282 2106 tuum¹,
312 2018 368 2104 qui
401 2020 533 2085 unicum
568 2017 667 2084 filium
704 2033 777 2084 oum
814 2033 931 2085 sorore
969 2035 1043 2084 rnea
1077 2017 1292 2105 Margaretba

155 2115 332 2201 reliquerat
370 2117 403 2184 in
444 2115 617 2206 heredem,
652 2133 791 2204 puerum
826 2115 942 2184 decem
976 2133 1147 2184 annorum.
1191 2117 1291 2186 Cuius

155 2215 292 2282 tutelam
317 2217 441 2304 pariter
468 2221 502 2282 et
525 2215 632 2303 patrie
654 2217 830 2303 occupavit
854 2213 1060 2305 badericus,
1088 2217 1144 2302 qui
1170 2235 1207 2285 se
1226 2237 1293 2304 ge-

155 2313 249 2382 rebat
274 2332 335 2402 pro
357 2316 564 2403 imperatore,
594 2315 729 2382 racione
753 2315 948 2382 matrimonii
969 2320 1002 2380 et
1018 2320 1176 2384 tractatus
1195 2335 1293 2403 quern

153 2411 240 2482 idem
267 2412 459 2483 Ludovicus
496 2413 622 2481 lecerat
655 2431 728 2480 oum
760 2420 852 2500 putre
885 2411 1024 2500 predicti
1052 2415 1155 2500 pueri.
1209 2413 1293 2495 Quia

153 2513 320 2599 repulerat
352 2513 449 2580 liliam
483 2511 648 2599 Rudolphi
683 2510 780 2579 ducis
816 2512 957 2578 Bavarie
984 2513 1113 2579 comitis
1141 2512 1291 2603 Palatini,

154 2610 211 2679 dlii
237 2611 346 2680 iratris
374 2613 443 2700 sui,
479 2629 544 2698 que
570 2610 721 2700 predicto
752 2627 858 2698 puero
886 2615 957 2676 erat
982 2611 1149 2697 promissa
1176 2617 1209 2679 et
1234 2615 1290 2680 iu-

152 2717 234 2800 rata,
262 2710 421 2798 deditque
449 2710 554 2778 eidem
591 2710 690 2778 filiam
716 2727 810 2778 suern
838 2727 902 2795 quc
930 2708 1077 2777 nondum
1102 2710 1195 2797 loqui
1222 2730 1290 2798 po-

150 2814 246 2894 terat,
274 2810 391 2878 dicens
420 2810 509 2898 quod
535 2809 637 2878 vellet
661 2825 721 2897 pro
749 2826 789 2877 ea
818 2810 1010 2897 promittere
1037 2806 1146 2878 donec
1172 2809 1289 2878 eadem

150 2927 211 2997 pro
247 2928 285 2977 se
310 2910 503 2997 loqueretur
512 2931 521 2995 ;
557 2925 621 2996 que
654 2909 727 2976 Deo
761 2911 970 2995 permittente
997 2913 1087 2976 nruta
1113 2908 1200 2978 lacta
1226 2915 1289 2978 cst.

148 3009 190 3076 Et
215 3007 293 3076 inde
320 3010 487 3078 transiens
513 3008 689 3075 Bavariam
706 3009 783 3074 veni
810 3007 852 3076 ad
877 3013 1004 3095 patrem
1030 3025 1140 3076 meum
1164 3010 1199 3078 in
1225 3027 1289 3079 oo·

146 3110 294 3176 mitatum
318 3107 676 3193 Luezemburgensem.

222 3207 266 3276 Et
290 3208 336 3275 ibi
364 3225 430 3294 ego
466 3212 586 3295 optans
613 3208 763 3295 processi
794 3208 828 3273 in
855 3206 1010 3274 auxilrunr
1038 3207 1112 3292 regi
1138 3205 1285 3295 Franoie,

148 3306 204 3372 cui
246 3311 324 3374 tuno
362 3305 543 3375 obsederat
584 3323 644 3374 rex
677 3303 801 3392 Anglie
837 3306 1004 3372 civitatem
1038 3303 1284 3374 Rannatensem
1306 3327 1378 3365 surr·

149 3410 329 3494 antequam
354 3407 428 3493 ipse
454 3411 589 3492 gentem
616 3422 709 3472 suam
736 3411 969 3490 congregaret.
1005 3404 1046 3471 Et
1063 3402 1183 3472 abinde
1199 3423 1285 3492 pro·
1314 3395 1376 3434 ΟΜ·

149 3507 256 3573 cessit
288 3510 365 3574 ante
400 3504 558 3593 oppidum
592 3506 699 3572 sancti
724 3504 901 3593 Kwintini,
930 3502 1051 3572 deinde
1078 3508 1154 3571 ante
1182 3505 1284 3590 oppi-

149 3602 227 3671 dum
253 3603 489 3694 llubemontiS,
525 3608 558 3670 et
584 3603 705 3672 abinde
731 3620 838 3690 usque
864 3621 970 3692 prope
997 3603 1164 3670 civitatem
1188 3601 1283 3670 Lau-

148 3695 354 3772 dicensem².
388 3703 527 3771 Demom
554 3720 708 3772 reversus
736 3707 789 3770 est
822 3719 942 3770 versus
970 3702 1159 3771 comitatum
1186 3700 1283 3768 llan-

147 3805 261 3893 nonie,
287 3803 344 3870 ubi
371 3820 431 3870 reu
459 3801 596 3870 Franoie
619 3808 757 3870 secutus
781 3806 835 3868 est
861 3820 934 3868 eum
961 3818 1071 3887 usque
1098 3798 1140 3868 ad
1166 3805 1282 3868 metas.

147 3901 296 3970 bletatus
323 3906 373 3970 est
400 3908 541 3988 uterque
568 3905 679 3968 castra
704 3903 738 3968 in
764 3901 861 3968 metis
888 3899 1076 3970 Hannonic.
1104 3897 1176 3966 Rex
1201 3916 1281 3968 vcro

146 3997 271 4087 tingite
306 4002 472 4092 secessit„
489 4007 523 4068 ct
548 4002 704 4091 recessit,
733 3999 900 4068 dimittens
926 4001 999 4084 regi
1023 3998 1160 4069 Fruneie
1188 4015 1282 4066 canr-

182 4153 212 4213 it
231 4153 266 4206 Er
285 4169 340 4206 nnr
357 4167 397 4206 arn
417 4152 429 4205 1
449 4157 514 4221 sept.
535 4151 601 4206 1339
619 4150 765 4220 gestorben.
801 4149 832 4231 ξ)
851 4148 982 4215 Cambrai,
1001 4149 1037 4202 St.
1056 4150 1183 4216 Ouentin,
1202 4149 1282 4204 ilibe-

144 4225 226 4289 ruont,
245 4221 325 4274 Leon.

1032 4298 1084 4351 li*
