3002 4880
422 252 564 298 cunourcn
587 253 623 296 nr
646 253 748 298 ausura
768 255 935 300 anrucrruu.
1197 227 1242 297 37

125 395 205 482 ravit,
230 391 322 479 quod
348 392 435 459 olare
461 390 576 459 videre
603 409 671 460 non
692 397 849 482 poterant
870 392 1101 486 adventantes,
1127 394 1244 464 indicit
1261 414 1327 467 lala

124 494 166 560 eis
189 491 308 559 bellum
333 492 458 579 pariter
484 495 517 557 et
542 491 740 581 conflictura,
769 490 975 559 denuntians
1003 495 1068 560 eis:
1097 492 1187 580 quod
1215 497 1243 562 si
1261 497 1325 606 aza.

123 591 213 659 velint
237 591 345 658 nolint
371 593 523 678 oportere
551 607 611 658 eos
638 608 801 682 pugnare,
828 609 870 658 ne
897 590 1009 658 dieant
1033 597 1154 681 postea
1180 611 1243 661 oa-

120 691 295 778 lunpniose
314 707 385 756 ourn
408 690 456 756 eis
474 690 600 774 egisse.
625 688 678 757 Hii
704 706 785 758 vero
812 707 881 757 non
898 707 1024 775 segnes
1051 691 1113 758 sed
1137 695 1243 779 parati

119 791 291 877 peroptime
319 788 362 855 ad
386 786 614 878 pugnandum,
643 806 717 856 oum
734 789 1008 876 percensuissent
1027 789 1144 857 dueern
1169 809 1242 858 eurn

121 891 256 956 exercitu
274 904 348 977 suo,
371 886 544 970 jocundati
568 893 646 954 sunt
667 893 700 955 et
718 886 889 954 exhilarati
907 888 1062 957 ridentes
1083 907 1120 956 se
1138 890 1241 958 multo

118 1005 243 1056 numero
263 985 428 1076 fortiores,
450 992 624 1074 sperantes
642 1003 705 1054 neo
724 985 913 1054 diffidentes
931 987 1008 1056 illos
1024 988 1066 1056 ad
1085 988 1241 1057 niohiluur

116 1086 312 1154 redaoturos.
363 1086 465 1153 Erant
491 1087 595 1176 eninr,
629 1091 665 1152 ut
690 1087 799 1176 aiunt,
836 1088 932 1173 quasi
959 1093 1102 1174 quatuor
1127 1095 1242 1156 eontra

115 1203 223 1275 unum,
259 1190 293 1252 et
319 1203 392 1252 euna
419 1186 500 1251 tanti
529 1190 662 1274 essent,
696 1184 764 1252 dux
799 1184 905 1254 lidens
932 1187 965 1252 in
990 1185 1151 1277 Domino,
1188 1189 1241 1254 oui

114 1283 299 1351 indifferens
326 1289 379 1351 ast
404 1283 533 1351 salvare
559 1285 593 1350 in
620 1283 827 1351 multitudine
853 1285 908 1353 vel
934 1287 967 1352 in
992 1287 1120 1373 paueis.
1160 1285 1240 1354 Post

113 1381 217 1450 borarn
252 1381 465 1449 meridianam
499 1381 594 1450 ambe
628 1391 733 1450 turnre
769 1382 1048 1475 congredienteS,
1082 1386 1239 1454 invooato

113 1486 235 1551 nomine
263 1481 396 1549 Domini
421 1483 588 1548 instruunt
613 1483 734 1573 aciem,
761 1486 943 1549 oonserunt
960 1501 1124 1573 pugnarn,
1151 1485 1239 1550 inei-

111 1581 233 1666 pientes
263 1587 396 1649 oantunr
423 1597 519 1647 suurn
545 1570 740 1648 consuetum
767 1585 843 1648 ante
868 1599 1025 1670 pugnarn.
1056 1579 1240 1650 Resultan-

112 1679 190 1748 tibus
215 1681 251 1747 in
278 1679 421 1748 exoelsis
450 1678 544 1746 ambe
572 1685 704 1746 eaterve
731 1681 891 1768 incipiunt
917 1679 1082 1769 dimiono,
1110 1685 1143 1748 et
1165 1699 1241 1748 ourn

109 1796 163 1864 per
186 1778 326 1866 aliquod
352 1784 481 1866 ternpus
508 1776 755 1864 infatigabiliter
788 1777 1027 1870 decertassent,
1056 1781 1148 1846 stetit
1173 1798 1240 1847 an-

109 1894 182 1965 aeps
206 1880 348 1946 vrotoria
374 1876 416 1944 ad
442 1895 541 1944 unarn
567 1877 689 1945 boranr.
742 1873 840 1958 Quod
872 1897 946 1946 euru
980 1877 1047 1945 dux
1077 1884 1238 1969 cerneret,

108 1982 262 2044 strennue
295 1978 330 2044 in
367 1977 553 2043 oertaroine.
577 1994 615 2044 se
650 1976 902 2067 oirournlerens,
939 1994 1020 2044 suos
1051 1978 1241 2045 inalarnavit

107 2075 271 2144 monendo
300 2080 334 2144 et
359 2071 566 2143 exhortando
594 2092 655 2142 eas
682 2074 724 2142 ad
748 2093 909 2162 pugnarn.
936 2075 1002 2144 Sed
1020 2076 1152 2163 quidam
1170 2095 1240 2145 no-

106 2173 183 2242 biles
211 2175 255 2242 de
284 2173 520 2242 Sliizzelbereh
542 2191 611 2241 non
633 2175 732 2262 pauoi
749 2192 897 2265 nurnero,
924 2174 1106 2244 industrius
1131 2193 1238 2262 agens

106 2277 162 2364 tes,
190 2275 266 2341 aliis
291 2274 520 2361 pugnantibus
547 2274 611 2361 ipsi
636 2271 774 2362 provide
802 2273 865 2340 sibi
892 2278 926 2341 et
953 2276 1022 2341 suis
1054 2277 1148 2361 equis
1174 2293 1238 2362 pe-

104 2377 298 2463 peraerunt,
334 2390 407 2439 euru
440 2371 606 2441 vidissent
632 2371 749 2439 dueern
776 2389 850 2439 eum
876 2374 945 2440 suis
973 2375 1006 2440 in
1032 2373 1120 2442 bello
1146 2377 1237 2461 peri-

105 2470 220 2564 olitari,
257 2473 366 2560 parati
400 2470 443 2539 ad
469 2490 614 2560 pugnarn
648 2488 726 2538 mox
752 2487 824 2537 ourn
851 2472 975 2558 irnpetu
998 2474 1237 2560 precipitantes

105 2587 138 2636 se
162 2573 196 2637 in
224 2570 360 2660 turbaS‚
388 2588 456 2638 non
484 2571 587 2637 sernel
614 2575 667 2636 set
691 2569 816 2657 pluries
839 2568 981 2637 bostiunr
1009 2572 1100 2638 aoies
1125 2588 1236 2658 pene·

103 2673 224 2738 trantes
254 2675 289 2738 et
315 2667 527 2759 scindentes,
555 2669 735 2736 nonnullos
770 2667 945 2736 solotenus
977 2674 1239 2756 prostraverunt.

103 2765 194 2846 Quod
231 2787 307 2837 oum
341 2767 484 2836 vidisset
515 2767 609 2836 ducis
643 2768 824 2856 exereitus,
861 2769 968 2852 gavisi
1001 2774 1079 2834 sunt
1111 2768 1237 2854 gaudio

101 2884 239 2959 magno,
278 2873 435 2954 tanquam
471 2868 589 2935 oelitus
626 2867 780 2934 auxiliurn
816 2865 878 2933 sibi
911 2868 1064 2957 missum,
1093 2869 1237 2956 reeeptis

101 2967 222 3035 viribus
244 2969 362 3034 iterurn
386 2968 473 3034 sieut
489 2985 509 3034 a
528 2968 689 3054 prinoipio
710 2971 954 3052 pugnaverunt.
981 2966 1023 3032 Et
1041 2982 1109 3033 non
1134 2968 1236 3036 multo

100 3071 173 3151 post
207 3067 285 3134 sole
312 3066 534 3155 ruente,·vel
561 3083 675 3153 parurn
701 3068 780 3151 post
806 3064 878 3131 eius
906 3082 1080 3154 oceasum,
1110 3083 1237 3154 proau-

100 3170 189 3231 rante
207 3165 368 3254 Domino,
386 3163 538 3231 hostibus
561 3163 750 3252 debilitatis,
778 3161 853 3229 duoi
874 3165 1012 3232 viatoria
1028 3165 1235 3234 aeolarnatur.

98 3259 171 3349 lpse
189 3283 287 3353 vero,
308 3262 371 3330 Dei
389 3262 492 3330 fretus
511 3262 644 3353 auxilio,
663 3279 827 3331 eorreessa
846 3262 910 3329 sibi
929 3264 1080 3354 viatoria,
1104 3281 1182 3332 mox
1202 3266 1236 3330 in

99 3361 229 3430 nodurn
257 3379 383 3430 eorone
411 3363 550 3448 cingens
578 3361 695 3430 hostes
721 3363 838 3452 rietes,
866 3379 908 3428 no
928 3367 1058 3450 pateret
1074 3363 1122 3430 ais
1139 3363 1235 3430 loeus

99 3456 258 3552 fugiendi,
279 3463 376 3549 'oepit
402 3479 444 3528 ex
471 3463 518 3529 eis
546 3478 605 3528 eae
631 3462 699 3528 etl
725 3461 879 3528 rneliores
908 3467 941 3528 et
966 3462 1085 3551 olaroS,
1113 3461 1234 3528 divites

98 3565 128 3625 et
151 3566 325 3648 potentes.
353 3560 395 3626 Et
420 3565 560 3649 aoaepto
588 3559 629 3626 ab
656 3558 807 3627 omnibus
829 3561 1040 3628 strictissimo
1064 3569 1097 3627 et
1114 3577 1235 3627 saero-

98 3665 213 3728 sanoto
247 3663 453 3750 juramento,
491 3675 576 3746 quos
611 3677 654 3726 ex
686 3659 735 3724 eis
771 3659 902 3726 sinebat
928 3660 1035 3748 abire,
1071 3658 1157 3726 dans
1184 3660 1233 3726 eis

98 3754 180 3824 diern
215 3777 292 3825 ourn
325 3759 463 3826 terrnino
490 3749 668 3847 redeundi,
697 3755 860 3843 quosdam
886 3759 1032 3826 servavit
1057 3755 1233 3844 oompedi-

96 3860 162 3945 aas,
190 3857 280 3924 alios
309 3857 458 3947 solutoS,
484 3857 596 3946 plures
624 3858 719 3943 equis
745 3861 778 3923 et
801 3857 949 3925 ourribus
976 3857 1149 3944 impositos
1177 3855 1233 3923 di-

15 3983 16 3986 *
96 3956 179 4022 nisit
205 3958 243 4023 in
269 3960 389 4022 terrarn
415 3954 458 4024 ad
485 3961 594 4025 eastra
621 3963 654 4023 et
680 3954 722 4022 ad
749 3955 910 4045 ciuitates,
939 3953 1125 4022 servandas
1147 3973 1232 4043 pro-

95 4053 170 4137 priis
197 4055 235 4121 in
264 4055 433 4142 expensis.
469 4053 594 4140 Ungari
621 4056 779 4143 expensis
805 4056 839 4120 in
863 4053 969 4141 prelio
996 4055 1067 4121 suis
1093 4055 1232 4142 spinulis

98 4158 128 4218 et
152 4154 290 4238 sagittis
316 4157 440 4220 mature
464 4151 576 4239 lugarn
597 4153 753 4243 inierunt2
779 4158 813 4219 et
838 4170 910 4218 ourn
936 4171 1058 4238 magno
1086 4152 1237 4243 darnpno'

98 4256 127 4316 et
152 4250 326 4320 dedeoore
353 4250 396 4319 ad
422 4257 538 4321 terram
565 4254 729 4340 propriam
758 4249 934 4319 redierunt.
979 4251 1131 4322 Preterea
1158 4272 1231 4322 ounr
