3044 4882
458 231 598 278 ronxnnrs
618 231 824 280 vroroarrusrs.
859 231 885 299 n,
903 230 927 284 8.
1193 204 1262 275 377

128 374 243 460 partes
270 371 323 438 est
348 371 529 461 inventum,
556 375 593 439 ut
618 370 751 458 quidam
778 389 852 440 eum
881 373 1040 442 habuisse
1070 372 1137 443 duo
1164 373 1265 443 eorda
1281 383 1348 440 1313

127 488 170 538 ex
196 469 261 537 bae
287 471 492 558 experientia
517 465 746 540 testarentur1.

174 621 177 628 .
201 566 366 654 Regnavit
391 567 523 637 duobus
549 571 666 660 annis,
687 571 861 658 imperavit
884 570 1009 663 tribus,
1037 571 1099 641 sed
1125 591 1194 641 non
1221 574 1265 644 ad

125 665 272 756 plenum.
312 665 442 756 Corpus
469 669 542 736 eius
569 669 668 756 Pysis
695 667 859 760 defertur,
891 675 924 738 et
948 670 993 738 ibi
1018 669 1204 741 honorilice
1229 675 1265 742 in

125 765 274 854 pendulo
295 771 329 833 et
350 768 501 855 pretioso
519 766 705 836 conditorio
727 769 799 838 sive
819 769 1031 857 reeeptaoulo
1051 765 1265 841 collocuturi.

127 863 191 932 Hie
218 865 267 932 vir
291 866 366 953 pius
393 871 427 934 et
453 864 596 934 devotus
622 865 693 957 luit,
720 866 842 935 divinis
863 867 982 936 officiis
1000 867 1191 957 frequenter
1207 873 1265 938 in-

127 968 251 1053 tentus,
278 965 387 1032 animo
407 963 527 1055 audax,
554 967 814 1056 agilisoorpore,
841 966 940 1035 deum
957 969 1073 1059 timuit,
1101 969 1265 1038 ecelesias

126 1068 159 1130 et
185 1064 389 1131 monasteria
414 1063 540 1154 dilexit,
567 1065 883 1150 Bobenbergensem
911 1067 1089 1136 ecelesiam
1114 1071 1264 1138 maximis

126 1179 324 1255 oppressam
351 1161 473 1230 debitis
500 1163 670 1233 relevavit.
705 1163 767 1244 Qui
794 1164 937 1252 quadam
963 1167 1053 1257 vioe,
1081 1166 1158 1236 dum
1186 1170 1265 1256 qui-

126 1259 201 1330 dam
221 1260 393 1328 barbarius
412 1261 616 1349 depositioni
639 1263 741 1332 barbe
761 1281 822 1332 sue
835 1265 1015 1356 insisteret,
1043 1285 1174 1335 manum
1191 1269 1264 1336 eius

126 1361 233 1428 sensit
260 1361 397 1428 tremule
423 1379 461 1429 se
487 1368 682 1453 vertentem,
708 1367 745 1430 ut
770 1364 938 1432 novaoula
961 1382 1051 1451 pene
1075 1367 1264 1436 emanibus

125 1458 307 1548 laberetur,
344 1460 620 1548 apprehensaque
656 1479 755 1529 manu
789 1464 878 1530 eius:
905 1464 1026 1545 Cesso,
1053 1465 1116 1552 ait,
1144 1464 1263 1533 bonnm

125 1555 227 1624 ruebit
244 1557 377 1643 profert
400 1558 460 1626 beo
486 1561 660 1644 trepidatio
685 1577 802 1627 memo
826 1565 887 1631 tue.
923 1559 987 1641 Qui
1004 1564 1114 1630 statim
1136 1562 1263 1632 lassus:

124 1658 271 1744 peeunia
304 1675 341 1725 se
376 1666 581 1748 eorrnptum,
607 1665 645 1726 ut
669 1661 881 1746 extingueret
905 1661 1128 1729 innocentem.
1170 1662 1265 1750 Orati,

126 1757 243 1846 inquit,
270 1759 474 1826 commerui?
505 1757 542 1824 ln
570 1759 664 1826 ouius
691 1758 823 1828 arbitrio
850 1761 879 1827 si
905 1758 1025 1826 luisset
1051 1759 1265 1830 dissimulas-

126 1861 190 1945 set,
218 1859 251 1923 et
276 1856 409 1945 impium
434 1857 548 1924 vivere
574 1859 802 1948 permisisset,
829 1859 858 1926 si
884 1876 951 1927 non
979 1864 1069 1926 tanta
1096 1861 1265 1948 presentia

125 1953 297 2024 hominum
324 1957 496 2045 astitisset,
524 1957 630 2023 atrei
657 1957 893 2044 experientiam
919 1973 986 2024 non
1014 1959 1170 2046 cepisset.

203 2053 338 2142 Sponsa
364 2055 437 2123 eius
462 2053 643 2123 llatberina
667 2055 797 2123 habens
823 2057 858 2124 in
876 2058 1034 2125 comitatu
1051 2075 1114 2126 suo
1137 2057 1266 2126 loban-
1375 2089 1378 2092 ·

125 2168 204 2220 nem
238 2170 353 2238 regern
388 2153 547 2222 Bohemie
576 2153 783 2242 imperatoris
816 2155 917 2223 filium
950 2173 1024 2224 oum
1059 2158 1201 2225 maximo
1232 2161 1266 2225 et

125 2251 332 2320 electissimo
359 2257 531 2343 apparatu,
557 2257 594 2320 ut
618 2255 755 2322 intraret
778 2254 916 2344 ltaliam,
944 2254 987 2322 ad
1013 2255 1103 2324 littus
1123 2254 1206 2324 Reni
1230 2258 1266 2324 in

123 2351 294 2418 civitatem
321 2367 386 2438 que
413 2345 691 2421 Tiezzenhoven³
716 2352 834 2421 dieitur
859 2355 1020 2441 pervenit.
1063 2354 1126 2422 Ubi
1152 2355 1264 2424 audito

122 2449 259 2536 lugubri
293 2451 410 2518 nuntio
436 2468 523 2539 pene
550 2452 583 2518 in
609 2453 748 2520 meroris
774 2443 920 2540 pelago⁴
945 2451 1119 2521 submersa
1145 2451 1267 2522 suisset

122 2565 185 2638 pre
210 2550 311 2617 nimia
337 2549 447 2618 oordis
475 2552 653 2639 anxietate,
682 2552 746 2617 nisi
762 2548 967 2618 familiarium
985 2552 1056 2619 eius
1078 2553 1264 2621 consolatio

123 2647 352 2718 subvenisset.
385 2649 530 2738 Ipsaque
551 2650 585 2716 in
608 2649 673 2716 illis
694 2649 840 2738 partibus
866 2651 1027 2718 remansit
1052 2649 1095 2718 ad
1121 2655 1264 2742 tempus,

123 2746 257 2815 furtivis
285 2752 319 2814 et
344 2749 483 2817 seeretis
509 2747 654 2816 laorimis
681 2751 733 2816 sui
759 2750 876 2835 sponsi
900 2747 1025 2816 obitum
1042 2747 1189 2818 erebrius
1208 2748 1265 2817 di-

123 2848 210 2915 eitur
235 2845 434 2936 dellevisse,
462 2851 496 2915 et
521 2863 594 2914 oum
628 2853 732 2915 matre
760 2849 878 2932 regina
902 2847 1076 2916 Elizabetb
1102 2850 1264 2936 exequias

123 2947 201 3016 eius
227 2945 371 3013 maximo
398 2951 431 3014 et
455 2947 512 3034 pio
539 2944 649 3014 studio
675 2947 861 3034 peregisse.
892 2947 994 3014 Filius
1019 2948 1053 3014 in
1073 2947 1266 3016 Bohemiam

122 3048 181 3113 est
204 3061 379 3133 reversus,
415 3046 480 3113 oito
512 3046 617 3132 patris
644 3052 748 3113 morte
774 3047 808 3112 in
835 3045 1037 3114 oblivionem
1063 3045 1200 3137 tradita,
1228 3063 1266 3115 se

121 3144 225 3213 huius
252 3143 365 3211 mundi
390 3144 591 3212 vanitatibus
619 3144 841 3233 multiplieiter
865 3145 1056 3233 implicavit.
1095 3145 1267 3214 Treveross

122 3260 198 3312 rum
225 3242 500 3332 archiepiscopus
527 3243 568 3311 ab
595 3242 689 3310 ltalia
714 3261 783 3311 non
811 3243 884 3310 sine
913 3244 1070 3328 gravibus
1096 3244 1266 3313 laboribus

122 3349 162 3411 et
189 3339 436 3409 dillioultatibus
463 3359 537 3410 oum
563 3341 712 3430 pluribus
739 3341 783 3409 ad
810 3341 924 3410 sedem
951 3360 1046 3411 suam
1072 3342 1171 3411 rediit
1193 3361 1266 3412 oum

121 3441 284 3530 lamento,
313 3442 424 3510 omnia
449 3458 536 3529 pene
562 3445 661 3526 gesta
687 3440 796 3508 fratris
826 3442 860 3508 in
886 3441 1009 3528 palatio
1037 3459 1099 3510 suo
1128 3443 1267 3528 egregie

122 3547 162 3610 et
188 3539 400 3608 artifieialiter
431 3539 529 3608 valde
563 3531 740 3627 depinxit⁵.
782 3538 995 3627 Reliquorum
1025 3539 1158 3628 quidam
1185 3558 1268 3628 per-

120 3638 328 3730 manebant,
355 3640 585 3728 imperatorem
612 3639 729 3730 alium,
758 3640 811 3708 oui
836 3639 900 3708 iam
925 3643 1041 3728 parata
1067 3640 1123 3707 ria
1149 3638 1266 3729 luerat,

159 3847 195 3913 1)
214 3847 257 3901 die
282 3846 439 3915 angebb'eho
464 3846 771 3914 vergibungsgesobiebte
794 3849 828 3901 ist
850 3845 949 3902 bereits
975 3845 1044 3900 oben
1072 3847 1139 3901 seito
1165 3847 1198 3899 te
1216 3845 1270 3899 und

121 3917 182 3972 104
199 3915 319 3970 erwdbnt
336 3917 455 3970 worden.
491 3915 554 3970 Was
569 3915 720 3972 Albertinus
737 3915 868 3970 Mussatus
885 3930 927 3970 am
944 3915 1061 3969 sublusse
1084 3917 1173 3968 seiner
1191 3913 1271 3968 Gesta

121 3985 247 4040 Heianei
271 3983 336 4037 iiber
358 3983 399 4037 die
423 3981 610 4038 todesursaobe
634 3985 680 4039 des
698 3985 799 4037 kaisers
818 3988 890 4050 sagi,
908 3983 975 4036 wird
992 3982 1062 4037 wobl
1083 3983 1124 4037 die
1143 3983 1270 4046 wabrbeit

121 4053 196 4108 sein.
249 4051 281 4116 2)
298 4052 380 4119 vergi.
399 4051 467 4105 oben
485 4054 553 4105 seito
570 4054 604 4105 145
623 4053 665 4106 die
688 4057 750 4105 note
768 4053 822 4106 und
840 4051 888 4104 ltul
906 4051 992 4118 Borgo
1012 4051 1123 4120 Diplomi
1142 4049 1228 4103 Pisani
1246 4051 1270 4104 2.

121 4123 159 4186 3)
180 4121 374 4174 Diessenboien
393 4135 434 4175 am
450 4121 534 4174 llbein
552 4121 686 4175 zwisaben
705 4120 836 4176 Constanz
859 4119 912 4174 uod
930 4119 1125 4174 Sobadbausen.
1169 4120 1200 4181 t)
1219 4132 1270 4187 pe-

120 4191 204 4256 lagus
221 4188 259 4242 lrs.
304 4189 336 4255 5)
355 4187 540 4255 Zeiehnungen
565 4186 704 4244 desselben
728 4189 924 4256 gegenstandes
942 4202 988 4241 aus
1006 4191 1081 4241 iener
1098 4188 1148 4240 zeit
1166 4187 1226 4240 sind
1242 4192 1270 4241 in

121 4260 218 4314 eidem
234 4259 297 4312 ietzt
314 4259 349 4312 im
365 4257 533 4313 Tneriseben
554 4257 642 4312 arebir
660 4273 691 4312 zu
713 4255 830 4312 Coblenz
847 4255 1024 4311 belmdlioben
1042 4257 1127 4311 codex
1145 4254 1270 4310 erlalten.
