<?xml version="1.0" encoding="UTF-8"?>
<!DOCTYPE html PUBLIC "-//W3C//DTD XHTML 1.0 Transitional//EN"
    "http://www.w3.org/TR/xhtml1/DTD/xhtml1-transitional.dtd">
<html xmlns="http://www.w3.org/1999/xhtml" xml:lang="en" lang="en">
 <head>
  <title>
</title>
<meta http-equiv="Content-Type" content="text/html;charset=utf-8" />
  <meta name='ocr-system' content='tesseract 3.04.00' />
  <meta name='ocr-capabilities' content='ocr_page ocr_carea ocr_par ocr_line ocrx_word'/>
</head>
<body>
  <div class='ocr_page' id='page_1' title='image "./fontesrerumgerm02hubegoog_0107.png"; bbox 0 0 3052 4878; ppageno 0'>
   <div class='ocr_carea' id='block_1_1' title="bbox 278 157 1100 232">
    <p class='ocr_par' dir='ltr' id='par_1_1' title="bbox 278 157 1100 232">
     <span class='ocr_line' id='line_1_1' title="bbox 278 157 1100 232; baseline 0.002 -4"><span class='ocrx_word' id='word_1_1' title='bbox 278 157 324 228; x_wconf 82' lang='lat'><strong>62</strong></span> <span class='ocrx_word' id='word_1_2' title='bbox 590 185 733 231; x_wconf 81' lang='lat' dir='ltr'><strong>canonum</strong></span> <span class='ocrx_word' id='word_1_3' title='bbox 755 185 792 230; x_wconf 84' lang='lat' dir='ltr'><strong>or</strong></span> <span class='ocrx_word' id='word_1_4' title='bbox 814 185 912 231; x_wconf 82' lang='lat' dir='ltr'><strong>ausus</strong></span> <span class='ocrx_word' id='word_1_5' title='bbox 933 187 1100 232; x_wconf 80' lang='lat' dir='ltr'><strong>ramorum</strong></span> 
     </span>
    </p>
   </div>
   <div class='ocr_carea' id='block_1_2' title="bbox 164 321 1522 4265">
    <p class='ocr_par' dir='ltr' id='par_1_2' title="bbox 195 321 1416 1700">
     <span class='ocr_line' id='line_1_2' title="bbox 195 321 1411 416; baseline -0.012 -14"><span class='ocrx_word' id='word_1_6' title='bbox 195 345 261 402; x_wconf 80' lang='lat'>1322</span> <span class='ocrx_word' id='word_1_7' title='bbox 278 324 453 416; x_wconf 87' lang='lat' dir='ltr'><strong>probitatis</strong></span> <span class='ocrx_word' id='word_1_8' title='bbox 461 375 472 414; x_wconf 88' lang='lat'><strong>,</strong></span> <span class='ocrx_word' id='word_1_9' title='bbox 499 325 604 392; x_wconf 92' lang='lat' dir='ltr'><strong>virum</strong></span> <span class='ocrx_word' id='word_1_10' title='bbox 629 324 834 392; x_wconf 87' lang='lat' dir='ltr'><strong>bellicosum.</strong></span> <span class='ocrx_word' id='word_1_11' title='bbox 868 323 931 392; x_wconf 92' lang='lat' dir='ltr'><strong>llic</strong></span> <span class='ocrx_word' id='word_1_12' title='bbox 955 326 1044 412; x_wconf 89' lang='lat' dir='ltr'><strong>cepit</strong></span> <span class='ocrx_word' id='word_1_13' title='bbox 1067 323 1266 393; x_wconf 82' lang='lat' dir='ltr'><strong>Fridoricum</strong></span> <span class='ocrx_word' id='word_1_14' title='bbox 1294 321 1411 389; x_wconf 86' lang='lat' dir='ltr'><strong>ducem</strong></span> 
     </span>
     <span class='ocr_line' id='line_1_3' title="bbox 284 421 1413 514; baseline -0.007 -20"><span class='ocrx_word' id='word_1_15' title='bbox 284 422 419 494; x_wconf 89' lang='lat' dir='ltr'><strong>Austrie</strong></span> <span class='ocrx_word' id='word_1_16' title='bbox 446 428 480 489; x_wconf 91' lang='lat' dir='ltr'><strong>et</strong></span> <span class='ocrx_word' id='word_1_17' title='bbox 505 421 636 491; x_wconf 81' lang='lat' dir='ltr'><strong>tratrem</strong></span> <span class='ocrx_word' id='word_1_18' title='bbox 661 424 733 491; x_wconf 91' lang='lat' dir='ltr'><strong>eius</strong></span> <span class='ocrx_word' id='word_1_19' title='bbox 759 422 949 490; x_wconf 89' lang='lat' dir='ltr'><strong>Heinricum</strong></span> <span class='ocrx_word' id='word_1_20' title='bbox 974 425 1008 492; x_wconf 95' lang='lat' dir='ltr'><strong>in</strong></span> <span class='ocrx_word' id='word_1_21' title='bbox 1032 424 1149 514; x_wconf 93' lang='lat' dir='ltr'><strong>prelio,</strong></span> <span class='ocrx_word' id='word_1_22' title='bbox 1175 424 1335 509; x_wconf 89' lang='lat' dir='ltr'><strong>ignorans</strong></span> <span class='ocrx_word' id='word_1_23' title='bbox 1357 421 1413 508; x_wconf 80' lang='lat' dir='ltr'><strong>qui</strong></span> 
     </span>
     <span class='ocr_line' id='line_1_4' title="bbox 285 520 1413 612; baseline -0.006 -18"><span class='ocrx_word' id='word_1_24' title='bbox 285 528 410 594; x_wconf 88' lang='lat' dir='ltr'><strong>essent</strong></span> <span class='ocrx_word' id='word_1_25' title='bbox 443 520 525 589; x_wconf 87' lang='lat' dir='ltr'><strong>Cum</strong></span> <span class='ocrx_word' id='word_1_26' title='bbox 550 529 659 590; x_wconf 91' lang='lat' dir='ltr'><strong>autem</strong></span> <span class='ocrx_word' id='word_1_27' title='bbox 685 539 745 590; x_wconf 90' lang='lat' dir='ltr'><strong>eos</strong></span> <span class='ocrx_word' id='word_1_28' title='bbox 770 527 891 609; x_wconf 89' lang='lat' dir='ltr'><strong>postea</strong></span> <span class='ocrx_word' id='word_1_29' title='bbox 919 523 1146 612; x_wconf 75' lang='lat' dir='ltr'><strong>cognovisset,</strong></span> <span class='ocrx_word' id='word_1_30' title='bbox 1174 523 1326 607; x_wconf 80' lang='lat' dir='ltr'><strong>assignat</strong></span> <span class='ocrx_word' id='word_1_31' title='bbox 1350 535 1413 588; x_wconf 88' lang='lat' dir='ltr'><strong>eos</strong></span> 
     </span>
     <span class='ocr_line' id='line_1_5' title="bbox 282 620 1414 711; baseline -0.007 -18"><span class='ocrx_word' id='word_1_32' title='bbox 282 622 416 693; x_wconf 93' lang='lat' dir='ltr'><strong>domino</strong></span> <span class='ocrx_word' id='word_1_33' title='bbox 442 639 505 690; x_wconf 92' lang='lat' dir='ltr'><strong>suo</strong></span> <span class='ocrx_word' id='word_1_34' title='bbox 532 621 746 711; x_wconf 86' lang='lat' dir='ltr'><strong>Purlrgravio,</strong></span> <span class='ocrx_word' id='word_1_35' title='bbox 772 620 827 689; x_wconf 88' lang='lat' dir='ltr'><strong>illa</strong></span> <span class='ocrx_word' id='word_1_36' title='bbox 854 627 963 689; x_wconf 91' lang='lat' dir='ltr'><strong>autern</strong></span> <span class='ocrx_word' id='word_1_37' title='bbox 985 623 1058 708; x_wconf 88' lang='lat' dir='ltr'><strong>regi</strong></span> <span class='ocrx_word' id='word_1_38' title='bbox 1077 620 1236 689; x_wconf 88' lang='lat' dir='ltr'><strong>Ludwico</strong></span> <span class='ocrx_word' id='word_1_39' title='bbox 1258 637 1332 686; x_wconf 90' lang='lat' dir='ltr'><strong>cum</strong></span> <span class='ocrx_word' id='word_1_40' title='bbox 1354 637 1414 686; x_wconf 89' lang='lat' dir='ltr'><strong>re-</strong></span> 
     </span>
     <span class='ocr_line' id='line_1_6' title="bbox 281 717 1413 808; baseline -0.007 -16"><span class='ocrx_word' id='word_1_41' title='bbox 281 722 430 792; x_wconf 88' lang='lat' dir='ltr'><strong>verantia</strong></span> <span class='ocrx_word' id='word_1_42' title='bbox 455 722 669 808; x_wconf 75' lang='lat' dir='ltr'><strong>presentavit.</strong></span> <span class='ocrx_word' id='word_1_43' title='bbox 696 718 759 800; x_wconf 89' lang='lat' dir='ltr'><strong>Qui</strong></span> <span class='ocrx_word' id='word_1_44' title='bbox 785 738 857 788; x_wconf 93' lang='lat' dir='ltr'><strong>cum</strong></span> <span class='ocrx_word' id='word_1_45' title='bbox 883 721 1057 788; x_wconf 88' lang='lat' dir='ltr'><strong>venissent</strong></span> <span class='ocrx_word' id='word_1_46' title='bbox 1083 737 1194 788; x_wconf 90' lang='lat' dir='ltr'><strong>coram</strong></span> <span class='ocrx_word' id='word_1_47' title='bbox 1219 735 1300 805; x_wconf 88' lang='lat' dir='ltr'><strong>rege</strong></span> <span class='ocrx_word' id='word_1_48' title='bbox 1326 717 1413 786; x_wconf 90' lang='lat' dir='ltr'><strong>ilen-</strong></span> 
     </span>
     <span class='ocr_line' id='line_1_7' title="bbox 280 819 1415 910; baseline -0.006 -20"><span class='ocrx_word' id='word_1_49' title='bbox 280 826 333 890; x_wconf 90' lang='lat' dir='ltr'><strong>tes</strong></span> <span class='ocrx_word' id='word_1_50' title='bbox 350 825 384 889; x_wconf 90' lang='lat' dir='ltr'><strong>et</strong></span> <span class='ocrx_word' id='word_1_51' title='bbox 403 819 576 910; x_wconf 88' lang='lat' dir='ltr'><strong>eiulantes,</strong></span> <span class='ocrx_word' id='word_1_52' title='bbox 604 825 800 887; x_wconf 81' lang='lat' dir='ltr'><strong>coemerunt</strong></span> <span class='ocrx_word' id='word_1_53' title='bbox 822 837 932 888; x_wconf 86' lang='lat' dir='ltr'><strong>corum</strong></span> <span class='ocrx_word' id='word_1_54' title='bbox 963 836 1003 887; x_wconf 90' lang='lat' dir='ltr'><strong>eo</strong></span> <span class='ocrx_word' id='word_1_55' title='bbox 1024 819 1197 887; x_wconf 83' lang='lat' dir='ltr'><strong>infaciem</strong></span> <span class='ocrx_word' id='word_1_56' title='bbox 1222 833 1322 906; x_wconf 91' lang='lat' dir='ltr'><strong>super</strong></span> <span class='ocrx_word' id='word_1_57' title='bbox 1340 822 1415 884; x_wconf 86' lang='lat' dir='ltr'><strong>ter-</strong></span> 
     </span>
     <span class='ocr_line' id='line_1_8' title="bbox 280 915 1414 1009; baseline -0.006 -21"><span class='ocrx_word' id='word_1_58' title='bbox 280 937 359 1009; x_wconf 89' lang='lat' dir='ltr'><strong>ram,</strong></span> <span class='ocrx_word' id='word_1_59' title='bbox 381 919 541 986; x_wconf 87' lang='lat' dir='ltr'><strong>timentes</strong></span> <span class='ocrx_word' id='word_1_60' title='bbox 568 935 605 986; x_wconf 87' lang='lat' dir='ltr'><strong>se</strong></span> <span class='ocrx_word' id='word_1_61' title='bbox 632 919 816 986; x_wconf 85' lang='lat' dir='ltr'><strong>occisuros.</strong></span> <span class='ocrx_word' id='word_1_62' title='bbox 841 917 913 987; x_wconf 87' lang='lat' dir='ltr'><strong>Rex</strong></span> <span class='ocrx_word' id='word_1_63' title='bbox 931 935 1013 986; x_wconf 90' lang='lat' dir='ltr'><strong>vero</strong></span> <span class='ocrx_word' id='word_1_64' title='bbox 1041 936 1124 1004; x_wconf 89' lang='lat' dir='ltr'><strong>erga</strong></span> <span class='ocrx_word' id='word_1_65' title='bbox 1147 935 1208 986; x_wconf 88' lang='lat' dir='ltr'><strong>eos</strong></span> <span class='ocrx_word' id='word_1_66' title='bbox 1225 917 1320 1002; x_wconf 84' lang='lat' dir='ltr'><strong>regia</strong></span> <span class='ocrx_word' id='word_1_67' title='bbox 1337 915 1414 982; x_wconf 90' lang='lat' dir='ltr'><strong>cle-</strong></span> 
     </span>
     <span class='ocr_line' id='line_1_9' title="bbox 278 1015 1414 1105; baseline -0.007 -18"><span class='ocrx_word' id='word_1_68' title='bbox 278 1019 402 1086; x_wconf 82' lang='lat' dir='ltr'><strong>mentia</strong></span> <span class='ocrx_word' id='word_1_69' title='bbox 428 1016 592 1105; x_wconf 89' lang='lat' dir='ltr'><strong>utebatur,</strong></span> <span class='ocrx_word' id='word_1_70' title='bbox 620 1017 697 1102; x_wconf 89' lang='lat' dir='ltr'><strong>quia</strong></span> <span class='ocrx_word' id='word_1_71' title='bbox 723 1017 899 1085; x_wconf 89' lang='lat' dir='ltr'><strong>clementia</strong></span> <span class='ocrx_word' id='word_1_72' title='bbox 917 1016 1015 1085; x_wconf 90' lang='lat' dir='ltr'><strong>decet</strong></span> <span class='ocrx_word' id='word_1_73' title='bbox 1037 1033 1168 1103; x_wconf 85' lang='lat' dir='ltr'><strong>regem:</strong></span> <span class='ocrx_word' id='word_1_74' title='bbox 1194 1015 1332 1101; x_wconf 80' lang='lat' dir='ltr'><strong>Svrptte,</strong></span> <span class='ocrx_word' id='word_1_75' title='bbox 1355 1016 1414 1080; x_wconf 92' lang='lat' dir='ltr'><strong>in-</strong></span> 
     </span>
     <span class='ocr_line' id='line_1_10' title="bbox 280 1111 1415 1208; baseline -0.005 -24"><span class='ocrx_word' id='word_1_76' title='bbox 280 1119 359 1208; x_wconf 89' lang='lat' dir='ltr'><strong>quit,</strong></span> <span class='ocrx_word' id='word_1_77' title='bbox 386 1115 545 1199; x_wconf 74' lang='lat' dir='ltr'><strong>confidite,</strong></span> <span class='ocrx_word' id='word_1_78' title='bbox 571 1131 637 1182; x_wconf 84' lang='lat' dir='ltr'><strong>non</strong></span> <span class='ocrx_word' id='word_1_79' title='bbox 660 1117 841 1182; x_wconf 75' lang='lat' dir='ltr'><strong>moriemini</strong></span> <span class='ocrx_word' id='word_1_80' title='bbox 865 1115 931 1183; x_wconf 83' lang='lat' dir='ltr'><strong>isto</strong></span> <span class='ocrx_word' id='word_1_81' title='bbox 955 1116 1034 1199; x_wconf 81' lang='lat' dir='ltr'><strong>cicc,</strong></span> <span class='ocrx_word' id='word_1_82' title='bbox 1061 1117 1123 1183; x_wconf 84' lang='lat' dir='ltr'><strong>sed</strong></span> <span class='ocrx_word' id='word_1_83' title='bbox 1137 1131 1196 1183; x_wconf 85' lang='lat' dir='ltr'><strong>nos</strong></span> <span class='ocrx_word' id='word_1_84' title='bbox 1211 1111 1415 1181; x_wconf 81' lang='lat' dir='ltr'><strong>conservabo</strong></span> 
     </span>
     <span class='ocr_line' id='line_1_11' title="bbox 279 1213 1415 1302; baseline -0.002 -20"><span class='ocrx_word' id='word_1_85' title='bbox 279 1232 446 1302; x_wconf 82' lang='lat' dir='ltr'><strong>quousque</strong></span> <span class='ocrx_word' id='word_1_86' title='bbox 470 1214 545 1281; x_wconf 78' lang='lat' dir='ltr'><strong>inde</strong></span> <span class='ocrx_word' id='word_1_87' title='bbox 570 1215 612 1280; x_wconf 86' lang='lat' dir='ltr'><strong>de</strong></span> <span class='ocrx_word' id='word_1_88' title='bbox 635 1213 725 1280; x_wconf 81' lang='lat' dir='ltr'><strong>cobis</strong></span> <span class='ocrx_word' id='word_1_89' title='bbox 750 1215 896 1296; x_wconf 64' lang='lat' dir='ltr'><strong>emtam.</strong></span> <span class='ocrx_word' id='word_1_90' title='bbox 922 1213 963 1281; x_wconf 81' lang='lat' dir='ltr'><strong>nt</strong></span> <span class='ocrx_word' id='word_1_91' title='bbox 977 1231 1046 1282; x_wconf 95' lang='lat' dir='ltr'><strong>non</strong></span> <span class='ocrx_word' id='word_1_92' title='bbox 1064 1215 1168 1300; x_wconf 90' lang='lat' dir='ltr'><strong>longe</strong></span> <span class='ocrx_word' id='word_1_93' title='bbox 1192 1219 1271 1301; x_wconf 92' lang='lat' dir='ltr'><strong>post</strong></span> <span class='ocrx_word' id='word_1_94' title='bbox 1287 1215 1415 1280; x_wconf 82' lang='lat' dir='ltr'><strong>timen-</strong></span> 
     </span>
     <span class='ocr_line' id='line_1_12' title="bbox 280 1311 1415 1406; baseline -0.004 -22"><span class='ocrx_word' id='word_1_95' title='bbox 280 1323 332 1384; x_wconf 86' lang='lat' dir='ltr'><strong>tes</strong></span> <span class='ocrx_word' id='word_1_96' title='bbox 359 1331 402 1380; x_wconf 91' lang='lat' dir='ltr'><strong>ne</strong></span> <span class='ocrx_word' id='word_1_97' title='bbox 429 1311 496 1380; x_wconf 92' lang='lat' dir='ltr'><strong>dux</strong></span> <span class='ocrx_word' id='word_1_98' title='bbox 521 1311 717 1399; x_wconf 90' lang='lat' dir='ltr'><strong>Leupoldus</strong></span> <span class='ocrx_word' id='word_1_99' title='bbox 741 1317 820 1400; x_wconf 90' lang='lat' dir='ltr'><strong>post</strong></span> <span class='ocrx_word' id='word_1_100' title='bbox 845 1313 977 1402; x_wconf 85' lang='lat' dir='ltr'><strong>bellum,</strong></span> <span class='ocrx_word' id='word_1_101' title='bbox 1004 1315 1107 1381; x_wconf 88' lang='lat' dir='ltr'><strong>irruat</strong></span> <span class='ocrx_word' id='word_1_102' title='bbox 1127 1329 1229 1406; x_wconf 91' lang='lat' dir='ltr'><strong>super</strong></span> <span class='ocrx_word' id='word_1_103' title='bbox 1255 1327 1325 1401; x_wconf 88' lang='lat' dir='ltr'><strong>eos,</strong></span> <span class='ocrx_word' id='word_1_104' title='bbox 1354 1328 1415 1379; x_wconf 91' lang='lat' dir='ltr'><strong>re-</strong></span> 
     </span>
     <span class='ocr_line' id='line_1_13' title="bbox 280 1409 1415 1500; baseline -0.004 -19"><span class='ocrx_word' id='word_1_105' title='bbox 280 1417 457 1482; x_wconf 87' lang='lat' dir='ltr'><strong>cessemnt</strong></span> <span class='ocrx_word' id='word_1_106' title='bbox 488 1411 531 1480; x_wconf 88' lang='lat' dir='ltr'><strong>de</strong></span> <span class='ocrx_word' id='word_1_107' title='bbox 563 1412 641 1480; x_wconf 92' lang='lat' dir='ltr'><strong>loco</strong></span> <span class='ocrx_word' id='word_1_108' title='bbox 675 1409 829 1478; x_wconf 91' lang='lat' dir='ltr'><strong>abductis</strong></span> <span class='ocrx_word' id='word_1_109' title='bbox 861 1414 1011 1499; x_wconf 88' lang='lat' dir='ltr'><strong>captivis.</strong></span> <span class='ocrx_word' id='word_1_110' title='bbox 1055 1411 1192 1500; x_wconf 85' lang='lat' dir='ltr'><strong>Propter</strong></span> <span class='ocrx_word' id='word_1_111' title='bbox 1225 1412 1415 1479; x_wconf 86' lang='lat' dir='ltr'><strong>cautionem</strong></span> 
     </span>
     <span class='ocr_line' id='line_1_14' title="bbox 280 1506 1416 1600; baseline -0.003 -21"><span class='ocrx_word' id='word_1_112' title='bbox 280 1517 482 1600; x_wconf 87' lang='lat' dir='ltr'><strong>receperunt</strong></span> <span class='ocrx_word' id='word_1_113' title='bbox 506 1527 545 1578; x_wconf 90' lang='lat' dir='ltr'><strong>se</strong></span> <span class='ocrx_word' id='word_1_114' title='bbox 571 1511 604 1577; x_wconf 95' lang='lat' dir='ltr'><strong>in</strong></span> <span class='ocrx_word' id='word_1_115' title='bbox 631 1506 790 1596; x_wconf 88' lang='lat' dir='ltr'><strong>Oettinga</strong></span> <span class='ocrx_word' id='word_1_116' title='bbox 815 1512 965 1598; x_wconf 90' lang='lat' dir='ltr'><strong>proxima</strong></span> <span class='ocrx_word' id='word_1_117' title='bbox 990 1511 1122 1578; x_wconf 89' lang='lat' dir='ltr'><strong>civitate</strong></span> <span class='ocrx_word' id='word_1_118' title='bbox 1148 1515 1264 1578; x_wconf 90' lang='lat' dir='ltr'><strong>contra</strong></span> <span class='ocrx_word' id='word_1_119' title='bbox 1289 1525 1416 1577; x_wconf 90' lang='lat' dir='ltr'><strong>morem</strong></span> 
     </span>
     <span class='ocr_line' id='line_1_15' title="bbox 280 1607 1415 1700; baseline -0.004 -21"><span class='ocrx_word' id='word_1_120' title='bbox 280 1611 491 1700; x_wconf 88' lang='lat' dir='ltr'><strong>bellantium,</strong></span> <span class='ocrx_word' id='word_1_121' title='bbox 524 1612 670 1678; x_wconf 90' lang='lat' dir='ltr'><strong>victores</strong></span> <span class='ocrx_word' id='word_1_122' title='bbox 697 1611 784 1677; x_wconf 91' lang='lat' dir='ltr'><strong>enirn</strong></span> <span class='ocrx_word' id='word_1_123' title='bbox 816 1607 1000 1678; x_wconf 81' lang='lat' dir='ltr'><strong>debuerant</strong></span> <span class='ocrx_word' id='word_1_124' title='bbox 1024 1609 1070 1677; x_wconf 90' lang='lat' dir='ltr'><strong>ibi</strong></span> <span class='ocrx_word' id='word_1_125' title='bbox 1095 1625 1155 1698; x_wconf 90' lang='lat' dir='ltr'><strong>per</strong></span> <span class='ocrx_word' id='word_1_126' title='bbox 1180 1608 1321 1677; x_wconf 90' lang='lat' dir='ltr'><strong>triduum</strong></span> <span class='ocrx_word' id='word_1_127' title='bbox 1348 1626 1415 1675; x_wconf 89' lang='lat' dir='ltr'><strong>ex-</strong></span> 
     </span>
    </p>

    <p class='ocr_par' dir='ltr' id='par_1_3' title="bbox 204 1705 1415 1800">
     <span class='ocr_line' id='line_1_16' title="bbox 204 1705 1415 1800; baseline -0.007 -19"><span class='ocrx_word' id='word_1_128' title='bbox 204 1741 263 1782; x_wconf 76' lang='lat' dir='ltr'><strong>ocr.</strong></span> <span class='ocrx_word' id='word_1_129' title='bbox 280 1716 447 1800; x_wconf 84' lang='lat' dir='ltr'><strong>poetasse.</strong></span> <span class='ocrx_word' id='word_1_130' title='bbox 471 1708 602 1777; x_wconf 89' lang='lat' dir='ltr'><strong>Deinde</strong></span> <span class='ocrx_word' id='word_1_131' title='bbox 628 1707 768 1796; x_wconf 86' lang='lat' dir='ltr'><strong>protecti</strong></span> <span class='ocrx_word' id='word_1_132' title='bbox 793 1713 871 1775; x_wconf 92' lang='lat' dir='ltr'><strong>sunt</strong></span> <span class='ocrx_word' id='word_1_133' title='bbox 894 1707 1120 1796; x_wconf 88' lang='lat' dir='ltr'><strong>Ratisponam.</strong></span> <span class='ocrx_word' id='word_1_134' title='bbox 1146 1708 1209 1776; x_wconf 89' lang='lat' dir='ltr'><strong>Ubi</strong></span> <span class='ocrx_word' id='word_1_135' title='bbox 1229 1726 1288 1776; x_wconf 89' lang='lat' dir='ltr'><strong>rex</strong></span> <span class='ocrx_word' id='word_1_136' title='bbox 1304 1705 1415 1774; x_wconf 89' lang='lat' dir='ltr'><strong>Hein-</strong></span> 
     </span>
    </p>

    <p class='ocr_par' dir='ltr' id='par_1_4' title="bbox 164 1795 1520 2271">
     <span class='ocr_line' id='line_1_17' title="bbox 227 1795 1413 1893; baseline -0.003 -17"><span class='ocrx_word' id='word_1_137' title='bbox 227 1795 240 1848; x_wconf 79' lang='lat'><strong>¹</strong></span> <span class='ocrx_word' id='word_1_138' title='bbox 280 1811 347 1877; x_wconf 90' lang='lat' dir='ltr'><strong>rico</strong></span> <span class='ocrx_word' id='word_1_139' title='bbox 381 1806 456 1875; x_wconf 92' lang='lat' dir='ltr'><strong>duci</strong></span> <span class='ocrx_word' id='word_1_140' title='bbox 482 1807 633 1875; x_wconf 86' lang='lat' dir='ltr'><strong>Bawarie</strong></span> <span class='ocrx_word' id='word_1_141' title='bbox 667 1805 829 1893; x_wconf 87' lang='lat' dir='ltr'><strong>quosdam</strong></span> <span class='ocrx_word' id='word_1_142' title='bbox 859 1806 901 1875; x_wconf 92' lang='lat' dir='ltr'><strong>de</strong></span> <span class='ocrx_word' id='word_1_143' title='bbox 927 1807 1117 1876; x_wconf 91' lang='lat' dir='ltr'><strong>melioribus</strong></span> <span class='ocrx_word' id='word_1_144' title='bbox 1143 1805 1413 1875; x_wconf 89' lang='lat' dir='ltr'><strong>ministerialibus</strong></span> 
     </span>
     <span class='ocr_line' id='line_1_18' title="bbox 279 1903 1415 1995; baseline -0.004 -20"><span class='ocrx_word' id='word_1_145' title='bbox 279 1904 411 1975; x_wconf 89' lang='lat' dir='ltr'><strong>Austrie</strong></span> <span class='ocrx_word' id='word_1_146' title='bbox 438 1905 530 1974; x_wconf 87' lang='lat' dir='ltr'><strong>dedit</strong></span> <span class='ocrx_word' id='word_1_147' title='bbox 553 1923 614 1993; x_wconf 94' lang='lat' dir='ltr'><strong>pro</strong></span> <span class='ocrx_word' id='word_1_148' title='bbox 641 1906 788 1995; x_wconf 91' lang='lat' dir='ltr'><strong>servitio,</strong></span> <span class='ocrx_word' id='word_1_149' title='bbox 816 1924 836 1972; x_wconf 91' lang='lat' dir='ltr'><strong>a</strong></span> <span class='ocrx_word' id='word_1_150' title='bbox 861 1907 980 1992; x_wconf 87' lang='lat' dir='ltr'><strong>quibus</strong></span> <span class='ocrx_word' id='word_1_151' title='bbox 1008 1906 1072 1975; x_wconf 85' lang='lat' dir='ltr'><strong>ide</strong></span> <span class='ocrx_word' id='word_1_152' title='bbox 1097 1911 1235 1994; x_wconf 87' lang='lat' dir='ltr'><strong>accepta</strong></span> <span class='ocrx_word' id='word_1_153' title='bbox 1254 1903 1345 1972; x_wconf 91' lang='lat' dir='ltr'><strong>dedit</strong></span> <span class='ocrx_word' id='word_1_154' title='bbox 1364 1904 1415 1971; x_wconf 91' lang='lat' dir='ltr'><strong>eis</strong></span> 
     </span>
     <span class='ocr_line' id='line_1_19' title="bbox 280 2002 1414 2093; baseline -0.003 -20"><span class='ocrx_word' id='word_1_155' title='bbox 280 2005 366 2073; x_wconf 89' lang='lat' dir='ltr'><strong>diem</strong></span> <span class='ocrx_word' id='word_1_156' title='bbox 392 2022 465 2072; x_wconf 92' lang='lat' dir='ltr'><strong>cum</strong></span> <span class='ocrx_word' id='word_1_157' title='bbox 492 2006 629 2072; x_wconf 89' lang='lat' dir='ltr'><strong>termino</strong></span> <span class='ocrx_word' id='word_1_158' title='bbox 657 2003 828 2093; x_wconf 90' lang='lat' dir='ltr'><strong>redeundi,</strong></span> <span class='ocrx_word' id='word_1_159' title='bbox 856 2004 918 2073; x_wconf 91' lang='lat' dir='ltr'><strong>sed</strong></span> <span class='ocrx_word' id='word_1_160' title='bbox 944 2024 1017 2074; x_wconf 92' lang='lat' dir='ltr'><strong>cum</strong></span> <span class='ocrx_word' id='word_1_161' title='bbox 1044 2004 1228 2093; x_wconf 85' lang='lat' dir='ltr'><strong>aquodam</strong></span> <span class='ocrx_word' id='word_1_162' title='bbox 1253 2003 1342 2072; x_wconf 90' lang='lat' dir='ltr'><strong>dicto</strong></span> <span class='ocrx_word' id='word_1_163' title='bbox 1370 2002 1414 2071; x_wconf 93' lang='lat' dir='ltr'><strong>de</strong></span> 
     </span>
     <span class='ocr_line' id='line_1_20' title="bbox 280 2102 1519 2194; baseline -0.002 -23"><span class='ocrx_word' id='word_1_164' title='bbox 280 2103 397 2172; x_wconf 88' lang='lat' dir='ltr'><strong>Walse</strong></span> <span class='ocrx_word' id='word_1_165' title='bbox 423 2105 553 2170; x_wconf 90' lang='lat' dir='ltr'><strong>nimiam</strong></span> <span class='ocrx_word' id='word_1_166' title='bbox 582 2105 753 2189; x_wconf 85' lang='lat' dir='ltr'><strong>exegisset</strong></span> <span class='ocrx_word' id='word_1_167' title='bbox 776 2106 968 2194; x_wconf 87' lang='lat' dir='ltr'><strong>pecuniam,</strong></span> <span class='ocrx_word' id='word_1_168' title='bbox 994 2105 1120 2175; x_wconf 89' lang='lat' dir='ltr'><strong>violata</strong></span> <span class='ocrx_word' id='word_1_169' title='bbox 1145 2102 1210 2173; x_wconf 91' lang='lat' dir='ltr'><strong>lide</strong></span> <span class='ocrx_word' id='word_1_170' title='bbox 1237 2105 1310 2172; x_wconf 89' lang='lat' dir='ltr'><strong>sine</strong></span> <span class='ocrx_word' id='word_1_171' title='bbox 1338 2103 1411 2170; x_wconf 90' lang='lat' dir='ltr'><strong>eius</strong></span> <span class='ocrx_word' id='word_1_172' title='bbox 1517 2105 1519 2188; x_wconf 78' lang='lat'><strong>,³</strong></span> 
     </span>
     <span class='ocr_line' id='line_1_21' title="bbox 164 2189 1520 2271; baseline -0.001 0"><span class='ocrx_word' id='word_1_173' title='bbox 164 2215 169 2222; x_wconf 83' lang='lat'>·</span> <span class='ocrx_word' id='word_1_174' title='bbox 281 2202 414 2270; x_wconf 87' lang='lat' dir='ltr'><strong>licentia</strong></span> <span class='ocrx_word' id='word_1_175' title='bbox 440 2201 523 2268; x_wconf 91' lang='lat' dir='ltr'><strong>clam</strong></span> <span class='ocrx_word' id='word_1_176' title='bbox 550 2200 666 2268; x_wconf 93' lang='lat' dir='ltr'><strong>dicitur</strong></span> <span class='ocrx_word' id='word_1_177' title='bbox 690 2204 884 2271; x_wconf 76' lang='lat' dir='ltr'><strong>recessisse.</strong></span> <span class='ocrx_word' id='word_1_178' title='bbox 1517 2189 1520 2234; x_wconf 64' lang='lat'><strong>&#39;³</strong></span> 
     </span>
    </p>

    <p class='ocr_par' dir='ltr' id='par_1_5' title="bbox 280 2299 1522 3178">
     <span class='ocr_line' id='line_1_22' title="bbox 354 2299 1416 2386; baseline -0.002 -18"><span class='ocrx_word' id='word_1_179' title='bbox 354 2300 527 2368; x_wconf 90' lang='lat' dir='ltr'><strong>Heinrious</strong></span> <span class='ocrx_word' id='word_1_180' title='bbox 555 2315 636 2368; x_wconf 92' lang='lat' dir='ltr'><strong>vero</strong></span> <span class='ocrx_word' id='word_1_181' title='bbox 661 2301 826 2384; x_wconf 82' lang='lat' dir='ltr'><strong>Juniorem</strong></span> <span class='ocrx_word' id='word_1_182' title='bbox 853 2300 969 2368; x_wconf 91' lang='lat' dir='ltr'><strong>ducem</strong></span> <span class='ocrx_word' id='word_1_183' title='bbox 987 2299 1122 2370; x_wconf 90' lang='lat' dir='ltr'><strong>Austrie</strong></span> <span class='ocrx_word' id='word_1_184' title='bbox 1144 2299 1236 2369; x_wconf 89' lang='lat' dir='ltr'><strong>dedit</strong></span> <span class='ocrx_word' id='word_1_185' title='bbox 1253 2302 1326 2386; x_wconf 90' lang='lat' dir='ltr'><strong>regi</strong></span> <span class='ocrx_word' id='word_1_186' title='bbox 1340 2299 1416 2367; x_wconf 92' lang='lat' dir='ltr'><strong>Bo-</strong></span> 
     </span>
     <span class='ocr_line' id='line_1_23' title="bbox 280 2397 1520 2490; baseline -0.002 -22"><span class='ocrx_word' id='word_1_187' title='bbox 280 2401 388 2468; x_wconf 91' lang='lat' dir='ltr'><strong>hemie</strong></span> <span class='ocrx_word' id='word_1_188' title='bbox 413 2417 473 2488; x_wconf 94' lang='lat' dir='ltr'><strong>pro</strong></span> <span class='ocrx_word' id='word_1_189' title='bbox 501 2416 635 2466; x_wconf 90' lang='lat' dir='ltr'><strong>munere</strong></span> <span class='ocrx_word' id='word_1_190' title='bbox 663 2397 832 2490; x_wconf 89' lang='lat' dir='ltr'><strong>donativo,</strong></span> <span class='ocrx_word' id='word_1_191' title='bbox 860 2417 957 2488; x_wconf 85' lang='lat' dir='ltr'><strong>quem</strong></span> <span class='ocrx_word' id='word_1_192' title='bbox 986 2419 1098 2468; x_wconf 85' lang='lat' dir='ltr'><strong>secum</strong></span> <span class='ocrx_word' id='word_1_193' title='bbox 1124 2398 1217 2467; x_wconf 90' lang='lat' dir='ltr'><strong>duxit</strong></span> <span class='ocrx_word' id='word_1_194' title='bbox 1243 2402 1276 2465; x_wconf 89' lang='lat' dir='ltr'><strong>in</strong></span> <span class='ocrx_word' id='word_1_195' title='bbox 1295 2398 1415 2466; x_wconf 88' lang='lat' dir='ltr'><strong>Bohe-</strong></span> <span class='ocrx_word' id='word_1_196' title='bbox 1519 2429 1520 2446; x_wconf 66' lang='lat'><em>÷</em></span> 
     </span>
     <span class='ocr_line' id='line_1_24' title="bbox 280 2497 1416 2585; baseline -0.005 -16"><span class='ocrx_word' id='word_1_197' title='bbox 280 2501 376 2570; x_wconf 83' lang='lat' dir='ltr'><strong>uriam</strong></span> <span class='ocrx_word' id='word_1_198' title='bbox 405 2497 555 2585; x_wconf 86' lang='lat' dir='ltr'><strong>diligenti</strong></span> <span class='ocrx_word' id='word_1_199' title='bbox 581 2497 733 2565; x_wconf 90' lang='lat' dir='ltr'><strong>custodia</strong></span> <span class='ocrx_word' id='word_1_200' title='bbox 760 2497 1016 2567; x_wconf 90' lang='lat' dir='ltr'><strong>observandum.</strong></span> <span class='ocrx_word' id='word_1_201' title='bbox 1043 2497 1111 2566; x_wconf 89' lang='lat' dir='ltr'><strong>Sed</strong></span> <span class='ocrx_word' id='word_1_202' title='bbox 1137 2515 1197 2566; x_wconf 91' lang='lat' dir='ltr'><strong>rex</strong></span> <span class='ocrx_word' id='word_1_203' title='bbox 1213 2497 1416 2566; x_wconf 76' lang='lat' dir='ltr'><strong>briderium</strong></span> 
     </span>
     <span class='ocr_line' id='line_1_25' title="bbox 280 2595 1416 2688; baseline -0.003 -21"><span class='ocrx_word' id='word_1_204' title='bbox 280 2596 397 2667; x_wconf 90' lang='lat' dir='ltr'><strong>ducam</strong></span> <span class='ocrx_word' id='word_1_205' title='bbox 423 2595 565 2687; x_wconf 80' lang='lat' dir='ltr'><strong>Austris,</strong></span> <span class='ocrx_word' id='word_1_206' title='bbox 592 2603 760 2665; x_wconf 92' lang='lat' dir='ltr'><strong>auctorem</strong></span> <span class='ocrx_word' id='word_1_207' title='bbox 791 2601 890 2667; x_wconf 90' lang='lat' dir='ltr'><strong>totius</strong></span> <span class='ocrx_word' id='word_1_208' title='bbox 916 2599 1001 2688; x_wconf 90' lang='lat' dir='ltr'><strong>litis,</strong></span> <span class='ocrx_word' id='word_1_209' title='bbox 1029 2615 1126 2685; x_wconf 88' lang='lat' dir='ltr'><strong>quem</strong></span> <span class='ocrx_word' id='word_1_210' title='bbox 1153 2597 1314 2665; x_wconf 87' lang='lat' dir='ltr'><strong>Dominus</strong></span> <span class='ocrx_word' id='word_1_211' title='bbox 1341 2602 1416 2664; x_wconf 88' lang='lat' dir='ltr'><strong>tra-</strong></span> 
     </span>
     <span class='ocr_line' id='line_1_26' title="bbox 280 2695 1522 2785; baseline 0.002 -19"><span class='ocrx_word' id='word_1_212' title='bbox 280 2696 363 2766; x_wconf 88' lang='lat' dir='ltr'><strong>didit</strong></span> <span class='ocrx_word' id='word_1_213' title='bbox 387 2697 420 2762; x_wconf 93' lang='lat' dir='ltr'><strong>in</strong></span> <span class='ocrx_word' id='word_1_214' title='bbox 448 2714 563 2764; x_wconf 86' lang='lat' dir='ltr'><strong>munus</strong></span> <span class='ocrx_word' id='word_1_215' title='bbox 590 2713 680 2785; x_wconf 84' lang='lat' dir='ltr'><strong>suaa,</strong></span> <span class='ocrx_word' id='word_1_216' title='bbox 708 2695 800 2763; x_wconf 91' lang='lat' dir='ltr'><strong>duxit</strong></span> <span class='ocrx_word' id='word_1_217' title='bbox 824 2699 858 2765; x_wconf 90' lang='lat' dir='ltr'><strong>in</strong></span> <span class='ocrx_word' id='word_1_218' title='bbox 884 2703 1027 2766; x_wconf 88' lang='lat' dir='ltr'><strong>castrum</strong></span> <span class='ocrx_word' id='word_1_219' title='bbox 1053 2695 1174 2764; x_wconf 86' lang='lat' dir='ltr'><strong>dictum</strong></span> <span class='ocrx_word' id='word_1_220' title='bbox 1192 2695 1417 2764; x_wconf 78' lang='lat' dir='ltr'><strong>l&#39;rausennibt</strong></span> <span class='ocrx_word' id='word_1_221' title='bbox 1521 2715 1522 2768; x_wconf 70' lang='lat' dir='ltr'><strong>t</strong></span> 
     </span>
     <span class='ocr_line' id='line_1_27' title="bbox 280 2792 1416 2883; baseline -0.002 -19"><span class='ocrx_word' id='word_1_222' title='bbox 280 2797 314 2864; x_wconf 91' lang='lat' dir='ltr'><strong>in</strong></span> <span class='ocrx_word' id='word_1_223' title='bbox 341 2797 539 2883; x_wconf 86' lang='lat' dir='ltr'><strong>captivitate,</strong></span> <span class='ocrx_word' id='word_1_224' title='bbox 563 2796 664 2878; x_wconf 88' lang='lat' dir='ltr'><strong>jussit</strong></span> <span class='ocrx_word' id='word_1_225' title='bbox 690 2812 764 2861; x_wconf 92' lang='lat' dir='ltr'><strong>eum</strong></span> <span class='ocrx_word' id='word_1_226' title='bbox 790 2796 1042 2882; x_wconf 88' lang='lat' dir='ltr'><strong>vigilantissime</strong></span> <span class='ocrx_word' id='word_1_227' title='bbox 1069 2794 1235 2863; x_wconf 89' lang='lat' dir='ltr'><strong>custodiri.</strong></span> <span class='ocrx_word' id='word_1_228' title='bbox 1271 2792 1336 2874; x_wconf 86' lang='lat' dir='ltr'><strong>Qui</strong></span> <span class='ocrx_word' id='word_1_229' title='bbox 1354 2811 1416 2862; x_wconf 89' lang='lat' dir='ltr'><strong>re·-</strong></span> 
     </span>
     <span class='ocr_line' id='line_1_28' title="bbox 281 2891 1522 2985; baseline -0.002 -23"><span class='ocrx_word' id='word_1_230' title='bbox 281 2895 402 2962; x_wconf 88' lang='lat' dir='ltr'><strong>mansit</strong></span> <span class='ocrx_word' id='word_1_231' title='bbox 427 2891 548 2960; x_wconf 91' lang='lat' dir='ltr'><strong>ibidem</strong></span> <span class='ocrx_word' id='word_1_232' title='bbox 570 2894 662 2976; x_wconf 87' lang='lat' dir='ltr'><strong>justo</strong></span> <span class='ocrx_word' id='word_1_233' title='bbox 688 2892 750 2960; x_wconf 89' lang='lat' dir='ltr'><strong>Dei</strong></span> <span class='ocrx_word' id='word_1_234' title='bbox 772 2893 897 2978; x_wconf 91' lang='lat' dir='ltr'><strong>judicio</strong></span> <span class='ocrx_word' id='word_1_235' title='bbox 923 2899 956 2962; x_wconf 89' lang='lat' dir='ltr'><strong>in</strong></span> <span class='ocrx_word' id='word_1_236' title='bbox 983 2895 1183 2985; x_wconf 77' lang='lat' dir='ltr'><strong>captivitate,</strong></span> <span class='ocrx_word' id='word_1_237' title='bbox 1210 2898 1322 2961; x_wconf 90' lang='lat' dir='ltr'><strong>tamen</strong></span> <span class='ocrx_word' id='word_1_238' title='bbox 1340 2895 1415 2962; x_wconf 88' lang='lat' dir='ltr'><strong>sine</strong></span> <span class='ocrx_word' id='word_1_239' title='bbox 1521 2911 1522 2970; x_wconf 70' lang='lat' dir='ltr'><strong>i</strong></span> 
     </span>
     <span class='ocr_line' id='line_1_29' title="bbox 280 2989 1415 3082; baseline -0.001 -21"><span class='ocrx_word' id='word_1_240' title='bbox 280 2990 413 3061; x_wconf 89' lang='lat' dir='ltr'><strong>vinculo</strong></span> <span class='ocrx_word' id='word_1_241' title='bbox 440 2995 473 3058; x_wconf 86' lang='lat' dir='ltr'><strong>et</strong></span> <span class='ocrx_word' id='word_1_242' title='bbox 499 2989 670 3081; x_wconf 87' lang='lat' dir='ltr'><strong>compede,</strong></span> <span class='ocrx_word' id='word_1_243' title='bbox 697 2992 800 3061; x_wconf 92' lang='lat' dir='ltr'><strong>tribus</strong></span> <span class='ocrx_word' id='word_1_244' title='bbox 827 2995 922 3062; x_wconf 89' lang='lat' dir='ltr'><strong>annis</strong></span> <span class='ocrx_word' id='word_1_245' title='bbox 950 3012 1022 3061; x_wconf 91' lang='lat' dir='ltr'><strong>cum</strong></span> <span class='ocrx_word' id='word_1_246' title='bbox 1044 2991 1166 3061; x_wconf 84' lang='lat' dir='ltr'><strong>tamilla</strong></span> <span class='ocrx_word' id='word_1_247' title='bbox 1187 3009 1249 3061; x_wconf 91' lang='lat' dir='ltr'><strong>sua</strong></span> <span class='ocrx_word' id='word_1_248' title='bbox 1269 2993 1415 3082; x_wconf 90' lang='lat' dir='ltr'><strong>propriis</strong></span> 
     </span>
     <span class='ocr_line' id='line_1_30' title="bbox 282 3088 681 3178; baseline -0.005 -20"><span class='ocrx_word' id='word_1_249' title='bbox 282 3091 315 3158; x_wconf 95' lang='lat' dir='ltr'><strong>in</strong></span> <span class='ocrx_word' id='word_1_250' title='bbox 341 3091 511 3178; x_wconf 79' lang='lat' dir='ltr'><strong>expensis</strong></span> <span class='ocrx_word' id='word_1_251' title='bbox 537 3088 681 3158; x_wconf 90' lang='lat' dir='ltr'><strong>Versus:</strong></span> 
     </span>
    </p>

    <p class='ocr_par' dir='ltr' id='par_1_6' title="bbox 281 3186 1415 3454">
     <span class='ocr_line' id='line_1_31' title="bbox 470 3186 1331 3272; baseline 0.001 -17"><span class='ocrx_word' id='word_1_252' title='bbox 470 3187 567 3256; x_wconf 78' lang='lat' dir='ltr'><strong>Ludit</strong></span> <span class='ocrx_word' id='word_1_253' title='bbox 589 3189 623 3256; x_wconf 85' lang='lat' dir='ltr'><strong>in</strong></span> <span class='ocrx_word' id='word_1_254' title='bbox 646 3186 797 3255; x_wconf 69' lang='lat' dir='ltr'><strong>temeror</strong></span> <span class='ocrx_word' id='word_1_255' title='bbox 821 3187 930 3255; x_wconf 71' lang='lat' dir='ltr'><strong>deero</strong></span> <span class='ocrx_word' id='word_1_256' title='bbox 950 3189 1100 3272; x_wconf 82' lang='lat' dir='ltr'><strong>potentio</strong></span> <span class='ocrx_word' id='word_1_257' title='bbox 1124 3186 1230 3256; x_wconf 75' lang='lat' dir='ltr'><strong>rebam.</strong></span> <span class='ocrx_word' id='word_1_258' title='bbox 1328 3189 1331 3196; x_wconf 75' lang='grc'>’</span> 
     </span>
     <span class='ocr_line' id='line_1_32' title="bbox 281 3285 1415 3375; baseline 0.001 -21"><span class='ocrx_word' id='word_1_259' title='bbox 281 3286 365 3355; x_wconf 91' lang='lat' dir='ltr'><strong>Nam</strong></span> <span class='ocrx_word' id='word_1_260' title='bbox 392 3292 508 3375; x_wconf 88' lang='lat' dir='ltr'><strong>captus</strong></span> <span class='ocrx_word' id='word_1_261' title='bbox 534 3288 668 3375; x_wconf 86' lang='lat' dir='ltr'><strong>estqui</strong></span> <span class='ocrx_word' id='word_1_262' title='bbox 693 3285 854 3356; x_wconf 92' lang='lat' dir='ltr'><strong>dominari</strong></span> <span class='ocrx_word' id='word_1_263' title='bbox 885 3286 991 3354; x_wconf 91' lang='lat' dir='ltr'><strong>voluit</strong></span> <span class='ocrx_word' id='word_1_264' title='bbox 1016 3286 1058 3354; x_wconf 89' lang='lat' dir='ltr'><strong>ab</strong></span> <span class='ocrx_word' id='word_1_265' title='bbox 1085 3288 1211 3356; x_wconf 89' lang='lat' dir='ltr'><strong>oriente</strong></span> <span class='ocrx_word' id='word_1_266' title='bbox 1236 3303 1345 3373; x_wconf 84' lang='lat' dir='ltr'><strong>usque</strong></span> <span class='ocrx_word' id='word_1_267' title='bbox 1372 3285 1415 3355; x_wconf 93' lang='lat' dir='ltr'><strong>ad</strong></span> 
     </span>
     <span class='ocr_line' id='line_1_33' title="bbox 283 3384 500 3454; baseline 0 0"><span class='ocrx_word' id='word_1_268' title='bbox 283 3384 500 3454; x_wconf 90' lang='lat' dir='ltr'><strong>occidentem.</strong></span> 
     </span>
    </p>

    <p class='ocr_par' dir='ltr' id='par_1_7' title="bbox 281 3482 1415 4265">
     <span class='ocr_line' id='line_1_34' title="bbox 356 3482 1414 3573; baseline -0.001 -20"><span class='ocrx_word' id='word_1_269' title='bbox 356 3484 456 3553; x_wconf 89' lang='lat' dir='ltr'><strong>Porro</strong></span> <span class='ocrx_word' id='word_1_270' title='bbox 481 3483 549 3554; x_wconf 93' lang='lat' dir='ltr'><strong>dux</strong></span> <span class='ocrx_word' id='word_1_271' title='bbox 572 3484 765 3573; x_wconf 90' lang='lat' dir='ltr'><strong>Leupoldus</strong></span> <span class='ocrx_word' id='word_1_272' title='bbox 789 3485 907 3553; x_wconf 93' lang='lat' dir='ltr'><strong>volens</strong></span> <span class='ocrx_word' id='word_1_273' title='bbox 931 3482 1083 3552; x_wconf 86' lang='lat' dir='ltr'><strong>iratribus</strong></span> <span class='ocrx_word' id='word_1_274' title='bbox 1110 3485 1180 3553; x_wconf 91' lang='lat' dir='ltr'><strong>suis</strong></span> <span class='ocrx_word' id='word_1_275' title='bbox 1198 3483 1283 3552; x_wconf 86' lang='lat' dir='ltr'><strong>terre</strong></span> <span class='ocrx_word' id='word_1_276' title='bbox 1302 3486 1414 3571; x_wconf 91' lang='lat' dir='ltr'><strong>presi-</strong></span> 
     </span>
     <span class='ocr_line' id='line_1_35' title="bbox 282 3582 1415 3672; baseline -0.003 -20"><span class='ocrx_word' id='word_1_277' title='bbox 282 3583 370 3652; x_wconf 96' lang='lat' dir='ltr'><strong>dium</strong></span> <span class='ocrx_word' id='word_1_278' title='bbox 404 3582 447 3651; x_wconf 91' lang='lat' dir='ltr'><strong>ad</strong></span> <span class='ocrx_word' id='word_1_279' title='bbox 473 3600 532 3652; x_wconf 90' lang='lat' dir='ltr'><strong>eos</strong></span> <span class='ocrx_word' id='word_1_280' title='bbox 560 3586 757 3672; x_wconf 90' lang='lat' dir='ltr'><strong>quantocius</strong></span> <span class='ocrx_word' id='word_1_281' title='bbox 790 3587 955 3671; x_wconf 87' lang='lat' dir='ltr'><strong>properat.</strong></span> <span class='ocrx_word' id='word_1_282' title='bbox 992 3583 1033 3650; x_wconf 91' lang='lat' dir='ltr'><strong>Et</strong></span> <span class='ocrx_word' id='word_1_283' title='bbox 1058 3601 1132 3650; x_wconf 92' lang='lat' dir='ltr'><strong>cum</strong></span> <span class='ocrx_word' id='word_1_284' title='bbox 1157 3601 1225 3652; x_wconf 93' lang='lat' dir='ltr'><strong>non</strong></span> <span class='ocrx_word' id='word_1_285' title='bbox 1251 3583 1368 3670; x_wconf 90' lang='lat' dir='ltr'><strong>procul</strong></span> <span class='ocrx_word' id='word_1_286' title='bbox 1395 3601 1415 3650; x_wconf 92' lang='lat' dir='ltr'><strong>a</strong></span> 
     </span>
     <span class='ocr_line' id='line_1_36' title="bbox 281 3679 1413 3770; baseline -0.002 -21"><span class='ocrx_word' id='word_1_287' title='bbox 281 3683 426 3751; x_wconf 88' lang='lat' dir='ltr'><strong>claustro</strong></span> <span class='ocrx_word' id='word_1_288' title='bbox 461 3683 644 3749; x_wconf 89' lang='lat' dir='ltr'><strong>Bawariam</strong></span> <span class='ocrx_word' id='word_1_289' title='bbox 675 3683 907 3770; x_wconf 88' lang='lat' dir='ltr'><strong>pertransiret,</strong></span> <span class='ocrx_word' id='word_1_290' title='bbox 941 3682 1045 3768; x_wconf 93' lang='lat' dir='ltr'><strong>prima</strong></span> <span class='ocrx_word' id='word_1_291' title='bbox 1070 3687 1169 3751; x_wconf 89' lang='lat' dir='ltr'><strong>nocte</strong></span> <span class='ocrx_word' id='word_1_292' title='bbox 1195 3684 1229 3750; x_wconf 97' lang='lat' dir='ltr'><strong>in</strong></span> <span class='ocrx_word' id='word_1_293' title='bbox 1253 3679 1413 3768; x_wconf 90' lang='lat' dir='ltr'><strong>Allingen</strong></span> 
     </span>
     <span class='ocr_line' id='line_1_37' title="bbox 282 3779 1413 3869; baseline -0.003 -20"><span class='ocrx_word' id='word_1_294' title='bbox 282 3781 385 3850; x_wconf 89' lang='lat' dir='ltr'><strong>lixere</strong></span> <span class='ocrx_word' id='word_1_295' title='bbox 419 3783 562 3850; x_wconf 89' lang='lat' dir='ltr'><strong>tentoria</strong></span> <span class='ocrx_word' id='word_1_296' title='bbox 592 3779 680 3868; x_wconf 91' lang='lat' dir='ltr'><strong>apud</strong></span> <span class='ocrx_word' id='word_1_297' title='bbox 711 3782 814 3868; x_wconf 91' lang='lat' dir='ltr'><strong>ripam</strong></span> <span class='ocrx_word' id='word_1_298' title='bbox 839 3779 999 3869; x_wconf 84' lang='lat' dir='ltr'><strong>lluminis,</strong></span> <span class='ocrx_word' id='word_1_299' title='bbox 1026 3780 1070 3847; x_wconf 93' lang='lat' dir='ltr'><strong>ibi</strong></span> <span class='ocrx_word' id='word_1_300' title='bbox 1097 3780 1304 3868; x_wconf 89' lang='lat' dir='ltr'><strong>cupientibus</strong></span> <span class='ocrx_word' id='word_1_301' title='bbox 1329 3798 1413 3868; x_wconf 91' lang='lat' dir='ltr'><strong>per-</strong></span> 
     </span>
     <span class='ocr_line' id='line_1_38' title="bbox 281 3879 1412 3968; baseline -0.002 -21"><span class='ocrx_word' id='word_1_302' title='bbox 281 3886 429 3948; x_wconf 87' lang='lat' dir='ltr'><strong>noctare.</strong></span> <span class='ocrx_word' id='word_1_303' title='bbox 460 3879 599 3948; x_wconf 84' lang='lat' dir='ltr'><strong>Etcum</strong></span> <span class='ocrx_word' id='word_1_304' title='bbox 624 3879 669 3947; x_wconf 93' lang='lat' dir='ltr'><strong>ibi</strong></span> <span class='ocrx_word' id='word_1_305' title='bbox 694 3884 892 3968; x_wconf 91' lang='lat' dir='ltr'><strong>pausarent,</strong></span> <span class='ocrx_word' id='word_1_306' title='bbox 920 3880 1024 3946; x_wconf 88' lang='lat' dir='ltr'><strong>nuntii</strong></span> <span class='ocrx_word' id='word_1_307' title='bbox 1049 3881 1134 3946; x_wconf 92' lang='lat' dir='ltr'><strong>inter</strong></span> <span class='ocrx_word' id='word_1_308' title='bbox 1160 3879 1273 3947; x_wconf 88' lang='lat' dir='ltr'><strong>ambas</strong></span> <span class='ocrx_word' id='word_1_309' title='bbox 1299 3885 1412 3946; x_wconf 91' lang='lat' dir='ltr'><strong>cater-</strong></span> 
     </span>
     <span class='ocr_line' id='line_1_39' title="bbox 281 3975 1412 4066; baseline 0 -22"><span class='ocrx_word' id='word_1_310' title='bbox 281 3997 342 4045; x_wconf 87' lang='lat' dir='ltr'><strong>vas</strong></span> <span class='ocrx_word' id='word_1_311' title='bbox 369 3977 560 4048; x_wconf 89' lang='lat' dir='ltr'><strong>laborantes</strong></span> <span class='ocrx_word' id='word_1_312' title='bbox 586 3979 748 4045; x_wconf 87' lang='lat' dir='ltr'><strong>instanter</strong></span> <span class='ocrx_word' id='word_1_313' title='bbox 774 3977 951 4044; x_wconf 91' lang='lat' dir='ltr'><strong>claustrum</strong></span> <span class='ocrx_word' id='word_1_314' title='bbox 971 3983 1117 4045; x_wconf 93' lang='lat' dir='ltr'><strong>nostrum</strong></span> <span class='ocrx_word' id='word_1_315' title='bbox 1139 3983 1310 4046; x_wconf 89' lang='lat' dir='ltr'><strong>accusant·</strong></span> <span class='ocrx_word' id='word_1_316' title='bbox 1324 3975 1412 4066; x_wconf 94' lang='lat' dir='ltr'><strong>apud</strong></span> 
     </span>
     <span class='ocr_line' id='line_1_40' title="bbox 282 4076 1411 4165; baseline 0.003 -24"><span class='ocrx_word' id='word_1_317' title='bbox 282 4078 473 4165; x_wconf 88' lang='lat' dir='ltr'><strong>principem,</strong></span> <span class='ocrx_word' id='word_1_318' title='bbox 497 4076 646 4145; x_wconf 89' lang='lat' dir='ltr'><strong>dicentes</strong></span> <span class='ocrx_word' id='word_1_319' title='bbox 672 4094 708 4145; x_wconf 89' lang='lat' dir='ltr'><strong>se</strong></span> <span class='ocrx_word' id='word_1_320' title='bbox 734 4076 895 4164; x_wconf 87' lang='lat' dir='ltr'><strong>spoliatos</strong></span> <span class='ocrx_word' id='word_1_321' title='bbox 915 4077 949 4143; x_wconf 92' lang='lat' dir='ltr'><strong>in</strong></span> <span class='ocrx_word' id='word_1_322' title='bbox 971 4076 1114 4145; x_wconf 90' lang='lat' dir='ltr'><strong>claustro</strong></span> <span class='ocrx_word' id='word_1_323' title='bbox 1138 4084 1171 4145; x_wconf 92' lang='lat' dir='ltr'><strong>et</strong></span> <span class='ocrx_word' id='word_1_324' title='bbox 1189 4094 1293 4165; x_wconf 90' lang='lat' dir='ltr'><strong>prope</strong></span> <span class='ocrx_word' id='word_1_325' title='bbox 1315 4076 1411 4144; x_wconf 91' lang='lat' dir='ltr'><strong>clau·-</strong></span> 
     </span>
     <span class='ocr_line' id='line_1_41' title="bbox 283 4175 1410 4265; baseline 0.001 -23"><span class='ocrx_word' id='word_1_326' title='bbox 283 4180 401 4265; x_wconf 88' lang='lat' dir='ltr'><strong>strum,</strong></span> <span class='ocrx_word' id='word_1_327' title='bbox 434 4175 510 4243; x_wconf 90' lang='lat' dir='ltr'><strong>ideo</strong></span> <span class='ocrx_word' id='word_1_328' title='bbox 545 4193 613 4243; x_wconf 92' lang='lat' dir='ltr'><strong>non</strong></span> <span class='ocrx_word' id='word_1_329' title='bbox 645 4177 795 4263; x_wconf 89' lang='lat' dir='ltr'><strong>potuisse</strong></span> <span class='ocrx_word' id='word_1_330' title='bbox 831 4193 891 4244; x_wconf 91' lang='lat' dir='ltr'><strong>eos</strong></span> <span class='ocrx_word' id='word_1_331' title='bbox 917 4175 1044 4243; x_wconf 88' lang='lat' dir='ltr'><strong>litteras</strong></span> <span class='ocrx_word' id='word_1_332' title='bbox 1071 4181 1149 4263; x_wconf 90' lang='lat' dir='ltr'><strong>apto</strong></span> <span class='ocrx_word' id='word_1_333' title='bbox 1176 4182 1324 4263; x_wconf 89' lang='lat' dir='ltr'><strong>tempore</strong></span> <span class='ocrx_word' id='word_1_334' title='bbox 1351 4193 1410 4243; x_wconf 92' lang='lat' dir='ltr'><strong>as-</strong></span> 
     </span>
    </p>
   </div>
   <div class='ocr_carea' id='block_1_3' title="bbox 0 0 1532 4878">
    <p class='ocr_par' dir='ltr' id='par_1_8' title="bbox 0 0 1532 4878">
     <span class='ocr_line' id='line_1_42' title="bbox 0 0 1532 4878; baseline 0 0"><span class='ocrx_word' id='word_1_335' title='bbox 0 0 1532 4878; x_wconf 95' lang='lat' dir='ltr'><strong> </strong></span> 
     </span>
    </p>
   </div>
  </div>
 </body>
</html>
